2700 4234
227 12 305 30 ae‘s

444 365 567 436 162
646 379 714 432 0·
748 386 1088 446 suns-om
1118 391 1367 447 remo.
1397 385 1491 433 mc
1519 377 1674 428 vrrA
1707 374 2072 423 cfflsffluu
2108 376 2247 422 Lus.
2273 375 2342 425 v,

451 533 580 616 quin
614 529 689 591 de
744 541 1199 604 condicionibus
1226 535 1490 594 continuo
1523 537 1830 605 tractaret,
1875 531 2044 588 etiam
2077 528 2150 588 de
2176 528 2476 610 Paetinae,

454 633 619 700 quam
650 617 797 678 olim
846 631 1165 700 exegerat,
1216 617 1401 692 deque
1429 611 1649 672 Lolliae
1691 612 1992 689 Paulinae,
2038 629 2187 691 quae
2216 611 2282 673 G.
2323 611 2470 674 Gae-

458 701 571 766 sari
612 711 795 780 nupta
838 705 1048 762 fuerat.
1100 703 1312 760 Verum
1353 695 1669 757 inlecebris
1709 695 2107 774 Agrippinae,
2142 696 2470 760 Germanici

458 786 653 851 fratris
702 786 789 842 sui
833 783 1026 858 filiae,
1073 799 1180 860 per
1213 781 1300 840 ius
1344 779 1531 840 osculi
1572 789 1630 839 et
1666 778 2064 840 blanditiarum
2118 783 2470 840 occasiones

462 868 747 952 pellectus
780 866 837 922 in
871 881 1157 940 amorem,
1208 863 1547 924 subornavit
1579 866 1847 943 proximo
1882 872 2082 923 senatu
2120 865 2215 941 qui
2263 882 2467 924 cense-
2490 891 2517 930 5

464 957 615 1024 rent,
650 947 977 1022 cogendum
1010 965 1075 1008 se
1107 947 1179 1007 ad
1219 947 1542 1007 ducendum
1582 964 1708 1007 eam
1749 963 2022 1024 uxorem,
2069 948 2232 1025 quasi
2276 950 2364 1008 rei
2408 967 2467 1028 p.

460 1031 699 1098 maxime
722 1031 1058 1109 interesset,
1084 1031 1443 1110 dandamque
1463 1032 1676 1090 ceteris
1701 1034 1926 1090 veniam
1951 1031 2146 1090 talium
2164 1033 2467 1108 coniugio-

458 1131 607 1189 rum,
634 1129 783 1191 quae
813 1113 883 1174 ad
914 1114 971 1174 id
995 1123 1221 1194 tempus
1250 1117 1472 1176 incesta
1501 1113 1879 1174 habebantur.
1912 1113 2004 1173 Ac
2026 1116 2126 1174 vix
2153 1132 2265 1175 uno
2291 1118 2466 1174 inter-

461 1197 648 1282 posito
709 1196 804 1256 die
859 1199 1118 1259 confecit
1169 1199 1427 1278 nuptias;
1476 1214 1592 1258 non
1641 1201 1895 1277 repertis
1940 1200 2035 1277 qui
2081 1208 2469 1276 sequerentur

462 1281 821 1359 exemplum,
854 1291 1108 1362 excepto
1141 1283 1410 1343 libertino
1458 1281 1734 1361 quodam,
1780 1291 1840 1341 et
1877 1282 2063 1353 altero
2102 1283 2462 1362 primipilari,
2486 1300 2536 1341 ιο

462 1367 618 1428 cuius
666 1367 989 1445 nuptiarum
1032 1367 1286 1428 officium
1317 1361 1378 1426 et
1421 1369 1550 1446 ipse
1596 1384 1721 1426 cum
1754 1365 2078 1445 Agrippina
2120 1365 2464 1426 celebravit.

377 1449 704 1514 27Liberos
749 1467 825 1510 ex
864 1449 1049 1510 tribus
1092 1450 1370 1514 uxoribus
1403 1451 1555 1512 tulit:
1613 1467 1688 1510 ex
1717 1449 2082 1527 Urgulanilla
2125 1448 2373 1509 Drusum
2405 1459 2468 1509 et

462 1532 788 1612 Claudiam,
835 1553 911 1595 ex
954 1535 1191 1596 Paetina
1231 1535 1573 1611 Antoniam,
1620 1552 1694 1592 ex
1729 1533 2040 1594 Messalina
2073 1533 2369 1594 Octaviam
2405 1543 2468 1594 et

460 1635 629 1698 quem
686 1620 871 1698 primo
915 1619 1343 1696 Germanicum,
1398 1635 1534 1679 mox
1577 1615 1960 1677 Britannicum
2011 1620 2464 1696 cognominavit.

457 1701 704 1763 Drusum
729 1703 1001 1784 Pompeis
1027 1704 1383 1783 impuberem
1407 1704 1611 1778 amisit,
1635 1704 1764 1782 piro
1798 1719 1904 1780 per
1929 1701 2112 1762 lusum
2137 1703 2193 1761 in
2217 1700 2537 1765 sublimetis

459 1789 672 1848 iactato
698 1796 755 1848 et
776 1787 929 1870 hiatu
955 1791 1075 1866 oris
1094 1797 1347 1868 excepto
1373 1786 1820 1864 strangulatum,
1848 1803 1972 1845 cum
1997 1787 2052 1845 ei
2075 1795 2206 1846 ante
2237 1803 2464 1866 paucos

462 1873 587 1933 dies
621 1873 793 1932 liliam
824 1873 1016 1932 Seiani
1044 1871 1470 1950 despondisset.
1527 1869 1654 1945 Quo
1685 1873 1869 1948 magis
1899 1873 2080 1930 miror
2107 1871 2319 1948 fuisse,
2365 1872 2464 1950 qui

463 1954 755 2015 traderent
785 1953 986 2014 fraude
1016 1973 1049 2016 a
1090 1957 1302 2016 seiano
1332 1963 1615 2017 necatum.
1671 1953 1964 2014 Claudiam
1998 1973 2073 2014 ex
2102 1953 2315 2014 liberto
2351 1972 2460 2014 suo

460 2039 677 2098 Botere
733 2047 1104 2118 conceptam,
1163 2040 1421 2117 quamvis
1464 2047 1594 2099 ante
1638 2041 1890 2118 quintum
1931 2056 2187 2099 mensem
2215 2038 2460 2120 ‘divortii

462 2131 646 2184 natam
679 2122 873 2201 alique
903 2132 1201 2203 coeptam,
1236 2123 1452 2203 exponi
1483 2131 1671 2183 tamen
1703 2122 1773 2184 ad
1801 2125 1996 2183 matris
2020 2125 2242 2205 ianuam
2273 2132 2332 2182 et
2359 2141 2460 2182 nu·
2480 2141 2530 2182 20

461 2207 589 2266 dam
640 2207 805 2266 iussit
842 2205 1013 2267 abici.
1098 2207 1407 2268 Antoniam
1451 2205 1571 2267 GN.
1621 2207 1900 2286 Pompeio
1945 2207 2187 2284 Magno,
2251 2206 2462 2266 deinde

460 2289 675 2351 Fausto
709 2290 965 2367 Sullae,'
988 2290 1362 2352 nobilissimis
1389 2291 1717 2368 iuvenibus,
1767 2291 2061 2352 Octaviam
2087 2291 2306 2351 Neroni
2344 2293 2460 2371 pri·

460 2375 637 2452 vigno
677 2393 782 2435 suo
816 2374 1162 2449 collocavit,
1210 2377 1407 2456 Silano
1453 2384 1584 2435 ante
1624 2374 1992 2454 desponsam.
2039 2374 2460 2452 Britannicum,

460 2460 739 2518 vicesimo
765 2460 991 2538 imperii
1019 2459 1111 2520 die
1139 2461 1311 2539 inque
1342 2459 1600 2520 secundo
1626 2459 1924 2519 consulatu
1949 2468 2136 2519 natum
2164 2458 2292 2536 sibi,
2325 2479 2458 2539 par-

462 2542 653 2602 vulum
686 2545 854 2602 etiam
886 2551 1023 2620 tum,
1054 2553 1113 2604 et
1134 2545 1301 2604 'militi
1334 2560 1444 2623 pro
1477 2544 1746 2603 contione
1777 2542 2038 2602 manibus
2068 2546 2186 2604 suis
2217 2553 2458 2622 gestans
2478 2564 2530 2606 2⁵

463 2634 521 2684 et
551 2623 711 2705 plebi
752 2644 859 2705 per
906 2630 1245 2706 spectacula
1280 2629 1504 2706 gremio
1540 2635 1648 2687 aut·
1677 2635 1808 2686 ante
1837 2646 1902 2687 se
1936 2627 2194 2687 retinens
2227 2628 2458 2687 assidue

464 2708 900 2772 commendabat
947 2710 1264 2790 faustisque
1312 2709 1593 2771 ominibus
1635 2709 1775 2770 cum
1816 2710 2251 2771 adclamantium
2290 2711 2460 2772 turba

461 2792 957 2870 prosequebatur.'
1009 2794 1060 2855 E
1110 2786 1680 2872 generis'Neronem
1731 2793 2062 2873 adoptavit,
2120 2795 2459 2874 Pompeium

461 2884 630 2954 atque
661 2877 914 2937 Silanum
949 2895 1064 2938 non
1092 2880 1386 2939 recusavit
1401 2877 1585 2938 modo
1604 2924 1620 2954 ,
1650 2878 1756 2938 sed
1785 2887 1843 2937 et
1872 2881 2176 2939 interemit.

372 2968 445 3023 28
583 2957 941 3023 Libertorum
976 2963 1289 3041 praecipue
1324 2963 1588 3041 suspexit
1613 2962 1863 3023 Posiden
1895 2961 2246 3042 spadonem,
2283 2981 2532 3044 quemso

460 3044 629 3104 etiam
668 3042 994 3105 Britannico
1050 3045 1335 3124 triumpho
1395 3047 1544 3104 inter
1583 3045 1858 3106 militares
1910 3048 2069 3106 viros
2107 3046 2271 3107 hasta
2312 3067 2461 3126 pura

459 3128 722 3198 donavit;
755 3147 865 3188 nec
892 3129 1077 3188 minus
1108 3129 1398 3207 Felicem,
1434 3145 1599 3208 quem
1633 3128 1969 3190 cohortibus
1999 3139 2056 3189 et
2083 3130 2191 3190 alis
2220 3133 2458 3209 provin-

462 3212 703 3290 ciaeque
749 3212 998 3274 Iudaeae
1040 3214 1432 3292 praeposuit,⁸
1472 3215 1634 3272 trium
1677 3214 2004 3289 reginarum
2047 3216 2340 3284 maritum;
2399 3225 2461 3276 et

458 3293 835 3373 Harpocran,
888 3298 978 3357 cui
1031 3297 1239 3357 lectica
1285 3314 1395 3376 per
1443 3296 1643 3358 urbem
1698 3296 1946 3357 vehendi
2000 3299 2460 3378 spectaculaque

461 3376 693 3454 publice
726 3379 932 3440 edendi
959 3383 1047 3440 ius
1078 3381 1302 3450 tribuit;
1334 3399 1404 3440 ac
1437 3399 1614 3460 super
1647 3381 1757 3441 hos
1787 3379 2087 3456 Polybium
2117 3382 2189 3441 ab
2227 3382 2458 3460 studiis,
2479 3405 2532 3446 35

460 3462 554 3537 qui
606 3479 787 3540 saepe
838 3465 991 3523 inter
1033 3462 1179 3523 duos
1225 3463 1498 3524 consules
1541 3463 1892 3533 ambulabat3
1945 3465 2051 3525 sed
2089 3474 2222 3525 ante
2259 3470 2459 3526 'omnis

455 3539 791 3603 Narcissum
829 3545 899 3605 ab
944 3547 1238 3624 epistulis,
1286 3555 1345 3606 et
1373 3547 1688 3607 Pallantem
1721 3565 1753 3609 a
1782 3549 2131 3625 rationibus,
2174 3566 2323 3628 quos
2355 3549 2457 3610 de·

458 3633 621 3683 creto
656 3644 885 3704 quoque
920 3638 1151 3688 senatus
1183 3646 1296 3688 non
1329 3633 1601 3710 praemiis
1640 3630 1812 3690 modo
1845 3633 2209 3710 ingentibuS,
2257 3633 2364 3693 sed
2397 3645 2460 3696 et
