2700 4234
476 239 601 302 212
647 250 707 300 c.
740 249 1041 298 sun'rom
1064 246 1321 308 TRANQ.
1348 247 1446 294 DE
1465 247 1635 294 vrrA
1659 246 2029 298 cfflsAnnu
2052 249 2192 296 mn.
2217 250 2339 299 vn.

420 429 457 488 7
546 399 557 406 ’
604 405 758 466 Dein
780 413 1065 482 vergente
1090 405 1203 464 iam
1225 402 1317 463 die
1340 403 1644 481 ingressus
1673 412 1956 482 senatum,
1983 405 2296 483 positaque
2319 405 2480 467 brevi

477 493 703 552 ratione
730 490 897 567 qnasi
920 497 1121 567 raptus
1144 487 1218 548 de
1246 487 1484 567 publico
1509 496 1568 547 et
1594 489 1899 566 suscipere
1921 491 2225 566 imperium
2255 491 2314 549 vi
2351 507 2478 551 coa-

480 583 607 636 ctus
638 583 1029 652 gesturusque
1066 574 1354 634 communi
1386 573 1636 634 omnium
1671 570 1947 650 arbitrio,
1988 572 2271 632 Palatium
2321 578 2479 652 petit.

479 659 570 719 Ac
594 675 773 737 super
798 666 1027 719 ceteras
1050 656 1458 735 gratulantium
1481 656 1946 735 adulantiumque
1969 655 2280 718 blanditias
2305 658 2376 719 ab
2399 661 2478 718 in-

481 745 612 804 fima
638 741 817 820 plebe
841 741 1173 821 appellatus
1196 740 1358 802 Nero
1373 786 1391 818 ,
1415 741 1631 802 nullum
1660 739 1930 801 indicium
1953 745 2284 802 recusantis
2305 742 2477 819 dedit,
2497 755 2521 794 ⁵

482 831 653 888 immo
673 872 690 902 ,
720 836 781 887 ut
812 825 1041 904 quidam
1081 825 1468 902 tradiderunt,
1511 828 1682 885 etiam
1716 824 2128 904 diplomatibus
2168 829 2478 906 primisque

482 909 749 991 epistulis
784 912 907 970 suis
929 910 1001 972 ad
1026 909 1307 988 quosdam
1333 911 1760 989 provinciarum
1784 909 2090 989 praesides
2111 909 2363 971 Neronis
2381 929 2475 972 co-

481 1011 733 1074 gnomen
760 995 990 1055 adiecit.
1036 992 1211 1054 Certe
1236 1002 1295 1053 et
1317 995 1600 1072 imag-ines
1617 1002 1951 1073 statuasque
1971 995 2096 1055 eius
2119 997 2326 1074 reponi
2350 1013 2475 1074 pas-

483 1097 583 1140 sus
615 1087 707 1140 est
730 1088 789 1139 et
819 1087 1237 1158 procuratores
1260 1085 1434 1157 atque
1465 1077 1710 1138 libertos
1741 1078 1812 1138 ad
1847 1078 2052 1140 eadem
2088 1079 2282 1141 officia
2311 1097 2476 1140 revo-

484 1165 657 1240 cavit,
680 1181 793 1224 nec
817 1164 1120 1242 quicquam
1146 1163 1307 1241 prius
1332 1179 1442 1240 pro
1466 1171 1760 1242 potestate
1775 1161 2122 1243 subscripsit
2137 1179 2303 1242 quam
2317 1166 2477 1243 quin·
2501 1175 2547 1217 1⁰

483 1249 715 1325 genties
738 1248 1069 1306 sestertium
1096 1245 1169 1306 ad
1194 1246 1590 1326 peragendam
1613 1246 1866 1308 Auream
1889 1247 2134 1308 domum.
2207 1259 2220 1272 ‘

601 1331 827 1391 Dicitur
860 1349 929 1391 ea
954 1340 1129 1391 nocte
1152 1349 1260 1410 per
1286 1334 1539 1410 quietem
1563 1331 1905 1410 pavefactus
1927 1334 2178 1410 gemitus
2205 1333 2481 1392 maximos

482 1414 774 1492 edidisse,
804 1423 1193 1496 repertusque
1219 1432 1252 1474 a
1284 1415 1764 1476 concursantibus
1801 1415 1955 1476 humi
1985 1425 2120 1476 ante
2156 1417 2368 1476 lectum
2404 1417 2480 1475 ia-

484 1517 659 1576 cens,
688 1517 795 1579 per
818 1501 1009 1560 omnia
1034 1499 1396 1579 piaculorum
1417 1517 1638 1578 genera
1659 1499 1864 1562 Manes
1887 1499 2137 1576 Galbae,
2172 1519 2205 1561 a
2242 1517 2360 1580 quo
2384 1500 2480 1561 de·

482 1584 701 1646 turbari
724 1583 1063 1664 expellique
1094 1603 1159 1644 se
1182 1584 1439 1661 viderat,
1478 1584 1794 1663 propitiare
1821 1594 2168 1663 temptasse;
2203 1583 2480 1664 postridie
2501 1594 2549 1634 1⁵

484 1687 719 1750 quoque
742 1671 800 1729 in
824 1668 1158 1746 augurando
1174 1677 1520 1748 tempestate
1535 1677 1664 1728 orta
1685 1669 1946 1746 graviter
1963 1669 2298 1790 prolapsum
2323 1668 2479 1729 iden-

482 1753 661 1814 tidem
684 1751 1181 1813 obmurmurasse:

705 1835 791 1896 Τί
811 1827 941 1915 γάρ
960 1856 1077 1915 μοι
1100 1829 1212 1898 καὶ
1233 1842 1516 1915 μακροῖς
1537 1825 1806 1908 αὐλοῖς·
1789 1879 1808 1911 ,

424 1937 463 1992 g
604 1919 723 1980 Sub
758 1919 911 1979 idem
946 1937 1089 1980 vero
1124 1929 1349 1999 tempus
1391 1919 1814 1981 Germaniciani
1848 1921 2141 1982 exercitus
2185 1923 2243 1980 in
2279 1919 2480 1981 Vitelli

483 2002 666 2064 verba
688 2005 959 2064 iurarunt.
1039 2002 1208 2077 Quod
1232 2013 1291 2063 ut
1314 2007 1620 2082 comperit,
1647 2013 1851 2065 auctor
1872 2006 2098 2064 senatui
2121 2004 2228 2064 fuit
2257 2006 2480 2064 mitten·
2500 2023 2551 2065 20
2646 2003 2648 2028 ⁵

484 2088 594 2149 dae
621 2087 956 2166 legationiS,
987 2104 1135 2166 quae
1160 2087 1404 2149 doceret
1427 2088 1678 2148 electum
1707 2091 1819 2148 iam
1841 2089 2200 2168 principem,
2227 2091 2482 2169 quietem

484 2182 545 2232 et
580 2171 951 2233 concordiam
978 2170 1277 2242 suaderet;
1326 2182 1386 2232 et
1408 2181 1596 2232 tamen
1623 2191 1730 2251 per
1759 2175 2140 2233 internuntios
2163 2193 2236 2234 ac
2259 2175 2482 2234 litteras

484 2265 817 2319 consortem
840 2257 1067 2336 imperii
1083 2273 1482 2336 generumque
1495 2275 1562 2317 se
1574 2255 1816 2318 Vitellio
1835 2256 2062 2335 optulit.
2095 2259 2314 2318 Verum
2332 2257 2483 2316 haud

483 2341 659 2403 dubio
686 2340 870 2417 bello,
896 2343 1123 2420 iamque
1148 2340 1392 2401 ducibus
1416 2351 1474 2400 et
1499 2341 1686 2420 copiis
1711 2359 1854 2420 quas
1866 2341 2139 2402 Vitellius
2166 2341 2480 2421 praemise-

481 2435 571 2486 rat
594 2425 1212 2504 appropinquantibus,
1240 2426 1481 2486 animum
1507 2425 1794 2504 fidemque
1821 2443 1964 2503 erga
1987 2443 2053 2484 se
2086 2426 2482 2506 praetoriano·
2501 2444 2555 2485 25

480 2527 604 2570 rum
632 2525 821 2588 paene
846 2510 1243 2569 internecione
1270 2509 1606 2587 amplissimi
1633 2509 1852 2570 ordinis
1879 2519 2160 2588 expertus
2183 2519 2292 2570 est.
2354 2509 2482 2570 Pla·

484 2601 685 2654 cuerat
712 2609 820 2672 per
852 2592 1187 2653 classiarios
1219 2610 1379 2653 arma
1411 2593 1712 2654 transferri
1741 2595 2071 2673 remittique
2097 2594 2344 2655 navibus
2361 2616 2375 2663 ;
2415 2612 2486 2654 ea

486 2695 615 2737 cum
638 2678 695 2736 in
728 2678 935 2738 castris
964 2676 1071 2737 sub
1094 2687 1326 2742 noctem
1341 2686 1762 2756 promerentur,
1786 2676 2025 2739 insidias
2051 2678 2281 2758 quidam
2294 2679 2484 2757 suspi-

486 2762 597 2823 cati
618 2761 917 2822 tumultum
944 2763 1376 2832 excitaverunt;
1405 2779 1476 2821 ac
1497 2771 1743 2840 repente
1760 2761 2134 2824 omnesnullo
2151 2771 2320 2823 certo
2332 2762 2487 2823 vduce

483 2848 543 2907 in
569 2844 847 2906 Palatium
884 2856 1263 2906 cucurrerunt
1304 2845 1543 2907 caedem
1561 2856 1800 2908 senatus
1821 2845 2174 2924 flagitantes,
2199 2847 2484 2926 repulsis·
2509 2869 2566 2911 eo

486 2947 597 3009 que
623 2929 997 3009 tribunorum,
1030 2933 1123 3009 qui
1147 2930 1408 2990 inhibere
1431 2931 1809 3009 temptabant,
1835 2931 2126 2992 nonnullis
2153 2940 2214 2991 et
2243 2933 2488 3009 occisis,

484 3016 571 3074 sic
593 3022 655 3074 ut
678 3023 842 3075 erant
872 3017 1116 3092 cruenti,
1140 3014 1370 3074 ubinam
1400 3016 1718 3093 imperator
1749 3025 1911 3076 esset
1939 3018 2327 3096 requirentes,
2350 3033 2490 3096 per·-

483 3107 763 3178 ruperunt
784 3100 843 3158 in
866 3100 1177 3160 triclinium
1200 3117 1419 3200 usque,
1434 3117 1547 3158 nec
1568 3101 1680 3160 nisi
1703 3102 1834 3161 viso
1859 3100 2226 3162 destiterunt.

613 3180 1063 3261 Expeditionem
1088 3193 1276 3244 autem
1298 3186 1530 3262 inpigre
1556 3193 1728 3264 atque
1755 3186 1926 3245 etiam
1959 3201 2366 3285 praepropere
2403 3185 2490 3244 in

486 3264 739 3342 choavit,
763 3267 921 3329 nulla
940 3287 1013 3328 ne
1038 3269 1388 3346 religio-num
1413 3267 1641 3348 quidem
1667 3285 1822 3346 cura,
1849 3269 1955 3329 sed
1980 3270 2222 3331 etmotis
2237 3268 2492 3330 necdum
2515 3289 2574 3332 35

484 3347 733 3408 conditis
761 3351 1069 3428 ancilibus,
1096 3352 1285 3431 (quod
1311 3354 1622 3430 antiquitus
1650 3353 1957 3414 infaustum
1980 3353 2258 3431 habetur)
2285 3363 2346 3413 et
2367 3353 2492 3428 die,

484 3447 599 3508 quo
618 3432 874 3493 cultores
891 3434 1059 3495 deum
1072 3435 1273 3496 Matris
1286 3437 1586 3497 lamentari
1599 3447 1657 3498 et
1676 3436 1960 3518 plangere
1975 3439 2289 3518 incipiunt3
2317 3454 2494 3517 prae-

481 3521 645 3573 terea
666 3514 1091 3579 adversissimis
1116 3521 1411 3600 auspiciis
1457 3520 1604 3582 Nam
1629 3531 1687 3582 et
1705 3523 1940 3584 victima
1961 3521 2079 3583 Diti
2120 3523 2271 3604 patri
2309 3537 2500 3582 caesa
