2700 4234
480 273 562 335 48
652 285 710 332 c.
740 284 1042 334 sumom
1065 282 1322 342 TRANQ.
1363 283 1458 330 DE
1481 282 1651 330 vrrA
1676 281 2047 330 cAEsAmm
2079 282 2218 330 ΜΒ.
2245 283 2320 330 11.

483 439 758 518 emptioni
787 438 1130 518 publicanos
1182 435 1448 512 videbat,
1495 435 1705 495 liberto
1738 453 1843 496 suo
1876 435 2123 511 addixit,
2166 443 2229 495 ut
2258 437 2494 514 relega-

484 535 598 585 tum
639 524 696 582 in
740 540 916 600 agros
959 539 1066 600 pro
1113 520 1300 580 libero
1348 537 1483 580 esse
1526 522 1761 578 sineret.
1845 518 2145 578 Decimam
2199 519 2495 596 legionem

485 609 878 668 contumacius
931 613 1234 684 parentem
1277 621 1406 662 cum
1462 604 1776 680 ignominia
1832 612 2011 663 totam
2053 602 2291 679 dimisit,
2357 605 2493 662 item

485 692 626 752 alias
673 690 1013 750 immodeste
1051 689 1385 748 missionem
1427 687 1791 766 postulantes
1825 690 1970 746 citra
2006 686 2306 747 commoda
2339 705 2491 747 eme-

481 778 720 836 ritorum
753 774 1136 852 praemiorum
1170 772 1592 834 exauctoravit.
1655 767 1980 847 Cohortes‚
2022 772 2072 829 si
2103 789 2251 850 quae
2284 773 2493 832 cessis·
2518 797 2545 834 s

483 867 613 919 sent
643 857 810 933 loco,
848 857 1164 917 decimatas
1194 854 1417 915 hordeo
1450 856 1629 933 pavit.
1694 852 2081 915 Centuriones
2114 857 2363 914 statione
2394 854 2494 914 de-

483 951 672 1018 serta,
706 941 900 1000 itidem
929 949 989 998 ut
1018 938 1443 1016 manipulares,
1491 937 1729 1016 capitali
1758 937 2260 998 animadversione
2292 940 2493 1016 puniit,

484 1043 591 1106 pro
643 1033 844 1084 cetero
897 1022 1242 1083 delictorum
1288 1039 1514 1099 genere
1557 1023 1733 1082 variis
1777 1023 2086 1099 ignominis
2134 1021 2377 1099 adfecit,
2436 1030 2499 1081 ut

459 1119 643 1170 stare
683 1126 792 1187 per
822 1116 1000 1168 totum
1033 1106 1184 1166 diem
1227 1105 1459 1165 iuberet
1486 1113 1619 1165 ante
1666 1107 2055 1184 praetorium,
2096 1105 2380 1165 interdum
2410 1115 2494 1166 tu-

483 1193 708 1252 nicatos
761 1191 1229 1268 discinctosque,
1283 1206 1704 1268 nonnumquam
1764 1206 1893 1250 cum
1934 1188 2345 1268 decempedis,
2394 1189 2491 1249 vel
2518 1211 2571 1252 ιο

399 1287 466 1340 25
485 1278 656 1336 etiam
695 1277 978 1354 cespitem
1023 1282 1345 1352 portantes.
1424 1271 1633 1351 Neque
1676 1282 1813 1352 post
1856 1272 2017 1334 bella
2064 1273 2256 1334 civilia
2300 1281 2396 1334 aut
2438 1274 2494 1331 in

486 1361 755 1419 contione
803 1367 898 1418 aut
935 1376 1042 1436 per
1075 1356 1323 1417 edictum
1357 1355 1509 1416 ullos
1540 1356 1781 1422 militum
1828 1356 2249 1418 commilitones
2292 1355 2493 1436 appel-

486 1442 670 1519 labat,
703 1441 809 1502 sed
837 1441 1068 1517 milites,
1103 1458 1170 1500 ac
1205 1459 1278 1499 ne
1310 1459 1342 1500 a
1374 1441 1509 1500 filiis
1539 1437 1769 1519 quidem
1803 1450 1898 1501 aut
1929 1443 2213 1520 privignis
2245 1443 2362 1500 suis
2393 1442 2493 1499 im-

486 1528 651 1606 perio
681 1525 958 1605 praeditis
992 1524 1162 1587 aliter
1193 1523 1482 1603 appellari
1513 1542 1721 1602 passus
1751 1533 1865 1601 est,
1900 1524 2254 1586 ambitiosius
2284 1523 2341 1583 id
2371 1525 2493 1584 exi-

455 1612 750 1686 'stimans,
789 1627 955 1689 quam
987 1617 1082 1668 aut
1112 1610 1258 1668 ratio
1290 1607 1552 1670 militaris
1588 1617 1684 1670 aut
1713 1618 2036 1687 temporum
2068 1611 2233 1688 quies
2264 1617 2359 1668 aut
2392 1625 2495 1667 sua
2516 1629 2566 1670 15

487 1694 801 1772 domusque
844 1711 982 1753 suae
1024 1693 1300 1753 maiestas
1330 1691 1673 1771 postularet.
1742 1692 2039 1754 Libertino
2076 1693 2289 1770 milite,
2324 1710 2491 1772 prae-

487 1786 745 1857 terquam
771 1776 990 1836 Romae
1022 1775 1418 1836 incendiorum
1450 1794 1623 1837 causa
1655 1786 1714 1836 et
1743 1778 1792 1836 si
1826 1776 2095 1838 tumultus
2128 1779 2184 1836 in
2215 1777 2492 1854 graviore

485 1878 711 1920 annona
738 1868 1123 1936 metueretur,
1172 1859 1262 1918 bis
1293 1878 1431 1920 usus
1463 1869 1583 1920 est.-
1632 1861 1817 1920 semel
1850 1860 1922 1922 ad
1952 1861 2302 1939 praesidium
2331 1859 2490 1920 colo·

485 1944 701 2003 niarum
756 1942 1049 2016 Illyricum
1107 1945 1591 2021 contingentium,
1652 1947 1860 2005 iterum
1918 1944 1987 2006 ad
2048 1943 2284 2004 tutelam
2326 1945 2491 2023 ripae

484 2026 672 2088 Rheni
709 2025 980 2096 fluminis;
1015 2045 1271 2106 eosque,
1305 2045 1513 2108 servos
1542 2027 1729 2088 adhuc
1760 2030 1899 2088 viris
1931 2028 2278 2107 feminisque
2309 2045 2484 2106 pecu·
2508 2045 2563 2085 20

485 2110 835 2170 niosioribus
883 2109 1129 2170 indictos
1174 2129 1243 2170 ac
1288 2114 1414 2171 sine
1460 2129 1619 2173 mora
1676 2114 2083 2188 manumissoS,
2145 2110 2249 2170 sub
2291 2113 2493 2189 priore

488 2194 705 2255 vexillo
738 2193 954 2271 habuit,
987 2212 1178 2273 neque
1212 2204 1306 2255 aut
1337 2198 1679 2256 commixtos
1705 2213 1832 2255 cum
1864 2194 2133 2273 ingenuis
2164 2203 2260 2254 aut
2286 2193 2495 2254 eodem

485 2278 654 2339 modo
699 2286 965 2338 armatos

611 2361 776 2423 Dona
829 2362 1124 2438 militaria,
1182 2362 1475 2441 aliquanto
1528 2363 1755 2424 facilius
1803 2363 2075 2443 phaleras
2132 2370 2192 2422 et
2231 2369 2490 2441 torques,

488 2445 758 2526 quicquid
793 2462 932 2505 auro
968 2455 1328 2525 argentoque
1362 2454 1684 2525 constaret,
1720 2465 1888 2527 quam
1918 2445 2176 2508 vallares
2203 2463 2273 2507 ac
2306 2462 2489 2504 mura·
2512 2466 2567 2506 25

485 2531 575 2589 les
621 2545 899 2605 coronaS,
944 2547 1091 2608 quae
1135 2529 1357 2589 honore
1400 2531 1863 2609 praecellerent,
1925 2530 2127 2600 dabat;
2172 2528 2277 2589 has
2326 2546 2493 2608 quam

486 2614 826 2691 parcissime
860 2621 918 2671 et
953 2614 1077 2672 sine
1115 2613 1423 2674 ambitione
1460 2633 1528 2674 ac
1558 2632 1740 2692 saepe
1773 2617 1945 2674 etiam
1976 2614 2242 2691 caligatis
2272 2609 2491 2672 tribuit.

483 2695 560 2757 M.
592 2695 920 2775 Agrippam
947 2697 1005 2756 in
1039 2696 1235 2758 Sicilia
1268 2705 1405 2775 post
1444 2697 1710 2758 navalem
1741 2698 2042 2758 victoriam
2075 2694 2353 2756 caeruleo
2390 2714 2491 2755 ve-

485 2780 628 2840 xillo
655 2779 908 2840 donavit.
971 2780 1148 2841 Solos
1179 2780 1581 2859 triumphales,
1618 2799 1957 2862 quamquam
1988 2789 2049 2840 et
2078 2781 2276 2840 socios
2310 2797 2491 2858 expe-

486 2864 759 2924 ditionum
803 2873 862 2924 et
906 2865 1227 2944 participes
1270 2865 1640 2926 victoriarum
1683 2884 1943 2943 suarum,
1984 2882 2286 2944 numquam
2320 2863 2487 2923 donis
2510 2884 2565 2925 30

485 2946 900 3026 impertiendos
946 2950 1196 3027 putavit,
1243 2949 1399 3026 quod
1440 2950 1551 3027 ipsi
1604 2967 1835 3029 quoque
1876 2951 1965 3010 ius
2004 2948 2341 3010 habuissent
2388 2948 2487 3006 tri-

484 3031 694 3091 buendi
739 3050 810 3092 ea
860 3031 1064 3111 quibus
1104 3032 1343 3091 vellent.
1416 3031 1573 3093 Nihil
1605 3040 1795 3094 autem
1825 3035 2009 3094 minus
2048 3032 2317 3113 perfecto
2353 3030 2490 3091 duci

484 3133 650 3193 quam
691 3116 1116 3176 festinationem
1162 3118 1661 3197 temeritatemque
1715 3119 2029 3178 convenire
2080 3114 2486 3178 arbitrabatur.

486 3198 712 3258 Crebro
750 3202 943 3280 itaque
987 3199 1084 3260 illa
1112 3197 1392 3260 iactabat:
1434 3196 1707 3262 Σπεῦδε
1754 3197 2086 3281 βραδέωςέ
2157 3186 2491 3278 Ἀσφαλὴς

481 3273 608 3359 γάρ
643 3271 779 3342 ἐστ’
815 3283 1109 3362 αμείνων
1136 3269 1178 3362 ἢ
1208 3272 1474 3363 θρασὺς
1504 3279 1974 3365 στρατηλάτης.
2032 3284 2141 3360 Et,
2182 3282 2303 3343 Sat
2329 3282 2483 3344 cele·
2508 3299 2561 3342 35

482 3363 638 3424 riter
681 3365 826 3442 fieri
867 3367 1166 3449 quidquid
1201 3368 1319 3445 fiat
1356 3368 1517 3429 satis
1562 3368 1732 3429 bene.
1792 3368 2082 3430 Proelium
2124 3367 2352 3446 quidem
2396 3375 2493 3427 aut

485 3446 697 3508 bellum
741 3450 1170 3530 suscipiendum
1217 3453 1447 3512 omnino
1487 3452 1772 3530 negabat,
1813 3455 1921 3513 nisi
1954 3471 2081 3513 cum
2108 3451 2291 3511 maior
2331 3466 2488 3508 emo-

485 3530 718 3592 lumenti
759 3552 898 3614 spes
943 3552 1108 3612 quam
1143 3536 1328 3596 damni
1366 3545 1550 3596 metus
1582 3536 2010 3598 ostenderetur.
2072 3533 2219 3596 Nam
2260 3535 2489 3594 minima
2534 3593 2547 3598 -
