2700 4234
449 287 570 351 142
629 300 689 349 C.
723 299 1024 349 SUETONI
1054 298 1310 358 TRANQ.
1342 299 1438 345 DE
1467 298 1633 346 VITA
1666 297 2035 347 CAESARUM
2067 299 2206 349 LIB.
2233 302 2374 350 1111.·

448 457 728 519 amatorio
764 454 993 535 quidem
1041 453 1492 530 medicamento,
1543 453 1648 515 sed
1679 453 1831 532 quod
1871 455 1929 514 in
1967 454 2222 515 furorem
2256 465 2462 516 verte-

448 543 541 602 rit.
627 538 979 600 Incitabatur
1019 538 1299 609 insomnia
1335 539 1611 608 maxime;
1654 555 1843 616 neque
1885 539 2034 598 enim
2089 538 2220 617 plus
2280 557 2459 618 quam

449 624 631 685 tribus
660 624 956 685 nocturnis
1003 621 1164 681 boris
1194 620 1568 699 quiescebat,
1613 639 1685 683 ac
1727 640 1800 681 ne
1836 623 1906 681 iis
1958 622 2187 701 quidem
2219 621 2458 701 placida

448 711 675 788 quiete,
719 707 822 767 sed
855 704 1063 784 pavida
1091 705 1251 764 miris
1289 723 1482 765 rerum
1510 703 1881 783 imaginibus,
1933 715 1994 766 ut
2042 706 2140 785 qui
2168 707 2322 766 inter
2353 725 2454 767 ce·
2646 743 2647 746 =

446 801 604 854 teras
648 790 845 871 pelagi
876 787 1162 866 quondam
1204 790 1466 866 speciem
1507 789 1952 867 conloquentem
2001 807 2200 850 secum
2247 789 2476 868 videre·
2499 807 2532 846 5
2646 787 2647 828 l

446 877 605 937 visus
639 874 731 934 sit.
817 871 1079 950 Ideoque
1128 889 1335 950 magna
1381 881 1546 949 parte
1591 873 1780 932 noctis
1817 872 2054 949 vigiliae
2085 872 2454 952 cubandique

444 959 637 1020 taedio
666 974 820 1018 nunc
848 965 977 1017 toro
1004 955 1299 1032 residens,
1340 973 1493 1014 nunc
1523 974 1629 1034 per
1657 956 2031 1033 longissimas
2061 958 2324 1035 porticus
2352 975 2453 1016 va-

444 1061 555 1121 gus
584 1043 859 1102 invocare
890 1038 1196 1101 identidem
1230 1049 1406 1118 atque
1438 1047 1756 1116 expectare
1789 1039 1978 1100 lucem
2009 1049 2338 1101 consuerat.

362 1130 428 1183 51
564 1123 697 1186 Non
726 1125 989 1184 inmerito
1016 1123 1226 1183 mentis
1254 1121 1550 1182 valitudini
1580 1123 1933 1183 attribuerim
1963 1124 2354 1184 diversissima
2394 1125 2452 1183 in

446 1209 654 1272 eodem
686 1208 851 1284 vitia,
888 1223 1159 1266 summam
1190 1204 1592 1266 confidentiam
1633 1215 1692 1266 et
1726 1216 1928 1268 contra
1958 1208 2187 1267 nimium
2215 1216 2449 1267 metum.
2471 1229 2530 1270 10

444 1293 589 1355 Nam
622 1293 717 1369 qui
754 1290 900 1351 deos
936 1299 1093 1350 tanto
1125 1306 1310 1368 opere
1353 1298 1782 1368 contemneret,
1831 1289 1904 1352 ad
1944 1293 2168 1351 minima
2199 1291 2452 1352 tonitrua

446 1386 506 1437 et
533 1375 765 1453 fulgura
802 1375 1115 1450 conivere,
1164 1382 1337 1452 caput
1384 1371 1736 1451 obvolvere,
1781 1384 1838 1435 at
1881 1392 2024 1435 vero
2062 1377 2284 1434 maiore
2314 1390 2450 1452 pro-

434 1461 643 1539 ripere
684 1476 751 1517 se
780 1476 813 1517 e
842 1461 1023 1518 strato
1059 1456 1165 1517 sub
1210 1457 1542 1535 lectumque
1575 1457 1831 1519 condere
1863 1457 2112 1520 solebat.
2177 1457 2452 1534 Peregri-

445 1543 680 1604 natione
722 1540 952 1620 quidem
992 1541 1282 1601 Siciliensi
1322 1541 1505 1602 irrisis
1547 1541 1780 1602 multum
1825 1541 2090 1603 locorum
2135 1540 2452 1617 miraculis,

444 1635 691 1706 repente
732 1644 765 1686 a
807 1625 1076 1688 Messana
1115 1634 1289 1686 noctu
1324 1625 1583 1704 profugit
1611 1624 1862 1685 Aetnaei
1909 1625 2148 1686 verticis
2189 1625 2348 1685 fumo
2379 1641 2455 1684 ac
2475 1647 2530 1687 ιι

445 1728 730 1772 murmure
760 1709 1119 1788 pavefactus.
1206 1708 1509 1769 Adversus
1549 1708 1834 1770 barbaros
1869 1726 2103 1789 quoque
2130 1709 2452 1768 minacissi-

444 1813 603 1872 mus,
664 1812 790 1854 cum
836 1802 991 1853 trans
1022 1793 1286 1853 Rhenum
1329 1779 1491 1852 inte?
1509 1793 1807 1870 angustias
1840 1792 2196 1871 densumque
2238 1810 2456 1870 agmen

446 1881 558 1938 iter
592 1876 805 1937 essedo
847 1876 1102 1954 faceret,
1169 1877 1398 1937 dicente
1451 1877 1698 1955 quodam
1747 1895 1864 1938 non
1914 1877 2269 1936 mediocrem
2319 1876 2452 1935 fore

446 1961 972 2021 consternationem
1015 1961 1255 2048 sicunde
1295 1959 1482 2020 hostis
1519 1970 1828 2040 appareat,
1869 1978 2077 2040 equum
2125 1959 2261 2020 ilico
2305 1975 2450 2019 'con-

445 2042 671 2106 scendit
700 2060 771 2104 ao
812 2059 1068 2122 propere
1098 2061 1372 2105 reversus
1405 2043 1478 2104 ad
1521 2054 1760 2123 pontes,
1804 2053 1865 2105 ut
1913 2063 2019 2106 eos
2053 2042 2354 2125 calonibus
2392 2051 2455 2102 et
2472 2061 2532 2102 πο

446 2127 869 2208 impedimentis
908 2129 1155 2207 stipatos
1194 2130 1488 2207 repperit,
1533 2130 1836 2208 impatiens
1880 2146 2080 2189 morae
2113 2145 2220 2206 per
2247 2145 2455 2186 manus

445 2232 517 2274 ac
548 2230 727 2291 super
760 2213 951 2290 capita
989 2211 1275 2273 hominum
1318 2212 1629 2273 translatus
1672 2222 1780 2273 est.
1866 2213 2006 2275 Mox
2045 2215 2215 2272 etiam
2257 2210 2457 2271 audita

446 2296 780 2358 rebellione·
818 2295 1185 2372 Germaniae,
1227 2296 1424 2372 fugam
1461 2304 1520 2354 et
1563 2295 1816 2356 subsidia
1855 2296 2032 2374 fugae
2074 2295 2300 2355 classes
2347 2313 2454 2373 ap-

447 2378 717 2460 parabat,
754 2398 865 2441 uno
918 2378 1129 2440 solatio
1182 2378 1598 2458 adquiescens,
1667 2382 2072 2440 transmarinas
2124 2387 2285 2439 certe
2337 2378 2457 2437 sibi

448 2464 846 2542 superfuturas
876 2463 1241 2539 provincias,
1286 2463 1335 2522 si
1365 2463 1621 2523 victores
1649 2462 1884 2542 Alpium
1915 2465 2080 2541 iuga,
2122 2471 2182 2522 ut
2207 2460 2536 2539 Cimbri,25

446 2546 545 2606 vel
585 2544 755 2606 etiam
800 2544 1034 2622 urbem,
1082 2555 1143 2606 ut
1184 2547 1452 2606 Senones
1505 2546 1823 2625 quondam,
1863 2555 2244 2625 occuparent;
2297 2545 2456 2606 unde

449 2627 627 2690 credo
686 2627 1134 2707 percussoribus
1191 2631 1318 2690 eius
1379 2638 1590 2709 postea
1650 2632 1952 2692 consilium
2002 2639 2225 2707 natum,
2295 2630 2458 2708 apud

444 2712 849 2774 tumultuantes
888 2711 1101 2773 milites
1138 2713 1513 2791 ementiendi,
1557 2716 1746 2794 ipsum
1791 2713 1901 2775 sibi
1945 2733 2141 2775 manus
2181 2713 2458 2774 intulisse

444 2796 643 2857 nuntio
670 2796 858 2872 malae
890 2814 1121 2875 pugnae
1153 2799 1541 2878 perterritum.

364 2891 432 2946 52
574 2881 804 2942 Vestitu
840 2879 1201 2961 calciatuque
1234 2889 1294 2941 et
1328 2891 1529 2942 cetero
1567 2882 1762 2942 habitu
1807 2900 1996 2961 neque
2037 2882 2222 2959 patrio
2254 2898 2456 2960 neque
2479 2892 2541 2934 80

448 2964 637 3040 civili,
695 2981 767 3026 ac
810 2982 885 3023 ne
916 2964 1066 3024 virili
1100 2965 1329 3044 quidem
1359 2983 1431 3024 ac
1463 2965 1710 3044 denique
1754 2964 1999 3026 humano
2041 2982 2276 3042 semper
2309 2983 2458 3026 usus

446 3058 555 3110 est.
643 3050 837 3126 Saepe
866 3046 1130 3126 depictas
1166 3056 1600 3128 gemmatasque
1630 3047 1858 3109 indutus
1900 3047 2215 3128 paenulaS,
2252 3065 2457 3108 manu-

443 3134 633 3195 leatus
662 3141 723 3194 et
752 3130 1065 3193 armillatus
1094 3134 1151 3193 in
1182 3129 1476 3212 publicum
1508 3133 1824 3212 processit;
1883 3131 2192 3210 aliquando
2229 3132 2458 3192 serica·

443 3226 537 3277 tus
569 3224 629 3276 et
660 3214 1023 3292 cycladatus;
1080 3235 1150 3277 ac
1188 3215 1363 3276 modo
1393 3218 1450 3276 in
1491 3215 1746 3295 crepidis
1773 3215 1871 3276 vel
1905 3215 2228 3293 cothurnis,
2271 3216 2457 3276 modo

443 3302 502 3361 in
545 3299 945 3380 „speculatoria
997 3300 1221 3376 caliga,
1266 3317 1685 3380 nonnumquam
1737 3317 1923 3360 socco
1977 3298 2274 3369 muliebri;
2322 3301 2458 3379 ple·
2479 3318 2546 3360 as

442 3401 684 3462 rumque
728 3399 873 3443 vero
915 3401 1089 3445 aurea
1136 3383 1347 3463 barba,
1388 3384 1604 3445 fulmen
1646 3394 1852 3445 tenens
1895 3393 1991 3444 aut
2026 3383 2311 3444 fuscinam
2355 3393 2462 3445 aut

448 3467 762 3528 caduceum
794 3465 1030 3527 deorum
1072 3468 1350 3545 insignia3
1405 3478 1577 3548 atque
1607 3470 1778 3530 etiam
1811 3469 2064 3529 Veneris
2107 3467 2267 3527 cultu
2311 3485 2459 3528 con-

446 3559 684 3630 spectus
722 3557 832 3609 est.
920 3549 1343 3618 Triumphalem
1389 3552 1616 3618 auidem
1662 3561 1922 3614 ornatum
1963 3553 2134 3612 etiam
2178 3561 2316 3613 ante
2351 3571 2462 3612 ex-

2625 4055 2648 4194 *Qn
