2700 4234
484 251 601 314 184
659 263 717 311 c.
745 263 1044 314 sun-‘rom
1076 263 1333 324 Tamo.
1360 264 1456 310 m:
1486 264 1654 312 vrrs
1685 263 2051 312 cfflsAmm
2081 264 2221 312 Lm.
2247 266 2342 314 VI.

476 417 751 497 silvisque
781 418 973 493 varia,
1009 435 1136 478 cum
1181 417 1537 478 multitudine
1577 418 1760 478 omnis
1801 417 2038 494 generis
2078 417 2364 497 pecudum
2406 437 2480 480 ac

473 499 899 562 ferarum.1n
930 501 1143 560 ceteris
1174 499 1436 578 partibus
1466 510 1672 562 cuncta
1704 517 1843 560 auro
1867 501 1990 578 lita,
2022 499 2289 562 distincta
2315 521 2477 579 gem-

474 587 581 646 inis
615 587 999 664 unionumque
1046 583 1283 644 conchis
1322 593 1512 654 erant;
1559 571 1928 644 caen'ationes
1966 547 2273 663 laqueatae
2313 585 2474 646 tabu-

476 670 547 729 IIs
577 668 849 728 eburneis
879 667 1269 744 versatilibus,
1300 677 1363 727 ut
1393 667 1591 745 flores,
1623 667 1921 745 fistulatis,
1956 676 2018 727 ut
2051 678 2344 745 unguenta
2373 669 2474 728 de-

476 770 652 831 super
700 761 1146 831 spat-gerentum
1203 753 1519 831 praecipua
1571 753 1964 812 caenationum
2007 750 2281 830 rotunda,
2325 770 2520 832 quaes

476 845 762 914 perpetuo
790 835 994 895 diebus
1021 853 1091 896 ac
1122 835 1393 895 noctibus
1425 837 1555 895 vice
1584 834 1774 895 mundi
1805 837 2328 912 circumageretur;
2374 834 2472 896 ba—

476 921 663 980 lineae
692 919 924 980 marinis
957 928 1015 979 et
1056 917 1265 978 albulis
1308 919 1554 980 fluentes
1594 919 1776 997 aquis.
1865 917 2006 978 Eius
2050 918 2204 978 modi
2247 917 2474 978 domum

476 1021 601 1063 cum
628 995 947 1064 absolutam
976 1001 1291 1079 dedicaret,
1320 1001 1600 1062 hactenus
1635 1000 2068 1081 comprobavit,
2113 1010 2174 1061 ut
2207 1019 2275 1061 se
2318 1003 2471 1062 dice-

473 1096 566 1147 ret
596 1087 782 1166 quasi
806 1085 1107 1148 hominem
1134 1047 1379 1146 tand’em
1408 1084 1698 1146 habitare
1726 1087 2025 1164 coepisse.

592 1170 903 1231 Praeterea
933 1169 1239 1230 inchoabat
1268 1171 1549 1249 piscinam
1595 1187 1627 1229 a
1670 1169 1894 1230 Miseno
1941 1169 2011 1228 ad
2053 1169 2362 1229 Avernum
2386 1169 2469 1230 la·
2493 1187 2548 1228 ιο

474 1273 620 1332 cum,
660 1263 986 1315 contectam
1018 1253 1450 1332 porticibusque
1485 1252 1846 1329 conclusam,
1883 1271 1995 1332 quo
2032 1253 2301 1331 quidquid
2332 1254 2474 1312 totis

470 1336 605 1397 Bais
656 1337 965 1398 calidarum
1026 1355 1299 1415 aquarum
1371 1347 1531 1396 esset
1597 1345 2062 1406 converteretur;
2120 1337 2338 1397 fossam
2397 1336 2471 1396 ab

470 1422 710 1492 Averno
743 1419 963 1482 Ostiam
992 1438 1199 1498 usque,
1230 1429 1291 1480 ut
1320 1420 1564 1481 navibus
1593 1438 1705 1480 nec
1735 1429 1924 1480 tamen
1952 1421 2093 1480 mari
2113 1422 2313 1496 iretur,
2342 1420 2471 1480 lon-

472 1502 741 1581 gitudinis
776 1522 882 1582 per
912 1513 1137 1565 centum
1171 1507 1474 1582 sexaginta
1504 1505 1679 1580 milia,
1715 1504 2054 1580 latitudinis,
2101 1521 2209 1581 qua
2243 1511 2472 1563 contra-

470 1590 593 1649 riae
626 1590 1068 1667 quinqueremes
1098 1597 1502 1649 commearent.
1591 1587 1845 1663 Quorum
1888 1605 2128 1667 operum
2160 1588 2472 1665 perficien-
2497 1598 2553 1639 1⁵

472 1671 671 1732 dorum
708 1674 896 1750 gratia
927 1670 1080 1751 quod
1107 1672 1319 1752 ubique
1365 1679 1524 1732 esset
1565 1670 1860 1731 custodiae
1907 1674 1962 1730 in
1990 1671 2210 1730 Italiam
2250 1671 2472 1751 depor-

472 1756 601 1832 tari,
637 1758 807 1818 etiam
842 1756 1071 1816 scelere
1103 1757 1409 1816 convictos
1436 1755 1662 1814 nonnisi
1704 1753 1776 1814 ad
1824 1773 1972 1834 opus
2013 1754 2262 1815 damnari
2300 1772 2475 1833 prae-

474 1849 734 1917 ceperat,

597 1922 688 1981 Ad
719 1923 869 1982 hunc
893 1923 1306 2000 impendiorum
1331 1923 1607 1998 furorem,
1627 1940 1804 2000 super
1829 1921 2092 1982 fiduciam
2115 1921 2362 2000 imperii,
2385 1931 2472 1980 et-

470 2009 582 2067 iam
608 2024 713 2084 spe
744 2005 985 2084 quadam
1016 2007 1317 2085 repentina
1343 2006 1742 2065 immensarum
1769 2014 1826 2064 et
1850 2003 2272 2064 reconditarum
2293 2021 2473 2082 opum
2492 2019 2550 2060 20

474 2087 747 2168 impulsus
806 2098 897 2149 est
953 2107 1028 2149 ex
1064 2089 1273 2150 indicio
1316 2091 1526 2168 equitis
1575 2088 1656 2149 R.x
1687 2106 1794 2166 pro
1840 2097 2142 2167 comperto
2182 2087 2471 2166 pollicen-

470 2175 565 2249 tia-3,
599 2171 907 2233 thesauros
938 2175 1362 2252 antiquissimae
1393 2190 1597 2250 gazae,
1625 2190 1770 2251 quos
1799 2171 1948 2231 Dido
1992 2171 2193 2250 regina
2234 2171 2474 2248 fugiens

472 2257 627 2332 Tyro
666 2274 863 2316 secum
906 2258 1231 2335 extulisset,
1272 2275 1405 2318 esse
1449 2259 1504 2315 in
1550 2255 1750 2316 Africa
1793 2255 2130 2314 vastissimis
2175 2253 2473 2332 specubus

382 2352 452 2406 32
478 2340 723 2417 abditOS,
758 2359 827 2400 ac
859 2358 1035 2420 posse
1077 2343 1198 2401 erui
1234 2341 1472 2420 parvula
1507 2339 1860 2399 molientium
1889 2355 2088 2416 opera.
2150 2339 2366 2398 Verum
2405 2348 2472 2397 ut

472 2443 611 2504 spes
643 2423 873 2501 fefellit,
908 2423 1244 2501 destitutus,
1280 2433 1450 2503 atque
1483 2425 1557 2482 ita
1591 2424 1700 2482 iam
1732 2422 2042 2482 exhaustus
2085 2431 2142 2481 et
2181 2440 2364 2499 egens
2405 2432 2551 2481 ut25

470 2507 753 2586 stipendia
783 2524 1012 2586 quoque
1042 2508 1277 2567 militum
1309 2517 1370 2567 et
1415 2507 1715 2567 commoda
1760 2515 2164 2566 veteranorum
2207 2505 2471 2585 protrahi

469 2609 538 2650 ac
598 2589 815 2648 differri
873 2607 1121 2650 necesse
1192 2601 1385 2669 esset,
1455 2589 1750 2651 calumniis
1819 2590 2149 2669 rapinisque
2225 2589 2472 2650 intendit

466 2691 729 2732 animum.

592 2754 744 2815 Ante
777 2759 965 2817 omnia
998 2758 1266 2834 instituit,
1303 2767 1364 2818 ut
1396 2777 1429 2817 e
1475 2757 1814 2818 libertorum
1858 2756 2255 2817 defunctorum
2293 2756 2473 2820 bonis

469 2857 575 2918 pro
608 2841 847 2900 semisse
891 2841 1131 2901 dextans
1176 2843 1229 2901 ei
1274 2851 1607 2919 cogeretur,
1654 2844 1748 2920 qui
1790 2843 1912 2900 sine
1961 2839 2247 2918 probabili
2288 2858 2553 2902 causaao

468 2941 539 2982 eo
572 2925 800 2984 nomine
833 2933 1051 3000 essent,
1086 2942 1201 3003 quo
1234 2924 1479 2985 fuissent
1508 2924 1660 2985 ullae
1693 2925 1944 2985 familiae
1980 2941 2122 3001 quas
2155 2926 2280 3002 ipse
2326 2943 2468 2984 con-

467 3008 747 3085 tingeret;
784 3007 1022 3086 deinde,
1053 3015 1113 3067 ut
1148 3009 1502 3106 ingratorum
1543 3010 1599 3067 in
1644 3010 1964 3086 principem
2010 3015 2354 3067 testamenta
2393 3008 2475 3067 ad

467 3092 667 3151 liscum
699 3092 1091 3170 pertinerent,
1125 3109 1195 3152 ac
1244 3106 1317 3150 ne
1359 3093 1588 3170 impune
1630 3101 1790 3152 esset
1833 3090 2104 3150 studiosis
2145 3091 2314 3168 iuris,
2370 3094 2473 3169 qui

467 3163 840 3252 scripsissent
870 3175 966 3235 vel
997 3175 1312 3235 dictassent
1347 3192 1446 3244 ea;
1491 3183 1624 3234 tunc
1665 3184 1726 3235 ut
1768 3175 1905 3252 lege
1951 3176 2267 3235 maiestatis
2297 3137 2472 3236 ’facta

465 3255 734 3336 dictaque
771 3261 991 3335 omnia,
1037 3258 1241 3336 quibus
1272 3257 1443 3318 modo
1478 3258 1704 3318 delator
1734 3276 1848 3319 non
1883 3257 2149 3344 deesset,
2194 3266 2470 3318 teneren-
2492 3270 2554 3314 as

463 3347 571 3396 tur.
671 3340 1000 3401 Revocavit
1040 3351 1097 3400 et
1143 3342 1401 3420 praemia
1443 3358 1816 3417 coronarum,
1859 3334 2006 3420 quae
2049 3358 2308 3420 umquam
2354 3341 2474 3402 sibi

466 3420 727 3482 civitates
766 3426 821 3482 in
866 3425 1271 3484 certaminibus
1322 3423 1682 3485 detulissent.
1771 3425 1847 3484 Et
1894 3443 2019 3485 cum
2061 3425 2471 3486 interdixisset

464 3520 623 3562 usum
658 3505 1017 3580 amethystini
1058 3525 1126 3567 ac
1157 3507 1315 3582 Tyrii
1353 3508 1606 3585 coloris,
1652 3507 2145 3587 summisissetque
2186 3509 2284 3586 qui
2323 3527 2473 3569 nun-
