2700 4234
857 271 1065 320 mvus
1111 271 1492 321 Aneus'rus.
1793 283 1796 288 ·
2103 262 2184 328 85

192 425 437 486 discincti
470 423 831 505 pedibusque
864 425 1050 502 nudis,
1081 443 1151 485 ac
1171 426 1477 487 Mausoleo
1510 425 1908 488 condiderunt.
1946 427 2011 489 Id
2036 445 2186 507 opus

188 511 324 568 inter
349 509 684 570 Flaminiam
724 510 872 568 viam
919 511 1220 588 ripamque
1251 510 1482 571 Tiberis
1525 520 1694 573 sexto
1740 528 1847 570 suo
1886 504 2186 573 consulatu

187 601 507 654 extruxerat
550 595 1069 670 circumiectasque
1110 594 1291 654 silvas
1336 604 1396 653 et
1437 594 1860 654 ambulationes
1910 596 1967 654 in
2023 615 2185 656 usum

184 677 371 756 populi
400 679 513 738 iam
547 686 663 736 tum
694 677 1033 757 publicarat.

142 774 165 813 ⁵
300 760 747 836 Testamentum,
778 761 839 820 L.
865 759 1081 820 Planco
1109 758 1174 819 C.
1199 760 1343 819 Silio
1377 778 1541 822 cons.
1569 761 1669 822 111.
1701 760 1755 821 N
1760 778 1854 822 on.
1880 761 2141 841 Apriles,
2169 777 2267 829 101

182 853 302 905 ante
348 863 553 906 annum
596 854 655 904 et
694 853 961 923 quattuor
1003 861 1235 904 menses
1270 862 1439 922 quam
1471 845 1820 923 decederet,
1866 845 2080 906 factum
2109 847 2183 908 ab

182 947 249 989 eo
280 947 347 988 ac
375 928 601 989 duobus
634 927 964 1004 codicibus,
1011 927 1217 1006 partim
1248 929 1432 1007 ipsius
1462 932 1669 1009 partim
1699 928 2038 990 libertorum
2072 930 2181 991 Po-

179 1012 289 1088 lybi
324 1023 379 1073 et
410 1012 725 1074 Hilarionis
760 1028 957 1087 manu,
1000 1013 1278 1090 scriptum
1308 1011 1753 1092 depositumque
1784 1013 1938 1092 apud
1969 1033 2034 1074 se
2070 1014 2183 1075 vir-

178 1099 339 1173 gines
365 1096 642 1157 Vestales
687 1114 815 1155 cum
860 1094 1043 1155 tribus
1078 1097 1321 1172 signatis
1353 1114 1542 1175 aeque
1571 1097 1955 1158 voluminibus
1984 1106 2182 1177 protu-

114 1193 159 1234 10
177 1181 377 1240 lerunt.
446 1180 609 1255 Quae
658 1181 845 1240 omnia
896 1179 954 1237 in
1010 1188 1211 1239 senatu
1264 1190 1470 1258 aperta
1522 1191 1696 1261 atque
1747 1182 1990 1242 recitata
2031 1191 2183 1242 sunt.

177 1264 432 1325 Heredes
475 1265 713 1324 instituit
755 1264 1004 1343 primos:
1052 1263 1343 1323 Tiberium
1384 1282 1461 1323 ex
1501 1274 1667 1344 parte
1700 1264 1929 1326 dimidia
1962 1275 2022 1325 et
2051 1285 2183 1326 sex-

176 1357 353 1425 tante,
409 1349 625 1408 Liviam
683 1367 759 1407 ex
804 1356 969 1426 parte
1018 1349 1221 1422 tertia,
1276 1365 1426 1425 quos
1467 1357 1526 1408 et
1564 1349 1722 1408 ferre
1767 1366 1976 1410 nomen
2022 1368 2183 1410 suum

176 1433 361 1509 iussit,
396 1432 719 1493 secundos:
751 1432 999 1490 Drusum
1024 1430 1222 1490 Tiberi
1245 1432 1527 1492 filium.ex
1557 1433 1790 1509 triente,
1824 1451 1900 1492 ex
1923 1434 2184 1512 partibus

176 1515 403 1595 reliquis
437 1515 839 1578 Germanicum
874 1514 1213 1593 liberosque
1249 1517 1376 1574 eius
1410 1524 1532 1575 tres
1561 1533 1737 1576 sexus
1766 1516 1973 1592 virilis,
2007 1519 2182 1577 tertio

114 1609 157 1648 ¹⁵
175 1599 378 1676 gradu:
413 1601 783 1680 propinquos
816 1601 1153 1677 amicosque
1186 1599 1522 1676 compluris.
1581 1599 1826 1676 Legavit
1858 1600 2080 1679 populo
2108 1601 2180 1661 R.

174 1684 672 1762 quadringenties,
716 1683 980 1742 tribubus
1020 1683 1222 1742 tricies
1274 1685 1576 1764 quinquies
1611 1684 1966 1760 sestertium,
2013 1702 2180 1761 prae-

169 1769 399 1828 torianis
428 1767 707 1828 militibus
744 1767 968 1845 singula
992 1767 1148 1828 milia
1172 1784 1544 1846 nummorum,
1579 1767 1918 1830 cohortibus
1947 1768 2182 1828 urbanis

173 1854 523 1928 quingenos,
569 1852 887 1928 legionaris
933 1860 1207 1912 trecenos
1237 1870 1527 1913 nummos:
1576 1870 1742 1931 quam
1789 1869 2060 1912 summam
2091 1871 2180 1911 re-

174 1939 529 2012 praesentari
575 1936 765 2012 iussit,
809 1954 939 1995 nam
980 1945 1039 1995 et
1074 1937 1446 1996 confiscatam
1479 1955 1714 2016 semper
1746 1939 2182 2015 repositamque

108 2017 457 2080 20babuerat.
530 2019 777 2098 Reliqua
818 2019 1013 2098 legata
1058 2021 1217 2080 varie
1266 2020 1422 2080 dedit
1463 2021 1853 2102 produxitque
1900 2020 2182 2099 quaedam

133 2152 138 2157 .
172 2101 237 2160 ad
262 2104 441 2164 vicies
475 2106 833 2181 sestertium,
868 2103 1077 2182 quihus
1109 2104 1412 2164 solvendis
1442 2123 1686 2165 annuum
1712 2105 1863 2164 diem
1885 2105 2046 2180 finiit,
2081 2123 2180 2164 ex-

173 2196 359 2248 cusata
401 2190 493 2248 rei
539 2186 837 2249 familiaris
875 2188 1309 2264 mediocritate,
1361 2206 1471 2248 nec
1500 2190 1632 2268 plus
1668 2196 2077 2268 perventurum
2109 2187 2183 2248 ad

170 2267 407 2331 heredes
448 2288 595 2334 suos
622 2290 789 2351 quam
823 2272 1012 2332 milies
1047 2280 1105 2331 et
1142 2272 1511 2350 quingenties
1546 2273 1850 2352 professus
1871 2317 1888 2348 ,
1920 2273 2182 2350 quamvis

164 2354 364 2430 viginti
391 2357 681 2435 proximis
713 2357 875 2416 annis
908 2355 1311 2434 quaterdecies
1334 2357 1527 2415 milies
1555 2374 1632 2416 ex
1659 2356 2016 2416 testamentis
2047 2355 2180 2434 ami-

108 2455 154 2494 25
175 2453 364 2498 corum
406 2441 817 2520 percepisset,
864 2439 1017 2518 quod
1063 2456 1250 2517 paene
1292 2457 1463 2500 omne
1502 2458 1629 2500 cum
1666 2439 1890 2500 duobus
1923 2439 2182 2518 paternis

174 2523 523 2596 patrimoniis
574 2525 906 2602 ceterisque
950 2522 1368 2584 hereditatibus
1410 2526 1468 2584 in
1509 2543 1633 2584 rem
1671 2543 1729 2605 p.
1779 2523 2179 2584 absumsisset.

171 2600 337 2665 Iulias
363 2607 539 2669 filiam
564 2617 917 2686 neptemque
935 2654 952 2684 ,
985 2609 1032 2666 si
1060 2607 1196 2686 quid
1224 2609 1295 2667 iis
1325 2597 1660 2685 accidisset}
1693 2610 1874 2668 vetuit
1902 2607 2180 2686 sepulcro

175 2703 275 2746 suo
308 2691 524 2750 inferri.
588 2690 797 2751 Tribus
830 2691 1243 2769 voluminibus,
1290 2710 1406 2752 uno
1440 2692 1705 2752 mandata
1735 2691 1807 2751 de
1839 2692 2044 2752 funere
2073 2708 2180 2751 suo

177 2772 510 2849 complexus
550 2784 673 2852 est,
719 2776 905 2836 altero
945 2775 1194 2835 indicem
1234 2793 1425 2836 rerum
1467 2794 1500 2837 a
1532 2794 1596 2837 se
1633 2784 1958 2852 gestarum,
2011 2777 2180 2852 quem

106 2852 354 2914 so'vellet
394 2859 563 2919 incidi
607 2861 665 2918 in
706 2860 905 2920 aeneis
944 2859 1187 2936 tabulis,
1234 2879 1382 2938 quae
1415 2869 1546 2920 ante
1576 2859 1937 2921 Mausoleum
1969 2866 2180 2918 statue-

171 2947 385 3018 rentur,
420 2944 595 3002 tertio
626 2942 977 3003 breviarium
1006 2945 1182 3004 totius
1212 2945 1473 3022 imperii,
1507 2953 1777 3024 quantum
1809 2942 2047 3003 militum
2073 2942 2178 3003 sub

174 3021 350 3098 signis
380 3023 597 3105 ubique
630 3035 822 3102 esset,
868 3036 1135 3106 quantum
1165 3030 1450 3106 pecuniae
1483 3030 1540 3088 in
1577 3029 1806 3089 aerario
1843 3037 1901 3088 et
1931 3028 2091 3087 fiscis
2123 3035 2182 3086 et

172 3109 609 3185 vectigaliorum
652 3111 922 3170 residuis.
994 3110 1227 3170 Adiecit
1270 3121 1329 3170 et
1377 3113 1717 3174 libertorum
1761 3127 2179 3190 servorumque

175 3191 429 3269 nomina,
462 3211 494 3253 a
529 3192 735 3273 quibus
766 3196 929 3260 ratio*
948 3196 1106 3273 exigi
1140 3203 1365 3273 posset.
1951 3195 1966 3212 ²
