2700 4234
984 307 1043 354 c.
1094 307 1465 356 cAniauLA.
2108 295 2226 356 125

240 469 572 542 tempestate
628 459 883 537 turbida,
960 479 1073 539 quo
1129 463 1309 540 magis
1367 465 1554 541 pietas
1613 463 1922 538 emineret,
1975 463 2226 542 adiitque

240 543 669 606 venerabundus
709 561 779 603 ac
832 563 941 622 per
982 555 1165 604 semet
1215 549 1272 604 in
1317 564 1488 606 urnas
1535 544 1816 615 condidit;
1855 562 1968 605 nec
2007 549 2228 607 minore

238 647 441 691 scaena
480 627 725 704 Ostiam,
767 630 1027 706 praefixo
1069 631 1127 687 in
1166 629 1416 689 biremis
1447 647 1643 709 puppe
1683 628 1933 707 vexillo,
1986 639 2046 690 et
2096 629 2228 690 inde

233 715 466 775 Romam
524 710 723 772 Tiberi
790 710 1135 789 subvectos,
1208 731 1317 790 per
1367 711 1884 792 splendidissimum
1943 730 2227 792 quemque
2325 714 2328 716 ’

185 797 515 876 sequestris
576 793 791 854 ordinis
841 795 1030 854 medio
1082 814 1151 855 ac
1212 796 1497 875 frequenti
1555 796 1646 855 die
1709 794 1931 855 duobus
1988 796 2227 856 ferculis

229 879 527 942 Mausoleo
574 878 790 956 intulit,
836 880 1184 958 inferiasque
1229 881 1279 938 is
1319 897 1504 939 annua
1543 878 1830 955 religione
1870 878 2103 958 publice
2145 881 2225 939 in-

232 965 435 1039 stituit,
476 971 533 1022 et
577 979 653 1021 eo
684 962 927 1040 amplius
965 965 1131 1022 matri
1178 961 1488 1023 Circenses
1527 972 1974 1043 carpentumque
2011 981 2124 1044 quo
2169 965 2227 1024 in

228 1065 437 1127 pompa
499 1044 925 1115 traduceretur;
993 1055 1051 1106 at
1105 1048 1162 1105 in
1206 1049 1537 1107 memoriam
1591 1048 1770 1126 patris
1827 1047 2226 1127 Septembrem

227 1148 483 1190 mensem
526 1128 919 1191 Germanicum
956 1130 1289 1208 appellavit.
1353 1131 1492 1190 Post
1536 1129 1683 1190 haec
1718 1130 2005 1191 Antoniae
2037 1133 2224 1207 aviae,

165 1229 210 1270 ιο
230 1213 501 1294 quidquid
531 1231 791 1290 umquam
820 1213 981 1274 Livia
1015 1212 1277 1291 Augusta
1318 1213 1598 1274 honorum
1643 1216 1928 1293 cepisset,
1975 1231 2088 1275 uno
2135 1233 2225 1274 se-

226 1307 393 1358 natus
441 1296 698 1356 consulto
733 1299 1063 1374 congessit;
1112 1306 1371 1375 patruum
1403 1296 1718 1374 Claudium,
1764 1298 2016 1377 equitem
2049 1299 2120 1359 R.
2156 1297 2227 1357 ad

224 1381 282 1441 id
322 1390 583 1458 tempus,
630 1379 918 1458 collegam
968 1380 1077 1440 sibi
1135 1383 1191 1440 in
1244 1382 1542 1441 consulatu
1597 1384 1932 1461 assumpsit;
1991 1381 2226 1442 fratrem

224 1464 521 1526 Tiberium
554 1462 647 1522 die
674 1464 857 1523 virilis
901 1473 1075 1542 togae
1116 1463 1410 1543 adoptavit
1440 1464 1868 1544 appellavitque
1902 1467 2224 1544 principem

225 1549 564 1616 iuventutis;
604 1545 675 1606 de
712 1547 1015 1608 sororibus
1058 1557 1259 1608 auctor
1280 1549 1419 1626 fuit,
1463 1557 1524 1607 ut
1555 1548 1816 1608 omnibus
1851 1549 2226 1608 sacramentis

162 1651 207 1692 ιε
224 1631 585 1692 adiceretur:
648 1647 841 1709 neque
887 1649 984 1690 me
1040 1630 1389 1711 liberosque
1437 1649 1604 1693 meos
1657 1631 1940 1692 cariores
1985 1631 2224 1692 habebo

224 1731 410 1795 quam
467 1713 691 1773 Gaium
744 1713 943 1775 habeo
1001 1721 1058 1774 et
1102 1732 1354 1776 sorores
1418 1715 1591 1786 eius‚·
1658 1718 1794 1774 item
1846 1714 2226 1774 relationibus

226 1797 557 1858 consulum:
614 1797 782 1876 quod
839 1781 1061 1858 bonum
1110 1797 1387 1878 felixque
1441 1798 1524 1858 sit
1567 1797 1635 1858 Ο.
1679 1797 1948 1859 Caesare·
1987 1798 2221 1858 sorori-

223 1881 461 1958 busque
500 1881 651 1940 eius.

350 1964 485 2024 Pari
531 1963 913 2042 popularitate
966 1965 1261 2025 damnatos
1314 1964 1729 2045 relegatosque
1780 1967 2055 2035 restituit;
2117 1965 2223 2024 cri·

156 2049 459 2123 mininam,
490 2048 538 2104 si
570 2063 714 2125 quae
744 2047 972 2109 residua
1003 2067 1079 2108 ex
1107 2051 1302 2126 priore
1333 2057 1592 2129 tempore
1623 2049 1943 2126 manebant,
1979 2050 2226 2108 omnium

222 2133 466 2207 gratiam
516 2131 687 2198 fecit;
730 2130 1171 2192 commentarios
1224 2131 1295 2192 ad
1342 2134 1538 2193 matris
1596 2132 1948 2212 fratrumque
1994 2148 2224 2190 suorum

222 2231 429 2274 causas
473 2214 844 2292 pertinentis,
883 2233 956 2274 ne
997 2216 1088 2274 cui
1117 2215 1480 2292 postmodum
1509 2215 1754 2276 delatori
1795 2225 1890 2275 aut
1933 2216 2068 2274 testi
2110 2232 2224 2273 ma-

220 2306 389 2357 neret
419 2296 575 2357 ullus
622 2306 838 2375 metus,
886 2308 1206 2362 convectos
1249 2300 1307 2356 in
1343 2299 1562 2375 forum,
1611 2307 1667 2358 et
1703 2307 1836 2358 ante
1873 2297 2030 2358 clare
2063 2296 2224 2357 ohte-

222 2389 405 2440 status
451 2379 598 2440 deos
645 2399 835 2460 neque
878 2381 1100 2460 legisse
1152 2399 1341 2460 neque
1395 2383 1658 2459 attigisse
1699 2383 2034 2461 quicquam,
2088 2397 2224 2441 con·

154 2464 533 2531 sacremavin
576 2463 834 2524 libellum
865 2464 936 2524 de
981 2465 1166 2524 salute
1203 2483 1302 2524 sua
1330 2464 1598 2524 -ohlatum
1641 2482 1755 2524 non
1785 2467 2043 2543 recepit,
2089 2481 2224 2524 con-

220 2546 500 2622 tendens,
544 2547 699 2607 nihil
722 2547 848 2608 sibi
886 2547 1223 2608 admissum
1272 2567 1385 2608 cur
1433 2548 1719 2628 cuiquam
1765 2547 2003 2609 invisus
2043 2553 2222 2623 esset,

218 2631 573 2708 negavitque
628 2649 694 2689 se
742 2631 1095 2691 delatoribus
1141 2649 1311 2692 aures
1371 2631 1608 2692 habere.
1689 2632 2004 2693 Psinthrias
2063 2649 2221 2692 mon·
2245 2633 2310 2687 16

220 2721 543 2772 strosarum
576 2712 895 2789 libidinum,
933 2733 1111 2792 aegre
1146 2732 1219 2774 ne
1264 2715 1552 2792 profundo
1592 2725 1883 2792 mergeret
1924 2724 2220 2790 exoratus,

220 2795 367 2855 urhe
410 2796 719 2857 submovit.
799 2797 909 2859 Titi
946 2797 1213 2874 Labieni,
1254 2796 1428 2858 Cordi
1468 2797 1751 2873 Cremuti,
1799 2797 1965 2859 Cassi
2015 2798 2222 2857 Severi

152 2880 477 2957 aoscripta,
518 2889 749 2940 senatus
801 2881 1079 2941 consultis
1134 2881 1377 2958 abolita,
1418 2884 1634 2961 requiri
1677 2891 1735 2940 et
1777 2899 1910 2940 esse
1954 2882 2011 2939 in
2050 2881 2220 2940 mani·

218 2961 331 3022 bus
370 2961 739 3043 lectitarique
780 2965 1071 3042 permisit,
1129 2965 1379 3044 quando
1425 2965 1695 3025 maxime
1737 2982 1857 3023 sua
1903 2963 2228 3024 interesset

215 3052 285 3106 ut
323 3045 515 3124 facta
556 3064 833 3127 quaeque
877 3047 1155 3126 posteris
1201 3048 1554 3108 tradantur.
1645 3049 1923 3108 Rationes
1978 3047 2222 3126 imperii,

220 3130 291 3189 ab
323 3129 602 3208 Augusto
633 3133 885 3210 proponi
929 3131 1129 3192 solitas
1160 3139 1249 3191 set
1278 3150 1309 3191 a
1339 3131 1574 3191 Tiberio
1611 3132 1994 3207 intermissas,
2041 3128 2223 3209 publi·

219 3215 394 3275 cavit.
466 3213 902 3290 Magistratibus
943 3215 1183 3276 liberam
1222 3215 1359 3274 iuris
1399 3214 1705 3275 dictionem
1748 3223 1806 3273 et
1839 3217 1964 3274 sine
2010 3216 2095 3274 sui
2125 3231 2223 3292 ap-

152 3312 203 3354 es
224 3297 548 3374 pellatione
602 3299 914 3358 concessit.
990 3298 1230 3377 Equites
1281 3299 1351 3359 R.
1407 3315 1617 3357 severe
1682 3300 2059 3376 curioseque,
2114 3315 2226 3357 nec

220 3381 349 3440 sine
378 3380 816 3457 moderatione,
855 3382 1235 3459 recognovit,
1286 3381 1474 3460 palam
1517 3381 1786 3460 adempto
1831 3399 1981 3461 equo
2019 3381 2223 3461 quibus
2257 3389 2265 3396 ·

219 3471 317 3523 aut
344 3462 558 3542 probri
586 3465 799 3544 aliquid
834 3474 927 3526 aut
963 3466 1307 3543 ignominiae
1346 3467 1600 3541 inesset,
1627 3482 1843 3526 eorum
1878 3467 1975 3544 qui
2003 3469 2223 3525 minore

220 3545 395 3625 culpa
442 3555 779 3607 tenerentur
824 3548 1145 3609 nominibus
1192 3548 1364 3609 modo
1405 3551 1463 3610 in
1495 3551 1838 3610 recitatione
1876 3548 2222 3627 praeteritis.
