2700 4234
517 285 599 350 82
686 298 748 348 c.
779 295 1080 347 sun'rom
1111 295 1368 357 Tamo.
1401 297 1498 344 nn
1527 296 1690 344 vrrs
1725 294 2093 344 csnssnmu
2128 298 2263 348 mu.
2292 300 2368 348 11.
2418 309 2424 315 ·

517 457 898 534 imperasset,
952 468 1023 511 ac
1074 450 1259 511 subita
1309 452 1616 530 eruptione
1660 451 1861 511 hostes
1903 467 2132 512 omnem
2171 455 2258 513 rei
2297 454 2525 516 divinae

518 546 857 619 apparatum
889 534 1292 611 abstulissent,
1328 537 1580 594 constitit
1609 536 1759 594 inter
1783 535 2158 616 haruspices,
2191 554 2340 616 quae
2368 540 2524 616 peri-

520 623 719 684 culosa
762 628 821 681 et
870 619 1118 680 adversa
1168 619 1515 678 sacrificanti
1557 617 1885 679 denuntiata
1931 628 2161 697 essent,
2217 630 2424 682 cuncta
2468 625 2528 682 in

529 709 693 787 ipsos
722 720 996 764 recasura
1024 704 1120 782 qui
1148 710 1284 762 exta
1312 700 1622 771 haberent;
1659 718 1850 780 neque
1877 703 2050 766 aliter
2077 705 2289 764 evenit.
2333 705 2528 766 Pridie

518 808 684 871 quam
713 787 1077 848 Siciliensem
1106 803 1358 865 pugnam
1392 786 1583 846 classe
1613 787 2013 863 committeret,
2051 786 2435 849 deambulanti
2464 793 2523 849 in
2545 809 2570 850 ε

516 876 688 938 litore
724 873 905 950 piscis
932 888 969 930 e
998 873 1140 931 mari
1167 870 1389 930 exilivit
1417 878 1478 929 et
1507 869 1580 930 ad
1609 869 1794 948 pedes
1829 871 2022 930 iacuit.
2084 870 2260 950 Apud
2294 871 2530 933 Actium

516 955 894 1018 descendenti
932 957 987 1014 in
1029 956 1211 1015 aciem
1248 953 1465 1014 asellus
1509 971 1638 1013 cum
1677 954 1925 1014 asinario
1969 957 2258 1033 occurrit,
2311 956 2530 1017 homini

516 1038 847 1117 Eutychus,
891 1037 1117 1099 bestiae
1154 1036 1341 1098 Nicon
1389 1046 1516 1098 erat
1542 1055 1778 1106 nomen3
1834 1039 2128 1117 utriusque
2161 1040 2529 1102 simulacrum

518 1141 758 1186 aeneum
800 1125 989 1183 victor
1028 1123 1222 1202 posuit
1262 1123 1319 1180 in
1360 1121 1615 1200 templo,
1653 1123 1710 1180 in
1746 1120 1902 1199 quod
1939 1131 2262 1184 castrorum
2293 1142 2526 1185 suorum

515 1210 709 1271 locum
737 1209 929 1282 vertit.
2549 1227 2592 1268 υ

428 1304 494 1359 97
642 1291 802 1352 Mors
839 1307 1067 1370 quoque
1096 1289 1249 1365 eius,
1300 1289 1374 1348 de
1411 1306 1522 1368 qua
1546 1288 1682 1348 hinc
1715 1290 1933 1367 dicam,
1974 1289 2356 1370 divinitasque
2389 1301 2528 1370 post

512 1384 755 1438 mortem
790 1372 1235 1434 evidentissimis
1265 1374 1510 1434 ostentis
1540 1376 1928 1452 praecognita
1957 1382 2069 1433 est.
2119 1372 2260 1433 Cum
2284 1373 2525 1435 lustrum

512 1463 570 1536 in
616 1476 822 1538 campo
852 1458 1059 1518 Martio
1112 1475 1321 1535 magna
1367 1457 1570 1536 populi
1611 1457 1936 1537 frequentia
1981 1458 2289 1534 conderet,
2329 1459 2523 1537 aquila

514 1562 644 1605 eum
676 1544 908 1622 saepius
938 1540 1404 1617 circumvolavit,
1437 1549 1920 1620 transgressaque
1953 1543 2010 1600 in
2038 1543 2286 1602 vicinam
2317 1541 2525 1602 aedem

513 1646 690 1708 super
718 1644 927 1687 nomen
947 1624 1251 1705 Agrippae
1285 1623 1356 1684 ad
1379 1625 1616 1703 primam
1639 1625 1886 1686 litteram
1911 1624 2089 1696 sedit;
2125 1643 2239 1703 quo
2271 1626 2521 1687 animad-
2545 1643 2590 1684 ιε

513 1728 688 1773 verso
724 1719 893 1786 vota,
928 1726 1077 1789 quae
1112 1711 1169 1768 in
1200 1710 1523 1787 proximum
1557 1708 1794 1768 lustrum
1825 1711 2044 1788 suscipi
2072 1726 2198 1768 mos
2229 1717 2351 1786 est,
2399 1711 2521 1770 col-

512 1796 707 1874 legam
747 1812 908 1855 suum
938 1792 1229 1853 Tiberium
1266 1809 1598 1870 nuncupare
1633 1793 1827 1854 iussit:
1881 1811 2010 1853 nam
2061 1811 2160 1869 se,
2198 1810 2522 1873 quanquam

516 1879 865 1956 conscriptis
897 1877 1231 1955 paratisque
1256 1877 1369 1936 iam
1393 1875 1634 1953 tabulis,
1665 1878 1905 1954 negavit
1939 1885 2340 1955 suscepturum
2371 1894 2522 1955 quae

512 1979 628 2022 non
672 1968 832 2020 esset
869 1959 1179 2019 soluturus.
1254 1958 1373 2018 Sub
1415 1959 1565 2018 idem
1607 1969 1834 2038 tempus
1879 1961 1995 2020 ictu
2036 1959 2288 2020 fulminis
2331 1979 2408 2020 ex
2437 1963 2519 2021 iu·
2671 1987 2674 2090 θ

512 2046 829 2124 scriptione
858 2051 1079 2104 statuae
1113 2043 1237 2103 eius
1264 2045 1448 2122 prima
1479 2044 1723 2104 nominis
1752 2044 1946 2106 littera
1980 2043 2230 2115 effluxit3
2272 2063 2518 2124 respon·
2541 2069 2592 2110 ρο

512 2147 636 2190 sum
672 2137 782 2205 est,
814 2135 1042 2188 centum
1069 2128 1231 2187 solos
1263 2126 1390 2186 dies
1421 2128 1666 2206 posthac
1697 2128 1997 2206 victurum,
2029 2145 2200 2207 quem
2225 2147 2524 2189 numerum

513 2211 559 2274 C
591 2213 786 2274 littera
826 2220 1085 2288 notaret,
1126 2210 1488 2290 futurumque
1518 2220 1580 2272 ut
1609 2214 1760 2272 inter
1791 2211 1935 2272 deos
1961 2212 2315 2290 referretur,
2367 2212 2525 2292 quod

512 2316 712 2373 aesar,
754 2296 813 2356 id
848 2304 939 2356 est
962 2296 1188 2375 reliqua
1219 2313 1357 2375 pars
1389 2313 1422 2354 e
1455 2294 1723 2356 Caesaris
1755 2298 2016 2373 nomine,
2047 2295 2295 2358 Etrusca
2325 2297 2523 2374 lingua

509 2382 651 2443 deus
684 2389 1013 2441 vocaretur.

638 2464 929 2525 Tiberium
977 2465 1155 2541 igitur
1190 2464 1248 2523 iu
1292 2462 1589 2538 Illyricum
1639 2463 1971 2524 dimissurus
2023 2473 2082 2524 et
2123 2463 2519 2524 Beneventum
2541 2489 2589 2528 25

510 2566 695 2627 usque
748 2555 1163 2627 prosecuturus
1186 2592 1203 2624 ,
1269 2564 1394 2606 cum
1451 2546 1922 2626 interpellatores
1978 2547 2107 2609 aliis
2167 2557 2338 2626 atque
2390 2547 2522 2608 aliis

512 2632 703 2692 causis
730 2632 788 2690 in
823 2632 947 2691 iure
984 2630 1233 2691 dicendo
1266 2630 1620 2706 detinerent,
1661 2631 2027 2708 exclamavit,
2058 2631 2213 2710 quod
2244 2640 2303 2691 et
2332 2633 2522 2710 ipsum

508 2733 645 2777 mox
688 2718 837 2776 inter
873 2716 1060 2776 omina
1098 2714 1341 2775 relatum
1389 2723 1512 2791 est,
1561 2733 1719 2790 non,
1765 2714 1824 2776 si
1863 2714 2072 2776 omnia
2097 2721 2518 2792 morarentur,

510 2799 781 2879 amplius
807 2817 877 2859 se
895 2799 1166 2879 posthac
1193 2797 1432 2859 Romae
1459 2796 1781 2876 futurum,·
1811 2807 1982 2878 atque
2012 2801 2217 2859 itinere
2242 2799 2518 2860 inchoato

508 2885 778 2946 Asturam
818 2887 1109 2961 perrexit,
1155 2891 1213 2942 et
1242 2880 1408 2958 inde,
1450 2891 1686 2961 praeter
1716 2882 2187 2944 consuetudinem
2216 2883 2288 2943 de
2320 2892 2518 2960 nocte,
2538 2906 2584 2946 30

509 2968 582 3032 ad
624 2969 996 3028 occasionem
1026 2985 1199 3028 aurae
1235 2974 1474 3026 evectus
1507 2983 1738 3026 causam
1767 2966 2094 3028 valitudinis
2121 2968 2414 3032 contraxit
2441 2985 2518 3026 ex

423 3069 493 3126 93
508 3053 796 3135 profluvio
836 3050 969 3111 alvi.
1036 3050 1195 3110 Tunc
1228 3047 1578 3128 Campaniae
1613 3068 1714 3112 ora
1749 3052 2142 3132 proximisque
2171 3049 2372 3111 insulis
2408 3051 2516 3110 cir·

508 3139 709 3213 cuitis,
746 3134 1100 3214 Caprearum
1133 3152 1364 3214 quoque
1401 3136 1660 3197 secessui
1696 3133 2066 3214 quadriduum
2093 3134 2392 3212 impendit,
2423 3152 2516 3193 re-

509 3222 845 3280 mississimo
879 3219 949 3280 ad
978 3221 1154 3279 otium
1183 3227 1241 3278 et
1272 3218 1343 3278 ad
1375 3234 1601 3278 omnem
1631 3221 1956 3279 comitatem
1987 3219 2194 3278 animo.

632 3304 809 3364 Forte
838 3302 1213 3364 Puteolanum
1256 3304 1438 3362 sinum
1482 3300 1950 3380 praetervehenti
1979 3312 2254 3362 vectores
2281 3309 2515 3361 nautae·
2536 3320 2585 3362 ³⁵

508 3406 619 3467 que
652 3387 724 3447 de
753 3389 885 3447 navi
919 3385 1345 3462 Alexandrina,
1390 3403 1536 3464 quae
1570 3394 1782 3445 tantum
1813 3385 1965 3465 quod
1995 3385 2334 3464 appulerat,
2381 3403 2516 3445 can-

506 3467 680 3531 didati
736 3471 1112 3548 coronatique
1156 3478 1215 3529 et
1254 3479 1380 3529 tura
1427 3468 1674 3529 libantes
1717 3469 1903 3530 fausta
1944 3471 2133 3530 omina
2176 3477 2233 3528 et
2272 3470 2519 3528 eximias

505 3553 705 3614 laudes
746 3561 1197 3630 congesserant,
1236 3571 1358 3631 per
1399 3551 1569 3613 illum
1605 3572 1674 3614 se
1713 3552 1950 3631 vivere,
1983 3569 2105 3632 per
2141 3551 2310 3613 illum
2337 3552 2519 3612 navi-
