2700 4234
1014 307 1357 356 TIBERIUS.
1764 275 1772 286 ⁸
2131 297 2212 362 89

218 459 385 540 polim
424 458 529 518 sub
572 459 957 539 inruptionem
989 460 1173 520 hostis
1210 463 1502 538 navigium
1543 461 1691 523 clam
1733 464 1985 540 petentis
2015 467 2213 542 vagitu

218 561 315 603 suo
353 561 541 623 paene
583 543 674 602 bis
714 544 995 623 prodidit,
1045 543 1226 610 semel
1258 563 1386 604 cum
1421 564 1452 604 a
1481 546 1718 606 nutricis
1749 543 1963 623 ubere,
2009 549 2214 608 iterum

218 645 337 687 cum
372 645 405 687 a
434 628 559 686 sinu
590 629 788 687 matris
829 629 1036 706 raptim
1075 629 1401 689 auferretur
1431 628 1502 689 ab
1533 631 1630 706 iis,
1677 631 1772 707 qui
1815 647 1924 708 pro
1958 635 2212 692 necessi-

214 719 324 771 tate
355 713 633 789 temporis
654 710 1035 774 mulierculas
1066 711 1265 771 levare
1302 730 1484 772 onere
1518 711 1892 792 temptabant.
1979 714 2094 775 Per
2126 717 2211 776 Si-

171 809 196 850 5
214 795 393 855 ciliam
418 811 649 874 quoque
682 804 740 855 et
769 813 875 874 per
893 795 1171 856 Achaiam
1194 797 1632 875 circumductus,
1656 813 1726 856 ac
1743 796 2212 860 Lacedaemoniis

212 878 463 957 publice,
498 877 652 958 quod
678 881 734 938 in
764 879 944 940 tutela
977 878 1343 940 Claudiorum
1375 891 1558 958 erant,
1593 879 1983 958 demandatuS,
2021 881 2210 958 digre-

212 961 369 1022 diens
410 961 543 1021 inde
584 964 789 1022 itinere
819 972 1115 1024 nocturno·
1135 963 1442 1024 discrimen
1476 967 1629 1025 vitae
1660 964 1824 1040 adiit,
1871 964 2094 1026 flamma
2121 964 2213 1026 re-'

208 1055 381 1125 pente
426 1064 461 1106 e
506 1046 669 1106 silvis
710 1046 959 1126 undique
1006 1056 1238 1124 exorta,
1294 1047 1557 1127 adeoque
1611 1065 1836 1108 omnem
1888 1051 2213 1122 comitatum

210 1128 633 1209 circumplexa,
676 1139 736 1190 ut
775 1130 971 1191 Liviae
1019 1149 1155 1210 pars
1194 1134 1376 1191 vestis
1421 1141 1480 1192 et
1521 1132 1721 1210 capilli
1757 1130 2209 1193 amburerentur.

143 1230 190 1272 ιο
208 1211 477 1290 Munera,
522 1213 727 1293 quibus
758 1233 790 1274 a
823 1214 1127 1294 Pompeia,
1171 1215 1314 1275 Sex.
1354 1215 1594 1294 Pompei
1630 1232 1868 1292 sorore,
1917 1218 1974 1276 in
2015 1217 2211 1276 Sicilia

208 1296 451 1356 donatus
482 1306 589 1372 est,
620 1297 822 1357 clamis
858 1307 917 1358 et
944 1298 1119 1359 fibula
1146 1302 1281 1358 item
1306 1297 1497 1360 bullae
1529 1316 1758 1375 aureae,
1790 1298 1994 1360 durant
2019 1309 2208 1361 osten-

206 1379 527 1459 dunturque
558 1380 739 1440 adhuc
764 1381 918 1442 Bais.
971 1382 1109 1443 Post
1138 1383 1382 1442 reditum
1411 1385 1466 1442 in
1497 1383 1698 1443 urbem
1729 1401 1761 1442 a
1789 1383 1868 1442 Μ.
1901 1383 2086 1444 Gallio
2118 1401 2207 1445 se-

200 1473 405 1524 natore
428 1472 775 1525 testamento
800 1465 1123 1545 adoptatuS,
1140 1465 1461 1526 hereditate
1495 1466 1644 1526 adita
1670 1483 1805 1526 mox
1829 1469 2055 1527 nomine
2079 1467 2208 1528 abs-

205 1549 391 1624 tinuit,
424 1547 581 1626 quod
608 1547 825 1608 Gallius
859 1548 1229 1610 adversarum
1258 1549 1524 1626 Augusto
1559 1551 1805 1628 partium
1839 1549 2045 1610 fuerat.

140 1650 187 1690 15
324 1630 556 1692 Novem
578 1641 745 1692 natus
768 1651 948 1694 annos
978 1632 1308 1693 defunctum
1330 1642 1553 1711 patrem
1578 1650 1685 1711 pro
1711 1635 1914 1692 rostris
1938 1633 2207 1694 laudavit.

200 1713 423 1774 Dehinc
468 1713 803 1794 pubescens
829 1716 1076 1776 Actiaco
1108 1717 1394 1796 triumpho
1433 1735 1659 1777 currum
1696 1715 1946 1792 Augusti
1977 1720 2206 1778 comita-

202 1807 289 1858 tus
319 1807 411 1858 est
440 1799 806 1859 sinisteriore
836 1799 1013 1862 funali
1046 1818 1219 1879 equo,
1254 1819 1381 1860 cum
1408 1801 1720 1862 Marcellus
1752 1798 2029 1861 Octaviae
2059 1801 2208 1860 iilius

171 1880 541 1942 dexteriore
569 1882 900 1944 veheretur.
987 1883 1287 1945 Praesedit
1316 1893 1376 1944 et
1405 1886 1601 1946 asticis
1629 1883 1809 1961 ludis,
1845 1892 1904 1943 et
1933 1883 2208 1945 Troiam*

202 1965 585 2042 circensibus,
615 1967 821 2026 ductor
846 1976 1063 2027 turmae
1090 1986 1397 2047 puerorum
1427 1971 1720 2029 maiorum.

134 2069 184 2110 ιο
331 2050 503 2111 Virili
534 2058 674 2128 toga
704 2059 960 2130 sumpta,
1000 2051 1702 2112 adulescentiam-omnem
1731 2053 2092 2131 spatiumque
2125 2055 2205 2112 in·
2226 2055 2257 2112 7

201 2137 498 2212 sequentis
552 2136 759 2194 aetatis
806 2143 986 2214 usque
1038 2134 1109 2195 ad
1152 2138 1508 2215 principatus
1553 2138 1710 2196 initia
1749 2153 1858 2212 per
1894 2135 2041 2194 haec
2080 2135 2206 2196 fere

197 2219 507 2295 transegit.
563 2217 767 2278 Mun-us
794 2218 1198 2296 gladiatorium
1226 2221 1283 2278 in
1312 2221 1641 2281 memoriam
1673 2221 1854 2297 patris
1883 2227 1941 2278 et
1969 2218 2207 2279 alterum

198 2303 253 2358 in
282 2303 375 2360 avi
403 2300 586 2360 Drusi
627 2285 815 2379 dedit,
857 2302 1103 2363 diversis
1145 2303 1500 2382 temporibus
1546 2321 1626 2362 ac·
1657 2303 1837 2378 locis,
1883 2303 2122 2384 primum
2151 2306 2209 2362 in

197 2385 359 2461 foro,
398 2385 715 2446 secundum
753 2387 811 2444 in
844 2386 1293 2465 amphitheatro,
1337 2386 1580 2447 rudiaris
1615 2403 1844 2465 quoque
1875 2384 2208 2464 quibusdam

132 2475 181 2515 ²5
198 2470 495 2528 revocatis
528 2478 961 2530 auctoramento
994 2479 1295 2531 centenum
1322 2470 1566 2540 milium;
1597 2469 1752 2530 dedit
1783 2478 1841 2529 et
1868 2468 2066 2546 ludos,
2103 2469 2208 2530 sed

201 2549 443 2612 absens:
477 2563 686 2613 cuncta
715 2554 1055 2632 magnifice,
1086 2557 1327 2633 inpensa
1354 2555 1550 2617 matris
1581 2571 1650 2614 ac
1682 2555 1890 2614 vitrici.

322 2635 733 2716 Agrippinam,
761 2637 959 2699 Marco
990 2637 1265 2717 Agrippa·
1285 2641 1560 2716 genitam,
1593 2646 1827 2716 neptem
1858 2634 2077 2710 Caecili
2105 2636 2206 2696 At-

200 2719 298 2778 tici
330 2722 540 2798 equitis
554 2721 625 2782 R.
644 2721 715 2782 ad
750 2740 918 2800 quem
948 2730 1077 2781 sunt
1093 2721 1396 2782 Ciceronis
1425 2721 1730 2800 epistolae,
1761 2721 1918 2782 duxit
1938 2737 2204 2789 uxorem;

204 2799 545 2882 sublatoque
581 2823 657 2864 ex
698 2822 768 2864 ea
800 2805 917 2865 lilio
950 2804 1171 2882 Druso,
1222 2822 1541 2884 quanquam
1576 2803 1727 2864 bene
1769 2805 2210 2863 convenientem

131 2899 185 2940 ³0
204 2901 519 2965 rursusque
560 2887 860 2964 gravidam
904 2888 1217 2966 dimittere,
1263 2907 1333 2949 ac
1361 2889 1560 2949 Iuliam
1589 2888 1837 2965 Augusti
1871 2887 2043 2946 filiam
2073 2904 2209 2946 con·

198 2966 394 3027 festim
427 2981 666 3032 coactus
698 2981 787 3032 est
818 2972 1055 3048 ducere,
1081 2991 1195 3033 non
1225 2975 1589 3050 sinemagno
1615 2989 1844 3049 angore·
1869 2972 2056 3047 animi,
2083 2988 2208 3029 cum
2253 3007 2312 3076 η
2359 2999 2398 3081 H
2428 3001 2467 3070 c
2536 2985 2544 2993 ·

201 3059 259 3110 et
285 3051 653 3133 Agrippinae
684 3055 1098 3116 consuetudine
1129 3065 1426 3117 teneretur
1465 3065 1524 3116 et
1555 3055 1734 3116 Iuliae
1773 3071 1966 3114 mores
1999 3055 2207 3131 impro-
2325 3053 2338 3068 ‘
2486 3053 2497 3070 '
2540 3055 2548 3064 ’

198 3133 395 3206 baret;
440 3146 504 3197 ut
532 3157 699 3217 quam
726 3141 1007 3200 sensisset
1036 3142 1122 3199 sui
1153 3157 1382 3219 quoque
1427 3140 1532 3200 sub
1564 3141 1762 3219 priore
1791 3138 1996 3198 marito
2029 3155 2206 3216 appe-

201 3226 444 3297 tentem,
476 3221 632 3299 quod
660 3241 804 3284 sane·
832 3225 1001 3283 etiam
1033 3223 1211 3300 vulgo
1246 3223 1694 3284 existimabatur.
1785 3220 1902 3282 Sed
1929 3221 2204 3301 Agrippi·
2270 3247 2341 3296 φ..

131 3315 327 3360 atnam
370 3312 431 3364 et
470 3303 747 3382 abegisse
786 3316 922 3385 post
956 3307 1256 3376 divortium
1299 3307 1508 3383 doluit,
1553 3317 1613 3368 et
1653 3305 1836 3368 semel
1871 3308 2098 3366 omnino
2129 3317 2206 3366 ex

200 3400 447 3447 occursu
482 3389 666 3447 visam
696 3388 843 3450 adeo
876 3392 1163 3450 contentis
1193 3400 1252 3450 et
1280 3391 1600 3452 umentibus
1640 3391 1824 3451 oculis
1861 3398 2204 3468 prosecutus
2259 3387 2279 3415 f
2404 3416 2446 3464 τ,
2499 3459 2506 3467 ι

200 3476 318 3545 est,
369 3479 435 3530 ut
475 3470 821 3532 custoditum
862 3476 933 3534 sit
971 3491 1045 3533 ne
1089 3491 1349 3553 umquam
1377 3474 1436 3533 in
1471 3483 1846 3554 conspectum
1877 3475 1932 3534 ei
1961 3472 2204 3553 posthac
2238 3463 2396 3506 *²0⁴²*
2417 3467 2432 3498 ‘
2466 3470 2489 3483 ⁶

198 3554 444 3613 veniret.
542 3551 681 3614 Cum
710 3553 851 3616 Iulia
881 3560 1065 3636 primo
1097 3557 1468 3626 concorditer
1497 3568 1556 3619 et
1585 3575 1780 3619 amore
1815 3565 2007 3617 mutuo
2033 3556 2202 3620 vixit:
