2700 4234
417 304 540 368 292
941 308 1004 358 e.
1055 304 1320 356 aomos
1329 301 1385 348 11
1434 297 1867 358 TRANQmLLr

417 471 650 532 multum
679 485 743 526 se
783 465 1007 525 miranti
1040 462 1188 540 legit
1216 477 1277 520 a.
1295 464 1433 517 596.
1450 461 1613 515 597..
1632 498 1646 513 .
1668 451 1905 513 Publius
1922 449 2234 512 Terentius
2268 450 2451 530 Afer,

420 552 772 630 Carthagine
815 557 1010 625 natus,
1060 544 1261 607 serviit
1302 542 1529 602 Romae
1576 536 1851 597 Terentio
1882 535 2119 595 Lucano
2156 538 2449 614 senatori,

420 660 453 701 a
483 654 598 718 quo
629 634 706 696 ob
738 634 1027 710 ingenium
1061 639 1118 689 et
1150 628 1399 689 sormam
1438 640 1553 684 non
1594 623 1885 681 institutus
1913 619 2088 680 modo
2116 619 2453 680 liberaliter

421 722 526 784 sed
557 728 615 780 et
641 727 861 780 mature
887 715 1268 775 manumissus
1297 717 1410 769 est.
1502 705 1744 781 Quidam
1774 713 2005 784 captum
2051 721 2189 764 esse
2235 705 2447 765 existi-

421 815 608 881 mant,
641 801 792 880 quod
824 799 948 859 lieri
993 797 1150 858 nullo
1181 792 1357 855 modo
1388 791 1655 869 potuisse
1684 788 2023 848 Fenestella
2057 789 2265 862 docet,
2314 805 2503 848 cums

419 892 570 950 inter
605 887 774 946 finem
807 881 1046 944 secundi
1075 880 1273 941 Punici
1303 875 1452 936 belli
1494 884 1553 934 et
1598 875 1813 933 initium
1862 873 2017 931 tertii
2064 881 2231 932 natus
2276 873 2349 931 sit
2385 881 2453 931 et

421 980 707 1035 mortuus:
745 985 858 1027 nec
903 968 953 1026 si
983 985 1016 1026 a
1049 963 1310 1025 Numidis
1341 968 1401 1020 et
1438 956 1699 1020 Gaetulis
1732 965 1934 1035 captus
1966 957 2074 1032 sit,
2121 956 2194 1016 ad
2230 956 2451 1016 ducem

421 1057 737 1116 Romanum
765 1052 1076 1131 pervenire
1110 1047 1405 1127 potuisse,
1440 1043 1603 1102 nullo
1642 1041 1993 1102 commercio
2028 1041 2177 1099 inter
2198 1039 2449 1101 Italicos

426 1150 486 1199 et
507 1138 683 1198 Afros
710 1137 817 1195 nisi
846 1123 980 1213 post
1005 1132 1254 1192 deletam
1286 1126 1700 1203 Carthaginem
1722 1132 1957 1202 coepto.
2004 1122 2115 1184 Hic
2146 1141 2273 1182 cum
2296 1123 2449 1183 mul-

425 1226 497 1283 tis
523 1221 811 1280 nobilibus
840 1216 1195 1276 familiariter
1217 1213 1362 1272 vixit
1377 1255 1396 1287 .,
1428 1210 1536 1271 sed
1560 1209 1805 1268 maxime
1832 1226 1960 1268 cum
1982 1208 2260 1286 Scipione
2284 1207 2449 1268 Afri·
2472 1231 2541 1272 ιο

428 1322 574 1366 cano
612 1313 670 1363 et
709 1298 775 1361 G.
804 1300 1024 1361 Laelio.
1117 1294 1341 1372 Quibus
1372 1295 1545 1354 etiam
1582 1293 1849 1371 corporis
1878 1292 2066 1370 gratia
2096 1292 2452 1352 conciliatus

427 1388 814 1460 existimatur,
877 1382 1034 1462 quod
1085 1392 1145 1442 et
1184 1383 1374 1461 ipsum
1417 1377 1757 1438 Fenestella
1802 1376 2024 1454 arguit,
2082 1375 2455 1435 contendens

425 1481 672 1548 utroque
721 1469 1000 1528 maiorem
1042 1475 1176 1526 natu
1225 1465 1445 1539 fuisse,
1501 1461 1759 1542 quamvis
1808 1469 1866 1519 et
1912 1457 2116 1538 Nepos
2161 1459 2454 1538 aequales

430 1573 630 1614 omnes
673 1553 854 1612 fuisse
897 1550 1087 1610 tr‘adat
1117 1558 1178 1609 et
1203 1548 1447 1608 Porcius
1477 1545 1869 1625 suspicionem
1906 1543 1979 1602 de
2024 1542 2453 1604 consuetudine

429 1658 538 1718 per
565 1638 713 1699 haec
745 1636 948 1696 faciat:
2474 1658 2538 1698 15

550 1729 698 1785 Dum
723 1726 1003 1780 lasciviam
1032 1723 1288 1778 nobilium
1315 1727 1367 1777 et
1400 1719 1593 1776 laudes
1614 1719 1849 1790 fucosas
1868 1719 2025 1790 petit,

548 1813 696 1869 Dum
726 1809 990 1880 Africa-ni
1011 1821 1191 1862 vocem
1221 1805 1460 1862 divinam
1485 1803 1663 1858 inhiat
1687 1801 1859 1858 avidis
1892 1799 2144 1868 auribuS,

553 1895 695 1950 Dum
725 1893 804 1945 ad
829 1890 1051 1944 Philum
1075 1904 1137 1945 se
1165 1891 1411 1944 cenitare
1438 1892 1489 1943 et
1514 1886 1761 1942 Laelium
1782 1885 2082 1958 pulchrum
2102 1890 2286 1957 putat,

553 1976 700 2032 Dum
729 1988 790 2028 se
818 1975 1006 2027 amari
1029 1973 1100 2026 ab
1131 1972 1218 2036 his
1248 1973 1425 2027 credit
1649 1961 1686 1999 '¹‘
1990 1961 2027 1999 ³¹⁵
2173 1995 2186 2006 -

632 2049 669 2087 '¹‘
754 2056 949 2112 crebro
976 2058 1034 2110 in
1063 2055 1334 2112 Albanum
1364 2055 1593 2126 rapitur
1621 2053 1687 2108 ob
1706 2055 1905 2125 florem
1933 2056 2130 2109 aetatis
2154 2068 2309 2109 suae.
2468 2067 2533 2106 20

554 2141 691 2198 Post
714 2141 939 2197 sublatis
966 2140 1132 2194 rebus
1160 2140 1238 2194 ad
1261 2155 1533 2194 summam
1562 2139 1804 2208 inopiam
1833 2138 2093 2194 redactus
2125 2143 2222 2193 est.

549 2227 748 2298 Itaque
768 2241 799 2280 e
818 2230 1110 2296 conspectu
1131 2227 1372 2280 omnium
1402 2223 1516 2278 abit
1539 2223 1833 2280 Graeciam
1854 2224 1910 2276 in
1933 2227 2145 2276 terram
2178 2223 2450 2288 ultimam,

554 2310 835 2366 Mortuust
861 2308 1180 2381 Stymphale
1194 2351 1208 2378 ‚
1238 2308 1517 2363 Arcadiae
1544 2309 1601 2384 in
1630 2306 1849 2376 oppido.
1908 2305 2006 2360 Nil
2029 2305 2261 2362 Publius

534 2394 742 2465 Scipio
757 2393 1011 2464 profuit,
1040 2393 1122 2446 nil
1145 2393 1226 2447 illi
1250 2391 1502 2456 Laeliae,
1532 2391 1614 2445 nil
1638 2390 1867 2460 Furius,

561 2477 700 2531 Tres
717 2491 833 2546 per
859 2471 924 2529 id
945 2480 1155 2545 tempus
1181 2477 1278 2547 qui
1303 2475 1586 2546 agitabant
1611 2474 1817 2530 nobiles
1840 2474 2125 2544 facillime.
2468 2497 2529 2536 25

550 2559 762 2614 Eorum
795 2559 884 2612 ille
910 2573 1084 2629 opera
1112 2573 1183 2613 ne
1215 2557 1432 2614 domum
1459 2559 1674 2631 quidem
1701 2557 1891 2613 habuit
1914 2558 2329 2626 conducticiam,

553 2641 755 2697 Saltem
783 2646 844 2697 ut
869 2647 1012 2696 esset
1035 2658 1142 2713 quo
1169 2641 1417 2714 referret
1447 2642 1642 2698 obitum
1670 2642 1877 2696 domini
1898 2643 2173 2697 servulus,

593 2721 841 2798 Scripsit
893 2721 1229 2782 comoedias
1283 2739 1429 2794 sex,
1490 2740 1565 2780 ex
1617 2720 1823 2800 quibus
1877 2721 2118 2799 primam
2164 2719 2451 2780 Andriam

429 2823 556 2864 cum
587 2804 872 2864 aedilibus
906 2806 1102 2881 daret,
1136 2806 1330 2865 iussus
1359 2814 1492 2865 ante
1518 2803 1779 2864 Caecilio
1812 2807 2098 2879 recitare,
2133 2805 2206 2864 ad
2229 2821 2449 2866 cenan-

427 2899 544 2948 tem
589 2907 717 2948 cum
759 2889 1054 2965 venisset,
1099 2888 1286 2949 dictus
1337 2899 1429 2948 est
1468 2890 1682 2948 initium
1716 2889 1947 2966 quidem
1977 2888 2237 2966 fabulae,
2286 2890 2450 2969 quod
2470 2911 2534 2954 ao

429 2982 555 3033 erat
600 2974 1026 3052 contemptiore
1062 2975 1312 3048 vestitu,
1364 2973 1644 3032 subsellio
1680 2974 1837 3032 iuxta
1865 2972 2143 3032 lectulum
2176 2973 2450 3033 residens

427 3057 687 3134 legisse,
735 3067 870 3136 post
925 3073 1146 3137 paucos
1191 3073 1338 3116 vero
1387 3075 1595 3116 versus
1639 3058 1910 3116 invitatus
1957 3065 2020 3115 ut
2064 3055 2452 3118 accumberet

427 3157 674 3200 cenasse
700 3160 842 3220 una,
877 3141 1009 3202 dein
1043 3150 1243 3200 cetera
1275 3142 1721 3220 percucurrisse
1752 3157 1868 3199 non
1900 3140 2027 3199 sine
2057 3159 2266 3219 magna
2293 3140 2449 3202 Cae-

430 3221 546 3280 cilii.
585 3224 980 3284 admiratione.
1051 3224 1125 3286 Et
1176 3224 1324 3284 hanc
1380 3233 1569 3284 autem
1622 3234 1682 3284 et
1735 3225 1987 3302 quinque
2038 3225 2299 3306 reliquas
2345 3244 2449 3286 ae-

428 3303 677 3382 qualiter
716 3307 938 3383 populo
984 3308 1288 3386 probavit,
1336 3310 1597 3388 quamvis
1636 3307 1940 3368 Vulcatius
1983 3307 2447 3370 dinumeratione
2466 3331 2531 3374 as

427 3387 674 3446 omnium
705 3389 782 3448 ita
818 3389 1070 3449 scribat:

729 3477 991 3533 Sumetur
1010 3479 1242 3552 Hecyra
1273 3485 1437 3535 sexta
1467 3495 1542 3536 ex
1568 3481 1655 3536 his
1682 3480 1902 3552 fabula.

425 3550 736 3612 Eunuchus
782 3556 1012 3634 quidem
1054 3557 1144 3617 bis
1186 3558 1280 3617 die
1324 3569 1453 3618 acta
1501 3569 1592 3619 est
1620 3560 1945 3640 meruitque
1978 3561 2227 3638 pretium
2263 3579 2446 3640 quan-

2668 2857 2673 3008 l
