2700 4234
527 316 1084 367 DEPERUITORUM
1124 316 1489 367 mulionum
1532 305 1937 379 RELIQUIA'E.
2110 305 2235 369 299

233 471 362 533 dius
404 480 582 551 poeta
611 472 670 529 in
704 470 883 531 exilio
914 472 1071 549 perit
1101 480 1161 531 et
1191 472 1348 532 iuxta
1392 471 1664 552 oppidum
1698 470 1924 533 Tomos
1956 473 2239 553 sepelitur

235 574 296 617 a.
337 564 469 618 77.0
505 562 634 615 771.

357 638 657 699 Philistion
681 638 1111 717 mimographus
1141 640 1375 699 natione
1404 638 1735 737 Magnesius
1760 639 2035 700 Asianus
2044 640 2235 701 clarus

231 724 481 787 habetur
506 722 727 783 Romae
758 730 1188 784 α.759-761.

181 832 210 873 5
354 807 589 868 Persius
647 804 900 866 Flaccus
945 807 1211 866 satiricus
1264 815 1443 885 poeta
1481 806 1809 869 volaterris
1865 807 2122 867 nascitur
2171 822 2231 867 a.

235 899 366 954 787.
406 898 522 952 788
571 935 585 950 .
633 934 647 949 .
691 933 705 947 .
757 890 990 949 Persius
1031 890 1454 951 volaterranus
1485 892 1751 952 satiricus
1783 899 1957 971 poeta
2000 892 2235 951 moritur

231 991 380 1035 anno
411 974 620 1034 aetatis
650 990 790 1034 suae
824 974 1112 1050 vigesimo
1147 990 1302 1035 nono
1331 990 1393 1035 a.
1428 982 1563 1049 815.
1594 983 1727 1037 816.
2262 991 2267 997 ·

369 1073 492 1124 Vita
512 1072 578 1123 A.
594 1071 759 1123 Persii
771 1072 939 1123 Flacci
963 1071 1118 1137 vulgo
1143 1070 1228 1121 hic
1252 1074 1377 1138 poni
1403 1074 1553 1123 solita
1580 1089 1611 1124 a
1634 1074 1782 1125 nobis
1806 1074 1997 1124 omissa
2018 1079 2112 1133 est,
2124 1086 2237 1123 cum

229 1149 428 1193 veteres
451 1141 571 1191 libri
593 1140 658 1191 de
681 1140 1038 1190 commentario
1063 1140 1216 1191 Probi
1237 1140 1432 1191 Valerii
1456 1142 1707 1193 sublatam
1730 1142 2094 1193 demonstrent.

159 1242 214 1285 10
357 1226 436 1287 M.
468 1226 742 1286 Annaeus
775 1224 1036 1286 Lucanus
1053 1219 1449 1287 Cordubensis
1482 1235 1658 1305 poeta
1688 1230 1746 1287 in
1766 1227 2066 1287 Pisoniana
2099 1242 2233 1285 con·
2300 1228 2305 1233 '

231 1312 516 1372 iuratione
559 1309 959 1389 deprehensus
1003 1308 1297 1370 brachium
1341 1310 1736 1372 adsecandas
1779 1328 1961 1370 venas
2006 1309 2235 1373 medico

233 1393 499 1476 praebuit
533 1411 595 1455 a.
623 1401 753 1455 817.
791 1399 922 1455 818.
2093 1458 2098 1461 ,

358 1479 391 1520 *
434 1479 467 1520 *
509 1479 542 1520 *
588 1479 770 1557 prima
811 1477 1025 1554 ingenii
1067 1478 1465 1557 experimenta
1521 1478 1577 1537 in
1620 1476 1948 1537 Neronis
2008 1474 2235 1537 laudi-

231 1562 367 1623 bus
416 1562 574 1623 dedit
620 1560 1030 1641 quinquennali
1054 1562 1390 1637 certamine,
1447 1561 1581 1622 dein
1644 1559 1881 1621 civile
1932 1559 2235 1635 bellum,

159 1654 214 1695 1⁵
232 1646 388 1725 quod
430 1664 461 1706 a
501 1646 778 1722 Pompeio
816 1653 876 1705 et
913 1642 1172 1705 Caesare
1212 1654 1442 1723 gestum
1483 1653 1607 1721 est,
1645 1644 1945 1719 recitavit,
1978 1652 2037 1703 nt
2068 1660 2235 1721 prae-

231 1730 450 1790 fatione
484 1728 727 1808 quadam
755 1737 1005 1789 aetatem
1043 1737 1104 1807 et
1131 1730 1287 1789 initia
1317 1746 1581 1789 suacum
1611 1726 1859 1805 Virgilio
1896 1744 2237 1806 comparans

233 1829 406 1873 ausus
440 1812 514 1871 sit
547 1810 782 1872 dicere:

1275 1908 1328 1957 el
1353 1906 1621 1973 quantum
1646 1898 1781 1955 mihi
1804 1900 1977 1955 restat

565 1983 657 2039 Ad
681 1983 954 2041 Culicem?

153 2079 213 2121 το
233 2062 342 2124 Hic
365 2063 525 2123 initio
551 2062 1005 2139 adolescentiae,
1034 2082 1159 2123 cum
1185 2063 1261 2124 ob
1285 2064 1555 2123 infestum
1578 2061 1994 2123 matrimonium
2015 2068 2238 2139 patrem

231 2165 394 2207 suum
452 2148 572 2206 ruri
623 2164 803 2224 agere
865 2146 1203 2224 longissime
1271 2148 1648 2226 cognovisset
1705 2146 1735 2187 *
1767 2146 1797 2187 *
1831 2145 1864 2186 *
1926 2152 2239 2204 revocatus

231 2230 472 2291 Athenis
507 2248 542 2290 a
573 2228 809 2290 Nerone
841 2230 1185 2310 cohortique
1227 2233 1540 2292 amicorum
1581 2227 1833 2290 additus
1846 2237 2022 2305 atque
2068 2228 2239 2287 etiam

233 2314 542 2393 quaestura
573 2313 920 2391 honoratus,
951 2330 1067 2373 non
1103 2322 1294 2374 tamen
1323 2315 1639 2393 permansit
1680 2314 1737 2371 in
1782 2313 1989 2389 gratia.
2048 2309 2237 2387 Siqui-

232 2399 366 2459 dem
407 2416 588 2476 aegre
632 2397 865 2473 ferens,
907 2398 1189 2458 recitante
1235 2417 1302 2458 se
1339 2400 1529 2459 subito
1562 2415 1632 2457 ac
1662 2396 1818 2456 nulla
1849 2395 1957 2454 nisi
1991 2393 2238 2470 refrige-

156 2502 212 2543 25
233 2481 396 2542 randi
433 2482 519 2542 sui
544 2498 720 2541 causa
744 2480 961 2541 indicto
987 2490 1190 2542 senatu
1212 2483 1539 2543 recessisse
1554 2526 1572 2557 ,
1598 2498 1791 2559 neque
1813 2478 2011 2539 verbis
2035 2478 2239 2537 adver-

231 2583 332 2625 sus
371 2565 691 2644 principem
721 2582 914 2644 neque
945 2564 1116 2625 factis
1157 2566 1484 2626 extantibus
1528 2573 1665 2644 post
1692 2564 1841 2624 haec
1872 2562 2238 2640 temperavit,

230 2648 381 2709 adeo
426 2658 486 2709 ut
530 2648 815 2727 quondam
857 2650 914 2708 in
959 2649 1182 2709 latrinis
1227 2649 1480 2728 publicis
1528 2649 1777 2709 clariore
1823 2666 1949 2707 cum
1991 2645 2239 2722 strepitu

225 2732 449 2792 ventris
480 2732 675 2792 emissi
701 2732 1122 2793 hemistichium
1153 2731 1407 2794 Neronis
1433 2750 1639 2811 magna
1664 2748 2077 2791 consessorum
2100 2728 2237 2805 fuga

227 2816 637 2895 pronuntiarit.
625 2837 638 2849 ·

153 2915 212 2957 so
540 2902 656 2961 Sub
689 2906 856 2959 terris
881 2906 1119 2961 tonuisse
1138 2912 1319 2976 putes·

227 2980 350 3043 Sed
383 2990 441 3041 et
474 2981 700 3043 famoso
733 2985 986 3054 carmine
1027 3001 1155 3044 cum
1199 2985 1443 3068 ipsum
1416 2992 1535 3043 tum
1560 2982 1995 3062 potentissimos
2026 2979 2237 3040 amico-

223 3084 351 3126 rum
383 3068 726 3143 gravissime
764 3067 1064 3167 proscidit.
1153 3066 1246 3127 Ad
1285 3078 1605 3128 extremum
1635 3083 1825 3146 paene
1863 3063 2108 3143 signifer
2149 3062 2238 3123 Pi-

224 3150 505 3209 sonianae
563 3152 970 3210 coniurationis
1023 3152 1244 3228 extitit,
1291 3152 1504 3212 multus
1548 3152 1607 3209 in
1636 3150 1825 3228 gloria
1856 3145 2238 3225 tyrannicida-

224 3251 350 3292 rum
380 3232 571 3311 palam
599 3233 990 3310 praedicanda
1021 3252 1091 3294 ac
1122 3236 1330 3314 plenus
1366 3236 1678 3310 minarum,
1714 3251 1897 3311 usque
1932 3249 2006 3292 eo
2034 3232 2238 3291 intem-

148 3332 446 3395 ssperans
488 3327 549 3377 ut
582 3314 853 3377 Caesaris
901 3328 1074 3396 caput
1121 3320 1387 3397 proximo
1434 3318 1643 3396 cuique
1675 3318 1941 3377 iactaret.
2021 3314 2239 3375 Verum

227 3400 464 3461 detecta
521 3403 919 3461 coniuratione
977 3419 1343 3482 nequaquam
1396 3419 1596 3481 parem
1642 3402 1813 3462 animi
1861 3400 2240 3461 constantiam

223 3484 548 3563 praestitit3
590 3484 765 3546 facile
814 3487 963 3546 enim
1009 3485 1320 3546 confessus
1350 3495 1411 3546 et
1438 3485 1511 3545 ad
1547 3485 1899 3546 humillimas.
1928 3482 2238 3544 devolutus

223 3584 444 3645 preces
472 3577 713 3629 matrem
748 3587 983 3649 quoque
1014 3570 1302 3630 innoxiam
1326 3570 1477 3629 inter
1507 3570 1705 3629 socios
1729 3566 2064 3643 nominavit,
2102 3582 2212 3643 spe

1769 3736 1783 3789 Ξ
