2700 4234
492 304 613 366 152
700 316 761 365 c.
789 315 1091 366 summ-11
1128 314 1386 376 vrsano,
1417 313 1514 362 ms
1545 314 1710 362 vr‘rA
1740 312 2111 362 cAEsAumr
2141 314 2282 364 mn.
2312 315 2382 364 V.

410 480 472 531 10
492 470 837 552 pependerit
892 470 1000 532 sub
1058 469 1250 531 edicto
1320 470 1769 549 praefectorum.
1867 468 1980 528 Per
2033 467 2182 532 haec
2237 486 2310 529 ac
2361 467 2502 528 talia

488 557 733 616 maxima
784 557 991 615 aetatis
1043 563 1208 633 parte
1259 562 1582 629 transacta,
1653 553 2134 631 quinquagesimo
2189 568 2340 612 anno
2393 553 2496 614 im-

488 640 711 718 perium
744 638 901 718 cepit
932 637 1291 716 quantumvis
1318 637 1566 697 mirabili
1597 654 1752 696 casu.
1827 634 2120 697 Exclusus
2160 636 2310 696 inter
2341 644 2496 696 cete-

485 740 587 784 ros
618 722 691 782 ab
732 720 1160 782 insidiatoribus
1208 720 1339 799 Gai,
1389 739 1546 798 cum,
1593 721 1758 799 quasi
1810 728 2099 780 secretum
2141 737 2215 781 eo
2269 717 2497 780 deside-

487 816 682 884 rante,
751 804 975 866 turbam
1040 803 1482 881 submoverent,
1539 806 1596 863 in
1653 803 1936 880 diaetam,
1992 805 2082 863 cui
2139 821 2354 866 nomen
2405 811 2543 861 ests

484 889 863 966 Hermaeum,
911 896 1274 958 recesserat;
1344 905 1534 968 neque
1585 886 1764 948 multo
1816 896 1952 965 post
2003 904 2238 948 rumore
2301 885 2498 946 caedis

488 973 833 1048 exterritus,
881 973 1177 1051 prorepsit
1219 971 1291 1032 ad
1332 971 1604 1032 solarium
1645 972 1968 1049 proximum
2019 971 2285 1050 interque
2328 986 2496 1048 prae-

485 1065 643 1116 tenta
707 1055 931 1116 foribus
982 1055 1114 1116 vela
1171 1073 1236 1114 se
1292 1053 1525 1114 abdidit.
1611 1053 1906 1114 Latentem
1961 1053 2294 1116 discurrens
2342 1053 2498 1114 forte

486 1141 794 1218 gregarius
828 1139 1024 1216 mileS,
1062 1137 1476 1198 animadversis
1512 1137 1786 1217 pedibus,
1847 1155 1882 1197 e
1929 1137 2120 1198 studio
2165 1136 2496 1198 sciscitandi

487 1225 745 1304 quisnam
777 1232 963 1299 esset,
1008 1221 1319 1299 adgnovit,
1365 1229 1801 1301 extractumque
1831 1230 1892 1282 et
1933 1240 2076 1302 prae
2107 1230 2260 1282 metu
2291 1219 2364 1280 ad
2395 1238 2495 1298 ge·
2517 1235 2564 1276 ιο

484 1324 596 1366 nua
638 1305 748 1366 sibi
799 1305 1159 1365 adcidentem
1205 1307 1616 1385 imperatorem
1657 1305 1942 1365 salutavit.
2029 1305 2178 1366 Hinc
2230 1304 2302 1365 ad
2351 1304 2497 1364 alios

486 1388 910 1449 commilitones
944 1388 1272 1450 fluctuantis
1318 1407 1432 1449 nec
1477 1390 1782 1469 quicquam
1812 1387 1998 1449 adhuc
2035 1407 2204 1468 quam
2247 1389 2496 1448 fremen-

482 1475 556 1533 tis
588 1471 875 1551 perduxit.
962 1471 1057 1532 Ab
1088 1472 1177 1532 his
1208 1473 1458 1534 lecticae
1486 1475 1792 1552 impositus
1834 1481 1925 1549 et,
1976 1474 2108 1551 quia
2137 1473 2226 1532 sui
2255 1471 2496 1548 diffuge-

484 1564 643 1633 rant,
686 1557 944 1616 vicissim
988 1557 1444 1618 succollantibus
1487 1559 1544 1616 in
1587 1565 1778 1618 castra
1823 1556 2050 1616 delatus
2092 1565 2183 1616 est
2213 1557 2392 1615 tristis
2429 1571 2499 1614 ac

484 1638 773 1718 trepidus,
830 1642 1139 1702 miserante
1180 1640 1353 1701 obvia
1400 1640 1566 1701 turba
1588 1641 1752 1719 quasi
1783 1638 1856 1700 ad
1901 1656 2149 1718 poenam
2187 1648 2497 1717 raperetur
2521 1659 2570 1700 ιι

384 1767 390 1776 ·
484 1725 703 1784 insons.
790 1725 1092 1802 Receptus
1120 1725 1268 1784 intra
1302 1725 1546 1801 vallum,
1592 1725 1743 1784 inter
1779 1722 2058 1784 excubias
2087 1721 2324 1782 militum
2365 1741 2498 1802 per-

484 1809 777 1884 noctavit,
818 1808 1112 1887 aliquanto
1141 1809 1365 1868 minore
1398 1827 1504 1886 spe
1535 1825 1704 1886 quam
1731 1806 1957 1869 fiducia.
2045 1806 2192 1868 Nam
2225 1805 2502 1868 consules
2531 1831 2536 1834 ·

487 1909 614 1950 cum
649 1899 851 1950 senatu
884 1901 944 1951 et
973 1891 1311 1952 cohortibus
1340 1891 1574 1952 urbanis
1603 1890 1789 1952 forum
1820 1889 2285 1970 Capitoliumque
2325 1909 2497 1952 occu-

486 1981 797 2052 paverant,
856 1975 1134 2034 asserturi
1190 1992 1546 2035 communem
1599 1974 1954 2045 libertatem;
2035 1977 2376 2053 accitusque
2441 1981 2502 2032 et

484 2059 615 2136 ipse
645 2073 753 2134 per
786 2055 905 2118 TR.
938 2056 1044 2117 PL.
1077 2057 1134 2116 in
1165 2054 1378 2118 curiam
1410 2057 1482 2118 ad
1516 2058 1808 2120 suadenda
1845 2077 1992 2138 quae
2023 2057 2389 2135 viderentur,
2436 2057 2502 2116 vi
2519 2068 2568 2108 2⁰

482 2157 552 2200 se
580 2145 639 2199 et
670 2143 1037 2216 necessitate
1082 2143 1278 2201 teneri
1311 2143 1634 2222 respondit.
1724 2144 1941 2204 Verum
1983 2151 2224 2221 postero
2266 2140 2400 2217 die,
2446 2143 2506 2200 e‘t

484 2231 689 2304 senatu
716 2212 993 2302 sedniore
1028 2227 1085 2306 in
1118 2225 1480 2305 exequendis
1522 2225 1822 2289 conatibus
1859 2243 1965 2304 per
2001 2225 2250 2286 taedium
2285 2242 2358 2285 ac
2387 2224 2502 2285 dis-

485 2309 819 2368 sensionem
862 2309 1094 2370 diversa
1136 2313 1520 2388 censentium,
1557 2320 1616 2370 et
1653 2309 2008 2370 multitudine
2055 2328 2206 2389 quae
2257 2309 2500 2369 circum-

484 2391 674 2452 stabat
719 2411 888 2454 unum
929 2397 1222 2454 rectorem
1252 2395 1364 2454 iam
1395 2403 1454 2455 et
1493 2393 1826 2454 nominatim
1869 2402 2264 2473 exposcente,
2315 2411 2500 2454 arma-

484 2485 577 2536 tos
610 2491 718 2552 pro
754 2477 1029 2537 contione
1062 2478 1252 2538 iurare
1276 2479 1333 2538 in
1366 2496 1574 2546 nomen
1618 2495 1780 2538 suum
1815 2495 2022 2556 passus
2068 2487 2159 2538 est
2207 2478 2499 2557 promisit·
2518 2493 2567 2534 π

486 2575 600 2637 que
647 2558 889 2633 singulis
944 2561 1112 2638 quina
1168 2560 1315 2621 dena
1359 2563 1683 2639 sestertia,
1720 2563 1938 2641 primus
1970 2560 2284 2623 Caesarum
2327 2560 2501 2622 fidem

484 2641 680 2701 militis
712 2642 881 2702 etiam
912 2645 1171 2721 praemio
1200 2647 1559 2723 pigneratus.

400 2727 463 2780 11
608 2723 862 2802 Imperio
906 2725 1190 2805 stabilito,
1248 2728 1387 2788 nihil
1424 2730 1710 2808 antiquius
1751 2730 1910 2790 duxit
1944 2748 2114 2809 quam
2144 2728 2201 2789 id
2239 2726 2498 2804 biduum,

485 2825 601 2888 quo
635 2807 705 2868 de
742 2809 1009 2870 mutando
1040 2812 1126 2870 rei
1159 2829 1217 2892 p.
1250 2820 1400 2872 statu
1430 2813 1772 2874 haesitatum
1813 2823 1968 2890 erat,
2029 2813 2269 2874 memori
2311 2830 2344 2871 e
2375 2814 2500 2876 exi-

481 2910 661 2952 mere.
752 2891 1013 2957 Omnium
1056 2895 1250 2975 itaque
1290 2895 1573 2957 factorum
1613 2897 2014 2976 dictorumque
2052 2899 2110 2957 in
2155 2913 2228 2956 eo
2300 2879 2504 2956 '‘eniam
2519 2907 2568 2949 3⁰

484 2985 543 3037 et
596 2975 952 3038 oblivionem
1004 2980 1060 3038 in
1120 2987 1462 3058 perpetuum
1515 2983 1705 3041 sanxit
1761 3001 1830 3042 ac
1883 2981 2198 3062 praestiti-t,
2253 2979 2504 3040 tribunis

481 3061 656 3122 modo
708 3079 781 3122 ac
824 3061 1257 3124 centurionibus
1300 3066 1500 3141 paucis
1533 3083 1566 3124 e
1609 3065 2036 3126 coniuratorum
2067 3066 2125 3124 in
2157 3061 2362 3126 Gaium
2401 3081 2502 3123 nu-

480 3162 643 3206 mero
674 3147 1072 3226 interemptis,
1144 3145 1397 3224 exempli
1447 3147 1612 3207 simul
1645 3166 1820 3210 causa
1855 3158 1914 3209 et
1955 3149 2110 3229 quod
2157 3165 2319 3208 suam
2355 3163 2502 3226 quo-

486 3245 600 3306 que
645 3229 885 3289 caedem
930 3229 1358 3310 depoposcisse
1401 3242 1781 3309 cognoverat.
1874 3231 2209 3294 Conversus
2241 3230 2394 3292 hinc
2430 3230 2503 3292 ad
2633 3305 2638 3308 Ι

485 3311 677 3372 officia
710 3313 978 3391 pietatis,
1023 3314 1111 3373 ius
1146 3312 1442 3375 iurandum
1470 3333 1661 3394 neque
1693 3319 1947 3376 sanctius
1979 3317 2087 3376 sibi
2129 3332 2324 3394 neque
2369 3332 2499 3374 cre·
2522 3331 2570 3374 as

484 3395 644 3454 brius
681 3397 918 3456 instituit
973 3414 1141 3475 quam
1198 3416 1308 3478 per
1353 3397 1692 3478 Augustum.
1780 3400 1970 3463 Aviae
2025 3400 2220 3461 Liviae
2265 3397 2504 3459 divinos
2567 3449 2574 3456 .
2659 3393 2668 3400 ’

482 3476 740 3539 honores
800 3487 859 3538 et
908 3480 1157 3541 circensi
1216 3494 1432 3562 pompa
1469 3485 1716 3544 'currum
1767 3483 2240 3563 elephantorum,
2295 3480 2503 3559 Augu-

483 3562 635 3621 stino
664 3561 943 3640 similem,
978 3561 1344 3627 decernenda
1379 3568 1628 3638 curavit;
1673 3568 2008 3647 parentibus
2037 3564 2506 3644 inferias'publi-
