2700 4234
887 311 988 358 ms
1019 311 1483 362 meamus.
2068 304 2189 366 271

179 467 506 544 imminent,
539 464 652 526 sed
677 465 945 527 materia
969 463 1188 543 facilis
1220 467 1286 527 in
1323 474 1381 527 te
1416 476 1473 528 et
1500 468 1563 528 in
1590 475 1731 530 tuos
1764 469 1933 530 dicta
1964 469 2188 532 dicere.

178 551 260 614 At
291 558 526 632 quanta
558 567 794 611 merces
825 549 1063 611 rhetori
1090 557 1184 610 est
1211 550 1401 611 data!
1434 550 1691 630 Audite,
1735 553 1981 630 audite,
2015 553 2081 614 Ρ.
2119 553 2187 614 0.

180 644 237 697 et
267 635 618 716 cognoscite
662 634 758 694 rei
789 652 857 714 p.
905 634 1185 694 vulnera.
1259 633 1403 696 Duo
1452 636 1626 696 milia
1672 637 1948 717 iuqerum
1987 639 2195 716 campi

178 718 460 780 Leontini
497 716 646 778 Sem.
685 715 905 779 Clodio
943 717 1184 778 rhetori
1219 719 1565 798 assiqua-sti
1599 726 1656 780 et
1686 720 1925 801 quidem
1976 721 2186 782 immu-

136 821 157 860 5
177 804 312 879 nia,
346 811 412 864 ut
440 809 616 864 tanta
645 801 928 862 mercede
955 800 1112 862 nihil
1139 819 1369 880 sapere
1412 802 1708 864 dtkceres.

301 886 367 947 C.
411 885 696 947 Albucius
739 885 925 961 Silus,
970 884 1379 963 Novariensis,
1437 906 1564 948 cum
1592 887 1887 948 aedilitate
1916 891 1972 947 in
2004 891 2246 967 patria6

175 971 542 1048 fungeretur,
578 988 704 1030 cum
733 969 886 1029 forte
915 971 1004 1028 ius
1035 968 1295 1046 diceret,
1327 971 1400 1031 ab
1427 973 1498 1031 iis
1532 980 1731 1033 contra
1764 988 1911 1050 quos
1938 988 2183 1051 pronun-

174 1055 350 1116 tiabat
382 1052 629 1134 pedibus
661 1071 694 1114 e
726 1053 993 1114 tribunali
1030 1051 1322 1114 detractus
1361 1065 1467 1114 est.
1521 1056 1691 1131 Quod
1721 1055 1955 1134 indigne
1973 1055 2187 1131 ferens,

175 1138 360 1200 statim
395 1137 693 1198 contendit
737 1137 809 1198 ad
839 1146 1063 1217 portam
1106 1145 1164 1196 et
1193 1137 1327 1198 inde
1375 1138 1647 1217 Romam,
1692 1149 2089 1219 receptusque
2132 1141 2188 1199 in

52 1205 55 1274 l
113 1223 371 1284 roPlanci
404 1224 653 1283 oratoris
677 1221 1138 1300 contubernium,
1176 1223 1266 1282 cui
1297 1220 1689 1284 declamatum
1716 1242 1843 1283 mos
1880 1231 2005 1284 erat
2026 1224 2187 1302 prius

170 1307 420 1386 aliquem
453 1309 549 1385 qui
579 1314 710 1366 ante
744 1305 966 1366 diceret
991 1307 1283 1384 excitare,
1316 1309 1577 1386 suscepit
1611 1325 1711 1368 eas
1747 1315 1975 1386 partes,
2013 1315 2186 1387 atque

171 1393 244 1450 ita
285 1389 552 1470 implevit
595 1398 655 1449 ut
694 1389 910 1450 Planco
957 1389 1245 1450 silentium
1286 1392 1648 1469 imponeret,
1697 1409 1811 1451 non
1857 1392 2087 1452 audenti
2130 1395 2187 1451 in

173 1476 665 1554 comparationem
697 1491 763 1532 se
786 1473 1107 1533 demittere.
1170 1473 1287 1534 Sed
1312 1492 1388 1533 ex
1407 1491 1479 1535 eo
1507 1473 1731 1552 clarus,
1765 1479 2005 1556 propria
2030 1475 2184 1536 audi·

172 1560 314 1619 toria
355 1558 625 1634 instituit,
661 1557 867 1618 solitus
899 1559 1203 1636 proposita
1237 1560 1639 1619 controversia
1665 1557 1877 1619 sedens
1903 1561 2185 1637 incipere,

116 1659 155 1698 1⁵
175 1651 228 1701 et
268 1641 468 1702 calore
512 1639 737 1701 demum
781 1651 1095 1720 provectus
1130 1658 1493 1720 consurgere
1536 1661 1606 1701 ac
1635 1660 1949 1722 perorare,
1992 1640 2184 1701 decla-

172 1743 324 1786 mare
371 1733 560 1786 autem
602 1742 824 1803 genere
866 1727 1065 1786 vario:
1108 1725 1282 1786 modo
1327 1724 1631 1804 splendide
1670 1735 1843 1804 atque
1888 1724 2185 1800 adornate,

173 1818 312 1887 tum,
345 1827 422 1869 ne
450 1826 636 1888 usque
673 1825 901 1888 quaque
929 1808 1316 1870 scholasticus
1347 1812 1808 1885 existimaretur,
1844 1810 2185 1868 circumcise

175 1912 238 1953 ac
272 1892 508 1954 sordide
547 1902 604 1952 et
637 1901 850 1952 tantum
880 1910 996 1952 non
1030 1892 1355 1953 trivialibus
1385 1893 1601 1954 verbis.
1678 1892 1819 1970 Egit
1868 1902 1926 1952 et
1958 1909 2184 1968 causas,

173 1995 366 2036 verum
399 1978 615 2054 rarius,
650 1975 779 2036 dum
810 1975 1218 2055 amplissimam
1247 1995 1534 2056 quamque
1558 1985 1847 2054 sectatur,
1877 1995 1989 2037 nec
2013 1977 2184 2038 alium

113 2071 157 2110 ²0
175 2061 226 2120 in
258 2061 374 2121 ulla
405 2059 603 2136 locum·
630 2078 798 2139 quam
840 2060 1170 2140 perorandi.
1241 2060 1454 2122 Postea
1496 2061 1842 2122 renuntiavit
1884 2060 2018 2120 foro
2055 2077 2183 2138 par·

174 2146 263 2204 tim
292 2143 553 2225 pudore,
587 2146 793 2224 partim
815 2151 998 2214 metm
1039 2162 1168 2205 nam
1199 2162 1326 2205 cum
1360 2147 1418 2204 in
1454 2145 1555 2205 lite
1597 2143 1839 2224 quadam
1872 2145 2183 2203 centumvi-

172 2229 302 2309 rali,
333 2226 708 2306 adversariO,
753 2245 923 2308 quem
963 2237 1024 2288 ut
1053 2229 1282 2308 impium
1332 2246 1476 2306 erga
1514 2236 1788 2307 parentes
1828 2226 2183 2302 incessebat,

173 2314 252 2372 ius
279 2312 575 2374 iurandum
608 2314 770 2391 quasi
805 2329 912 2391 per
945 2313 1182 2390 liguram
1217 2314 1303 2372 sic
1346 2312 1683 2390 optulisset:
1731 2307 1889 2370 Iura
1912 2326 2033 2388 per
2058 2327 2180 2390 pa-

176 2397 281 2456 tris
333 2395 676 2475 matrisque
729 2396 1002 2473 cineres,
1055 2395 1164 2476 qui
1197 2395 1499 2457 inconditi
1552 2394 1800 2456 iacent!
1859 2402 1916 2453 et
1966 2392 2075 2453 alia
2128 2395 2183 2451 in

114 2485 158 2524 ²⁵
175 2477 314 2540 hunc
335 2479 595 2555 modum,
634 2481 947 2559 arripiente
974 2497 1045 2540 eo
1076 2479 1495 2558 conditionem,
1529 2497 1641 2539 nec
1668 2477 1951 2538 iudicibus
1984 2494 2182 2556 asper·

176 2564 464 2641 nantibus,
520 2581 634 2622 non
675 2564 799 2623 sine
838 2580 1047 2641 magna
1093 2565 1178 2624 sui
1220 2563 1431 2624 invidia
1473 2564 1767 2641 negotium
1808 2562 2030 2622 afflixit.
2111 2559 2186 2620 Et

175 2665 363 2709 rursus
403 2649 461 2707 in
504 2648 837 2724 cognitione
875 2646 1071 2708 caedis
1110 2646 1423 2709 Mediolani
1472 2647 1622 2727 apud
1650 2647 1711 2707 L.
1748 2645 2016 2706 Pisonem
2049 2660 2182 2722 pro-

177 2730 466 2792 consulem
511 2729 830 2791 defendens
881 2748 1074 2808 reum,
1124 2749 1250 2790 cum
1306 2730 1647 2791 cohiberent
1698 2729 1940 2789 lictores
1985 2729 2186 2788 nimias

176 2811 510 2876 laudantium
556 2830 772 2890 voces,
815 2822 873 2874 et
913 2815 992 2875 ita
1031 2814 1474 2892 excanduisset‚
1528 2823 1587 2872 ut
1626 2812 1933 2893 deplorato
1982 2810 2183 2871 Italiae

117 2910 160 2950 ³0
179 2905 316 2958 statu
335 2943 352 2975 ,
387 2898 574 2979 quasi
610 2898 828 2959 iterum
863 2896 930 2958 in
945 2895 1218 2978 formam
1241 2897 1613 2978 provinciae
1642 2895 2030 2975 rediqeretur
2047 2938 2064 2970 ,
2104 2893 2181 2954 Μ.

176 2981 404 3062 insuper
443 2981 708 3058 Brutum,
765 2983 924 3041 cuius
966 2990 1154 3043 statua
1200 2983 1256 3042 in
1302 2989 1624 3061 conspectu
1669 2986 1827 3055 erat,
1880 2979 2185 3037 invocaret

176 3064 363 3144 lequm
389 3084 468 3128 ac
495 3064 803 3127 libertatis
832 3072 1148 3127 auctorem
1172 3073 1230 3127 et
1249 3064 1587 3140 vindicem,
1622 3082 1772 3143 pene
1809 3079 2033 3140 poenas
2057 3058 2201 3134 luit.-

176 3146 284 3208 lam
316 3159 503 3211 autem
535 3149 840 3210 senior-ob
873 3149 1069 3210 vitium
1094 3151 1357 3210 vomicae
1388 3149 1701 3210 Novariam
1733 3145 1929 3222 rediit,
1968 3160 2181 3205 convo-

180 3241 413 3314 cataque
444 3232 625 3315 plebe
655 3235 842 3294 causis
862 3279 878 3309 ‚
921 3243 1165 3313 propter
1189 3251 1332 3314 quas
1363 3233 1508 3292 mori
1557 3232 1937 3308 destinasset,
1985 3227 2080 3290 diu
2114 3245 2180 3290 ac

179 3330 331 3378 more
359 3317 758 3378 concionantis
786 3317 1060 3395 redditis,
1095 3316 1365 3378 abstinuit
1399 3315 1551 3376 cibo.

1047 3484 1316 3525 *ια*
