2700 4234
461 265 587 328 288
1017 280 1076 327 c.
1115 278 1444 328 sUE‘roml
1478 279 1909 340 TRANQUILLI

460 433 698 513 quillum
729 432 1130 514 Graecumque
1159 436 1553 516 Apollonium.
1608 432 2017 514 Hieronymus
2043 433 2131 494 ad
2148 433 2483 494 Desideri-

461 535 563 576 um
593 524 633 578 t.
674 526 706 577 1
722 534 791 595 p.
828 527 938 580 211
959 518 1118 580 Van.
1185 517 1405 595 Legisti
1437 521 1585 577 enim
1614 526 1673 578 et
1702 517 1963 579 Graecos
1994 526 2051 578 et
2080 517 2335 593 Latinos,
2374 519 2487 596 qui

462 607 612 664 vitas
660 603 914 662 virorum
955 602 1257 661 illustrium
1284 600 1755 680 descripserunt,
1806 602 1959 680 quod
1990 619 2275 679 nunquam
2304 601 2476 680 Epi-

461 687 788 767 taphium
829 686 1051 745 titulum
1079 685 1425 761 indiderint,
1471 684 1577 744 sed
1623 684 1706 744 de
1746 684 2199 745 illustribus
2249 686 2473 761 viris,

462 771 630 832 verbi
673 772 860 848 gratia
911 769 1190 847 ducibus,
1251 767 1621 848 philosophis
1642 815 1659 846 ,
1722 769 2087 844 oratoribus,
2149 768 2471 845 historicis,
2498 787 2533 827 5

465 856 659 936 poetis
704 854 890 931 epicis
931 856 1176 930 tragicis
1212 854 1451 913 comicis
1496 851 1612 932 (al.
1646 854 1872 931 poetis,
1908 853 2151 927 ethicis,
2187 852 2471 931 physicis,

463 939 740 1014 tragicis,
773 937 1063 1014 comicis.)
1123 935 1535 1014 Hieronymus
1568 936 1656 995 ad
1682 934 2087 1015 Auqustinum
2115 942 2157 996 t.
2199 944 2230 994 1
2248 953 2313 1014 p.
2352 943 2477 996 738

475 1021 746 1082 Vallars.
824 1017 921 1099 [In
951 1021 1228 1081 chronico
1258 1019 1595 1079 Eusebiano
1626 1037 1657 1080 a
1690 1020 1883 1098 nobis]
1912 1038 2063 1079 nunc
2094 1019 2285 1079 addita
2314 1037 2476 1078 nunc

463 1109 636 1166 mixta
670 1112 800 1164 sunt
830 1104 1106 1183 plurima,
1139 1121 1286 1182 quae
1317 1104 1389 1163 de
1431 1102 1768 1181 Tranquillo
1804 1113 1861 1162 et
1896 1104 2110 1163 ceteris
2144 1102 2473 1162 illustribus

465 1190 761 1250 historicis
821 1189 1215 1248 curiosissime
1259 1189 1678 1266 excerpsimus.
1749 1185 2161 1266 Hieronymus
2200 1185 2466 1264 praefa-
2504 1212 2563 1253 lo

467 1276 632 1335 tione
660 1271 748 1331 ad
778 1269 1148 1348 Chronioon,
1195 1275 1235 1330 t.
1271 1279 1308 1331 8
1332 1289 1400 1350 p.
1438 1279 1472 1330 7
1510 1269 1779 1332 Vallars.

593 1353 659 1415 C.
719 1354 1030 1414 Suetonius
1086 1357 1322 1434 scripsit
1362 1355 1435 1414 de
1481 1357 1622 1414 viris
1662 1355 1979 1415 illustribus
2006 1399 2023 1430 ‚
2069 1355 2229 1415 cuius
2270 1371 2475 1414 exem·
2657 1369 2664 1478 1

466 1439 621 1520 plum
654 1447 889 1498 secutus
919 1439 1306 1514 Hieronymus
1341 1440 1473 1517 ipse
1492 1455 1733 1518 ,quoque
1764 1437 2025 1498 libellum
2064 1437 2137 1496 de
2168 1440 2475 1518 scriptori-

468 1525 576 1584 bus
607 1522 938 1584 christianis
972 1521 1165 1582 edidit.
1221 1521 1424 1600 Nuper
1454 1526 1621 1582 etiam
1636 1521 2114 1582 Bartholomaeus
2139 1521 2349 1586 Facius
2385 1522 2475 1582 fa-

468 1607 705 1668 miliaris
737 1614 938 1667 noster
969 1607 1042 1666 de
1065 1609 1206 1667 viris
1237 1604 1556 1666 illustribus
1584 1608 1862 1685 temporis
1893 1607 1980 1664 sui
2012 1605 2195 1666 libros
2226 1623 2472 1684 compo·
2502 1619 2557 1658 ¹⁵

471 1695 614 1768 suit,
655 1691 752 1770 qui
787 1707 862 1750 ne
907 1691 1018 1751 hos
1061 1692 1324 1752 Suetonii
1370 1690 1627 1750 illustres
1666 1695 1827 1750 viros
1876 1689 1941 1768 [i.
1972 1706 2025 1748 e.
2060 1691 2474 1765 grammaticos

471 1785 532 1836 et
571 1773 867 1852 rhetores]
894 1773 1096 1835 videre
1128 1782 1369 1853 posset,
1402 1792 1561 1834 mors
1590 1777 1883 1834 immatura
1915 1773 2110 1833 effecit
2142 1775 2219 1852 [a.
2255 1773 2474 1852 14571.

470 1858 650 1919 Paulo
695 1859 844 1917 enim
886 1867 1022 1936 post
1051 1861 1173 1918 eius
1201 1869 1443 1918 mortem
1470 1860 1527 1917 in
1562 1857 1751 1918 lucem
1792 1856 2114 1932 redierunt,
2168 1875 2295 1917 cum
2324 1857 2474 1917 mul·

471 1953 564 2002 tos
595 1957 779 1999 annos
816 1939 1129 2001 desiderati
1159 1961 1191 2002 a
1221 1940 1412 2001 doctis
1442 1941 1766 2001 hominibus
1803 1950 2021 2001 essent.
2082 1940 2472 2019 Temporibus

471 2024 620 2085 enim
660 2022 892 2084 Nicolai
942 2025 1121 2102 quinti
1165 2027 1455 2104 pontilicis
1500 2027 1724 2085 maximi
1774 2027 1963 2104 [1447
1976 2024 2267 2103 —14551
2300 2023 2473 2084 Enoc
2494 2043 2547 2083 20

473 2106 803 2169 Asculanus
829 2111 885 2168 in
917 2107 1158 2168 Galliam
1185 2118 1242 2168 et
1267 2107 1399 2168 inde
1424 2109 1479 2166 in
1506 2106 1866 2169 Germaniam
1896 2108 2198 2187 profectus
2230 2110 2473 2188 conqui-

471 2191 782 2252 rendorum
813 2191 1089 2253 librorum
1117 2194 1300 2270 gratia
1325 2193 1435 2253 hos
1475 2210 1794 2274 quanquam
1823 2193 2139 2253 mendosos
2168 2202 2226 2252 et
2260 2194 2475 2272 imper-

473 2278 664 2336 fectos
691 2276 760 2335 ad
788 2294 898 2337 nos
922 2277 1133 2337 retulit.
1157 2275 1263 2337 Cui
1289 2279 1377 2338 sic
1388 2276 1653 2338 habenda
1679 2286 1766 2336 est
1787 2279 1992 2354 gratia,
2012 2285 2071 2336 ut
2090 2276 2240 2336 male
2256 2277 2475 2355 impre-

477 2359 719 2422 candum
751 2368 839 2419 est
854 2360 1129 2420 Siccouio
1156 2360 1478 2420 Polentono
1493 2361 1787 2436 Patavino‚
1804 2362 1899 2438 qui
1936 2379 2064 2420 cum
2096 2377 2222 2420 eam
2246 2369 2475 2438 partem

476 2461 625 2522 quae
656 2451 746 2501 est
785 2443 871 2502 de
919 2443 1354 2504 oratoribus
1410 2463 1488 2504 ac
1541 2447 1797 2523 poetis
1834 2446 2185 2520 invenisset,
2224 2445 2302 2503 ita
2333 2459 2541 2522 sup-2⁵

477 2527 694 2606 pressit
720 2535 780 2584 ut
809 2544 883 2585 ne
912 2544 1157 2604 unquam
1181 2528 1237 2586 in
1268 2528 1457 2588 lucem
1479 2529 1680 2588 venire
1702 2537 1927 2608 posset.
1984 2528 2167 2603 Quam
2198 2545 2315 2604 ego
2342 2545 2473 2586 cum

475 2609 695 2669 Patavii
728 2611 1154 2688 perquirerem,
1185 2611 1417 2672 tandem
1459 2613 1654 2691 reperi
1686 2629 1811 2672 eam
1854 2611 2059 2671 ab'illo
2091 2612 2274 2692 fuisse
2314 2627 2474 2670 com-

475 2693 698 2752 bustam
728 2694 1031 2772 ipsumque
1058 2695 1389 2773 arrogantia
1428 2714 1497 2755 ac
1539 2698 1862 2755 temeritate
1894 2695 2197 2775 impulsum
2233 2694 2305 2755 de
2333 2696 2475 2754 vitis

476 2776 784 2837 illustrium
819 2781 1164 2858 scriptorum
1187 2779 1596 2858 loquacissime
1624 2780 1838 2858 pariter
1860 2787 1917 2838 et
1942 2779 2300 2857 ineptissime
2325 2779 2474 2838 scri·

478 2863 672 2940 psisse
719 2862 796 2940 [a.
847 2861 1052 2941 1433]
1113 2861 1413 2925 Iovianus
1456 2862 1776 2924 Pomanus
1819 2859 2044 2922 Umber
2092 2878 2151 2921 a.
2202 2871 2363 2924 1460
2407 2862 2541 2922 ineo

478 2945 695 3006 codice
738 2964 902 3008 nunc
952 2944 1269 3025 Leidensi‚
1322 2947 1425 3008 cui
1477 2946 1824 3025 inscripsit:
1882 2944 1949 3006 C.
1988 2947 2246 3005 Suetonii
2294 2945 2476 3006 Tran-

478 3029 642 3107 quilli
689 3029 762 3089 de
811 3033 951 3091 viris
999 3030 1315 3091 illustribus
1360 3030 1509 3090 liber
1553 3032 1775 3109 incipit.
1839 3029 1929 3090 De
1963 3031 2374 3107 grammaticis.
2420 3037 2483 3089 et

476 3111 880 3255 subserjgysit:
944 3115 1208 3194 Amplius
1252 3122 1546 3194 repertum
1589 3130 1704 3173 non
1750 3122 1840 3173 est
1870 3113 2073 3173 adhuc.
2108 3112 2315 3172 desunt
2344 3112 2477 3172 rhe-

504 3213 638 3255 ores
760 3242 774 3255 .

618 3282 814 3331 Incerto
852 3298 1054 3333 rumore
1092 3285 1348 3350 accepisse
1387 3282 1587 3333 videtur
1605 3319 1619 3342 ,
1670 3297 1800 3346 quae
1842 3284 1905 3332 de
1946 3281 2170 3333 Sicconis
2204 3281 2479 3332 Polemoni
2498 3287 2544 3326 3⁵

479 3345 660 3396 fraude
695 3356 892 3409 narrat3
935 3359 986 3400 at
1013 3351 1137 3401 illud
1164 3353 1292 3402 bene
1333 3352 1592 3400 Pomanus
1618 3351 1889 3413 intellexit,
1935 3350 2229 3401 Suetoniani
2280 3351 2475 3416 operis,

481 3414 614 3478 quod
650 3414 715 3465 de
747 3416 1089 3468 Romanorum
1125 3421 1247 3472 viris
1284 3418 1565 3470 illustribus
1600 3419 1852 3480 exstabat,
1875 3419 2172 3486 particulam
2207 3433 2322 3468 esse
2359 3434 2481 3468 eum

477 3482 728 3548 libellum,
756 3499 904 3549 quem
929 3501 1085 3552 supra
1114 3504 1166 3554 p.
1203 3487 1306 3538 257
1339 3504 1452 3551 sqq.
1485 3487 1775 3548 retulimus,
1809 3487 1873 3537 de
1906 3487 2247 3554 grammaticis
2280 3494 2331 3536 et
2358 3486 2479 3537 rhe-

479 3551 702 3614 toribus,
729 3559 776 3602 et
809 3553 904 3604 hoc
927 3564 1059 3604 reete
1089 3556 1359 3616 indicavit,
1403 3554 1681 3605 desiderari
1708 3569 1795 3606 eas
1821 3566 1991 3622 partes
2009 3593 2024 3618 ,
2060 3569 2189 3618 quae
2226 3563 2371 3604 erant
2412 3556 2479 3604 de
