2700 4234
928 358 1138 406 mvus
1183 357 1568 408 AUGUSTUS.
2180 355 2263 416 49

259 514 543 578 commoda
565 531 683 576 non
715 514 948 572 minimo
978 515 1256 574 sectantis
1286 513 1619 575 discrimine
1652 514 1871 576 similes
1901 516 2093 578 aiebat
2126 539 2262 580 esse

256 617 420 662 aureo
449 599 618 660 hamo
651 596 1041 676 piscantibus,
1076 597 1238 658 'cuius
1263 597 1496 677 abrupti
1529 598 1792 660 damnum
1832 599 1989 660 nulla
2023 613 2263 682 captura

255 687 478 764 pensari
507 690 731 764 posset.

365 769 740 846 Magistratus
783 774 958 844 atque
997 763 1258 826 honores
1311 775 1371 826 et
1426 775 1558 828 ante
1608 775 1838 845 tempus
1884 778 1943 828 et
1982 771 2261 850 quosdam
2278 783 2347 838 26

205 853 377 912 snovi
429 853 670 930 generis
729 853 1169 930 perpetuosque
1245 853 1421 930 cepit.
1530 849 1904 912 Consulatum
1973 857 2259 916 vicesimo

243 939 448 997 aetatis
481 953 630 996 anno
662 937 903 1012 invasit,
936 933 1183 995 admotis
1213 933 1507 996 hostiliter
1536 935 1610 996 ad
1656 934 1857 996 urbem
1904 937 2258 1017 legionibus,

239 1022 547 1099 missisque
589 1021 686 1097 qui
728 1018 838 1079 sibi
883 1019 1117 1078 nomine
1164 1022 1459 1079 exercitus
1502 1019 1926 1098 deposcerent;
1980 1041 2109 1084 cum
2140 1026 2258 1102 qui-

233 1101 370 1164 'dem
401 1112 707 1166 cunctante
740 1109 945 1163 senatu
1005 1100 1316 1162 Cornelius
1350 1105 1645 1181 centurio,
1691 1106 1969 1184 princeps
2012 1106 2258 1185 legatio-

239 1191 361 1267 nis,
393 1190 620 1248 reiecto
651 1187 858 1265 sagulo
899 1184 1214 1246 ostendens
1249 1187 1428 1264 gladii
1458 1188 1756 1266 capulum,
1792 1205 1908 1248 non
1943 1189 2262 1251 dubitasset

173 1289 223 1332 10
239 1275 298 1332 in
327 1275 487 1333 curia
518 1272 748 1331 dicere:
780 1269 902 1332 Hic
925 1270 1156 1351 faciet,
1193 1273 1253 1331 si
1281 1289 1398 1333 vos
1424 1290 1546 1333 non
1572 1270 1871 1350 fecer-itia.
1932 1273 2260 1334 Secundum

240 1355 602 1418 consulatum
630 1364 769 1434 post
795 1372 1008 1416 novem
1039 1373 1243 1432 annos,
1276 1358 1506 1415 tertium
1531 1373 1681 1417 anno
1716 1357 2029 1419 interiecto
2052 1361 2258 1436 gessit,

237 1444 539 1522 sequentis
579 1457 761 1519 usque
806 1440 877 1501 ad
920 1439 1282 1500 undecimum
1328 1441 1712 1517 continuavit,
1757 1441 2067 1522 multisque
2101 1461 2257 1519 mox,

239 1545 364 1586 cum
408 1524 812 1602 deferrentur,
857 1525 1141 1584 recusatis
1197 1522 1596 1606 duodecimum
1635 1542 1900 1602 magno,
1944 1527 2003 1586 id
2046 1535 2135 1596 est
2168 1546 2256 1586 se-

238 1609 589 1690 ptemdecim
636 1625 943 1685 annorum,
989 1607 1298 1668 intervallo
1343 1617 1404 1668 et
1452 1626 1651 1669 rursus
1698 1610 1928 1668 tertium
1976 1609 2257 1670 decimum

170 1707 218 1749 15
238 1695 474 1755 biennio
491 1701 630 1774 post
649 1692 802 1753 ultro
830 1693 1016 1773 petiit,
1045 1700 1107 1751 ut
1125 1690 1190 1753 C.
1209 1700 1268 1751 et
1285 1690 1519 1752 Lucium
1534 1691 1688 1752 lilios
1713 1692 2065 1770 amplissimo
2091 1712 2256 1773 prae-

233 1779 384 1840 ditus
421 1779 762 1855 magistratu
791 1794 895 1838 suo
928 1793 1214 1856 quemque
1262 1777 1535 1837 tirocinio
1584 1774 1903 1837 deduceret
1947 1779 2005 1836 in
2050 1777 2255 1838 forum.

234 1863 506 1940 Quinque
533 1859 758 1922 medios
792 1860 1127 1922 consulatus
1157 1879 1190 1921 a
1217 1869 1390 1922 sexto
1423 1859 1493 1921 ad
1538 1861 1821 1920 decimum
1858 1878 2077 1921 annuos
2123 1881 2256 1940 ges-

234 1951 336 2026 sit,
375 1955 616 2006 ceteros
643 1954 739 2005 aut
767 1963 979 2005 novem
1009 1953 1105 2005 aut
1134 1963 1241 2004 sex
1271 1953 1367 2005 aut
1397 1953 1667 2023 quattuor
1698 1954 1794 2006 aut
1834 1944 2019 2006 tribus
2047 1947 2256 2006 mensi-

232 2031 374 2109 bus,
421 2028 733 2090 secundum
775 2045 920 2089 vero
963 2031 1326 2108 paucissimis
1378 2030 1560 2090 horis.
1646 2028 1792 2090 Nam
1836 2029 1929 2090 die
1960 2029 2090 2092 Kal.
2135 2030 2256 2091 Ian.

163 2118 215 2171 ἑο
237 2133 365 2176 cum
419 2131 586 2174 mane
639 2131 746 2192 pro
799 2112 945 2174 aede
987 2111 1298 2191 Capitolini
1346 2112 1507 2173 Iovis
1548 2113 1839 2193 paululum
1886 2115 2067 2175 curuli
2113 2114 2259 2176 sella

233 2197 673 2278 praesedisset,
712 2197 940 2260 honore
974 2196 1116 2258 abiit
1145 2198 1391 2258 suffecto
1436 2197 1549 2258 alio
1578 2200 1637 2256 in
1666 2197 1859 2258 locum
1893 2215 2073 2258 suum.
2130 2198 2257 2258 Nec

232 2300 440 2343 omnes
467 2282 725 2359 Romae,
761 2280 865 2343 sed
898 2290 1159 2360 quartum
1191 2281 1550 2342 consulatum
1586 2283 1643 2340 in
1676 2280 1853 2359 Asia,
1904 2283 2160 2359 quintum
2200 2284 2257 2341 in

229 2366 424 2429 insula
459 2366 667 2443 Samo,
702 2373 972 2426 octavum
1008 2374 1068 2425 et
1101 2383 1313 2426 nonum
1343 2364 1679 2426 Tarracone
1710 2367 1831 2425 init.

360 2450 806 2511 Triumviratum
849 2451 934 2510 rei
983 2467 1039 2528 p.
1074 2449 1512 2510 constituendae
1549 2467 1658 2528 per
1688 2449 1893 2509 decem
1938 2467 2119 2509 annos
2162 2449 2339 2514 ad-27

161 2553 213 2594 25
231 2535 607 2605 ministravit;
671 2534 731 2594 in
787 2550 900 2613 quo
955 2533 1167 2594 restitit
1218 2532 1448 2613 quidem
1495 2533 1821 2612 aliquandiu
1868 2533 2119 2612 collegis
2182 2553 2255 2594 ne

232 2637 347 2699 qua
381 2619 553 2678 fieret
601 2618 988 2698 proscriptio,
1033 2617 1138 2678 sed
1187 2619 1477 2696 inceptam
1506 2627 1755 2697 utroque
1787 2618 2059 2680 acerbius
2089 2637 2256 2679 exer-

158 2763 163 2768 .
235 2705 371 2764 cuit.
448 2702 710 2782 Namque
745 2701 860 2763 illis
893 2703 951 2762 in
977 2702 1284 2762 multorum
1319 2720 1503 2780 saepe
1531 2720 1842 2781 personam
1873 2721 1982 2782 per
2012 2703 2257 2780 gratiam

233 2797 292 2848 et
333 2805 552 2867 preces
596 2786 1030 2862 exorabilibuS,
1095 2787 1259 2846 solus
1299 2803 1663 2865 magnopere
1711 2786 2005 2848 contendit
2046 2804 2120 2845 ne
2166 2787 2257 2845 cui

237 2878 620 2950 parceretur,
654 2869 1122 2950 proscripsitque
1149 2872 1324 2930 etiam
1353 2869 1419 2930 C.
1453 2869 1767 2929 Toranium
1796 2879 2044 2930 tutorem
2072 2888 2256 2945 suum,

160 2969 212 3011 ao
235 2954 485 3015 eundem
527 2955 818 3033 collegam
848 2954 1032 3033 patris
1075 2957 1160 3014 sui
1193 2954 1400 3014 Octavi
1444 2954 1503 3012 in
1534 2952 1849 3014 aedilitate.
1927 2953 2123 3013 Iunius
2154 2955 2254 3013 Sa-

231 3040 498 3099 turninus
537 3038 652 3100 hoc
697 3039 944 3118 amplius
994 3038 1196 3116 tradit,
1242 3057 1368 3098 cum
1414 3046 1655 3116 peraeta
1698 3037 2133 3117 proscriptione
2176 3035 2253 3096 Μ.

231 3122 488 3202 Lepidus
529 3124 590 3182 in
633 3131 838 3184 senatu
883 3132 1227 3184 excusasset
1263 3123 1579 3202 praeterita
1626 3130 1683 3183 et
1716 3139 1881 3201 spem
1914 3121 2254 3182 clementiae

230 3207 291 3265 in
337 3217 640 3286 posterum
683 3209 960 3283 fecisset,
1013 3209 1280 3285 quoniam
1321 3208 1463 3267 satis
1502 3223 1821 3284 poenarum
1866 3214 2130 3265 exactum
2166 3223 2254 3264 es-

235 3299 360 3368 set,
390 3291 544 3352 hunc
576 3311 608 3352 e
639 3289 873 3352 diverso
908 3293 1272 3370 professum,
1321 3291 1414 3350 ita
1441 3290 1689 3351 modum
1720 3308 1789 3351 se
1815 3288 2259 3369 proscribendi

163 3374 564 3452 ωειαίαίεεθ,
607 3381 678 3438 ut
718 3375 925 3438 omnia
968 3373 1092 3436 sibi
1119 3374 1440 3454 reliquerit
1470 3373 1688 3437 libera.
1768 3375 1833 3435 In
1865 3376 2026 3434 >cuius
2064 3381 2255 3435 tamen

236 3460 598 3536 pertinaciae
645 3459 1054 3540 paenitentiam
1095 3469 1304 3538 postea
1344 3458 1412 3519 T.
1456 3459 1685 3519 Vinium
1716 3458 2252 3537 Philopoemenem,

237 3542 398 3619 quod
443 3553 748 3624 patronum
799 3561 962 3605 suum
1014 3545 1412 3624 proscriptum
1472 3543 1700 3604 celasse
1755 3543 1892 3604 olim
1940 3541 2253 3614 diceretur,

237 3630 502 3704 equestri
549 3628 828 3706 dignitate
867 3628 1196 3689 honoravit.
1275 3627 1341 3688 In
1391 3627 1593 3688 eadem
1640 3627 1751 3688 hac
1791 3632 2083 3706 potestate
2114 3620 2253 3681 mul-

311 3731 632 3788 smzrmrms.
1798 3711 1837 3769 4
