2700 4234
366 1817 428 1872 17

368 2906 433 2959 18

452 306 491 368 8
632 316 692 363 C.
724 314 1024 363 SUETONI
1054 314 1309 373 TRANQ.
1339 314 1436 361 DE
1465 314 1630 361 VITA
1664 312 2032 361 CAESARUM
2063 315 2202 364 LIB.
2233 317 2281 364 1.

453 471 651 532 officio
678 470 1017 549 frequentes
1046 468 1489 544 obstinatosque
1512 466 1584 527 ad
1606 466 1988 527 resistendum
2013 472 2458 531 concucurrisse

368 569 435 623 16
462 554 775 629 cernebat,
826 552 977 611 hanc
1023 552 1251 629 quidem
1294 552 1579 611 actionem
1621 550 1906 629 deposuit.
1997 548 2269 612 Ceterum
2313 553 2456 614 Cae-

455 638 589 699 cilio
618 636 863 698 Metello
894 635 1120 694 tribuno
1165 634 1357 713 plebis
1401 633 1920 693 turbulentissimas
1964 634 2135 711 leges
2177 635 2456 697 adversus

454 721 811 797 collegarum
842 720 1320 778 intercessionem
1353 716 1563 777 ferenti
1606 725 1901 777 auctorem
1935 728 2452 797 propugnatorem-

452 824 565 903 que
595 822 662 865 se
694 800 1150 881 pertinacissime
1185 801 1504 879 praestitit,
1543 800 1732 859 donec
1761 800 1928 861 ambo
1965 800 2453 863 administratione
2475 817 2502 857 s

450 890 537 949 rei
564 887 833 967 publicae
864 884 1104 945 decreto
1137 893 1361 967 patrum
1391 884 1888 943 submoverentur.
1944 883 2036 944 Ac
2065 885 2245 945 nihilo
2270 890 2452 945 minus

450 988 793 1051 permanere
816 971 873 1027 in
901 970 1238 1046 magistratu
1270 976 1327 1027 et
1360 968 1449 1027 ius
1480 966 1675 1027 dicere
1711 986 1913 1043 ausuS,
1946 977 2006 1026 ut
2042 972 2322 1047 comperit
2354 988 2452 1048 pa-

447 1063 640 1131 ratoS,
694 1054 792 1131 qui
836 1054 894 1111 vi
944 1071 1013 1112 ac
1058 1070 1165 1131 per
1206 1069 1362 1111 arma
1411 1050 1814 1129 prohiberent,
1859 1050 2106 1111 dimissis
2149 1052 2450 1111 lictoribus

451 1139 795 1215 abiectaque
839 1143 1143 1213 praetexta
1195 1135 1422 1194 domum
1465 1136 1611 1195 clam
1654 1134 1903 1211 refugit,
1955 1152 2063 1212 pro
2123 1135 2452 1195 conditione

449 1233 773 1300 temporum
797 1222 1115 1298 quieturus.
1166 1217 1584 1279 Multitudinem
1609 1236 1842 1297 quoque
1875 1218 2046 1277 biduo
2078 1226 2212 1297 post
2242 1228 2451 1296 sponte
2475 1235 2526 1277 ιο

450 1314 509 1366 et
549 1305 701 1363 ultro
746 1302 1129 1362 confluentem
1176 1320 1531 1381 operamque
1577 1302 1686 1360 sibi
1726 1303 1782 1359 in
1821 1301 2144 1361 adserenda
2179 1301 2457 1378 dignitate

449 1387 851 1448 tumultuosius
908 1386 1286 1465 pollicentem
1353 1387 1715 1464 conpescuit.
1803 1384 1974 1460 Quod
2038 1403 2165 1444 cum
2223 1393 2457 1463 praeter

450 1472 783 1552 opinionem
820 1472 1149 1545 evenisset,
1197 1477 1466 1545 senatus,
1511 1468 1588 1529 ob
1623 1467 1868 1528 eundem
1913 1475 2141 1529 coetum
2183 1469 2454 1527 festinato

451 1563 723 1630 coactus,
767 1556 987 1630 gratias
1039 1555 1093 1613 ei
1136 1572 1244 1631 per
1280 1554 1568 1630 primores
1607 1554 1768 1611 viros
1808 1554 1962 1629 egit,
2005 1551 2367 1629 accitumque
2399 1552 2458 1611 in

450 1641 664 1699 curiam
707 1646 765 1697 et
795 1636 1163 1716 amplissimis
1204 1636 1406 1695 verbis
1450 1634 1852 1695 conlaudatum
1882 1639 1939 1695 in
1968 1638 2256 1713 integrum
2289 1636 2532 1695 resti-1⁵

446 1726 580 1799 tuit,
610 1722 843 1781 inducto
881 1723 1077 1799 priore
1108 1720 1368 1794 decreto.

572 1804 803 1866 Recidit
840 1822 1039 1863 rursus
1084 1804 1142 1861 in
1177 1803 1486 1862 discrimen
1529 1802 1712 1879 aliud,
1757 1804 1909 1862 inter
1949 1804 2148 1864 socios
2181 1802 2458 1863 Catilinae

448 1890 771 1949 nominatus
804 1895 863 1946 et
908 1885 1063 1965 apud
1090 1885 1337 1945 Novium
1367 1885 1606 1962 Nigrum
1641 1895 2010 1965 quaestorem
2045 1904 2080 1945 a
2108 1886 2285 1947 Lucio
2319 1888 2456 1946 Vet-

446 1976 530 2032 tio
563 1972 751 2030 indice
784 1979 842 2028 et
871 1972 927 2029 in
965 1977 1169 2029 senatu
1202 1988 1235 2029 a
1266 1970 1478 2044 Quinto
1507 1968 1716 2045 Curio,
1743 1970 1859 2045 cui,
1895 1969 2048 2047 quod
2076 1972 2290 2048 primus
2321 1987 2456 2029 con-

448 2056 575 2116 silia
602 2056 1031 2113 coniuratorum
1051 2053 1378 2129 detexerat,
1401 2054 1710 2112 constituta
1735 2061 1899 2112 erant
1924 2054 2155 2132 publice
2181 2054 2453 2150 praemia.
2473 2067 2529 2111 ιο

451 2137 660 2201 Curius
688 2155 723 2195 e
756 2134 1002 2196 Catilina
1036 2155 1100 2196 se
1132 2138 1489 2215 cognovisse
1523 2135 1783 2212 dicebat,
1815 2138 2046 2197 Vettius
2071 2138 2241 2197 etiam
2267 2137 2454 2195 cniro

448 2222 734 2300 graphum
770 2221 931 2296 eiuS,
980 2218 1263 2280 Catilinae
1309 2220 1530 2295 datum,
1563 2182 1981 2298 pollicebatur)
2036 2220 2102 2281 Id
2134 2238 2280 2281 vero
2311 2218 2457 2279 Cae-

450 2325 547 2367 sar
578 2304 736 2365 nullo
768 2302 943 2363 modo
987 2304 1347 2365 tolerandum
1381 2304 1744 2378 existimans,
1795 2321 1922 2363 cum
1967 2304 2260 2383 inplorato
2295 2298 2457 2363 Cice-

449 2390 609 2450 ronis
654 2388 984 2448 testimonio
1028 2388 1307 2466 quaedam
1357 2404 1423 2446 se
1467 2387 1538 2446 de
1587 2388 1984 2447 coniuratione
2029 2388 2180 2448 ultro
2223 2386 2295 2447 ad
2331 2404 2460 2446 eum

450 2472 729 2533 detulisse
762 2470 1098 2546 docuisset,
1130 2489 1203 2529 ne
1242 2470 1419 2531 Curio
1455 2472 1710 2548 praemia
1742 2469 2014 2530 darentur
2059 2470 2284 2539 effecit;
2315 2470 2450 2530 Vct·
2475 2482 2534 2529 3⁵

448 2558 586 2617 tium
615 2554 961 2633 pignoribus
993 2556 1205 2631 captiS,
1240 2563 1295 2613 et
1326 2554 1550 2633 direpta
1573 2552 1942 2631 supellectile
1974 2553 2125 2613 mule
2154 2553 2460 2613 mulcatum

451 2658 523 2700 ac
553 2655 660 2716 pro
690 2639 897 2698 rostris
935 2638 992 2695 in
1035 2640 1304 2696 contione
1338 2654 1527 2715 paene
1563 2636 1948 2714 discerptum,
1994 2638 2206 2697 coiecit
2241 2638 2299 2695 in
2337 2654 2458 2695 car-

452 2740 677 2791 cerem;
725 2720 933 2781 eodem
971 2718 1220 2779 Novium
1266 2728 1666 2799 quaestorem,
1715 2720 1869 2798 quod
1915 2720 2257 2799 compellari
2306 2717 2461 2798 apud

449 2825 516 2867 se
548 2808 825 2865 maiorem
856 2813 1205 2883 potestatem
1236 2822 1444 2883 passus
1479 2812 1656 2863 esset.

576 2888 669 2948 Ex
726 2898 995 2966 praetura
1046 2888 1380 2947 ulteriorem
1431 2888 1665 2946 sortitus
1713 2886 2084 2965 Hispaniam,
2141 2872 2459 2947 retinentes
2476 2900 2531 2941 ao

452 2970 780 3031 creditores
814 2974 1141 3031 interventu
1163 2987 1514 3050 sponsorum
1541 2973 1806 3047 removit,
1841 2989 1910 3030 ac
1937 2989 2128 3049 neque
2160 2988 2326 3031 more
2360 2989 2458 3030 ne·

452 3072 564 3134 que
596 3055 751 3131 iure,
798 3064 929 3116 ante
977 3072 1145 3132 quam
1181 3055 1518 3132 provinciae
1560 3062 1935 3131 ornarentur,
1987 3055 2290 3133 profectus
2331 3062 2458 3114 est:

448 3140 767 3213 incertum,
814 3146 1044 3197 metune
1088 3137 1311 3213 iudicii,
1363 3136 1518 3215 quod
1563 3139 1789 3217 privato
1842 3138 2182 3217 parabatur,
2228 3157 2300 3198 an
2344 3154 2460 3217 quo

449 3222 724 3280 maturius
766 3222 945 3281 sociis
980 3220 1403 3299 inplorantibus
1445 3220 1811 3290 subveniret;
1863 3231 2184 3301 pacataque
2222 3222 2458 3299 provin-

452 3304 576 3379 cia,
625 3306 751 3382 pari
796 3305 1201 3381 festinatione,
1244 3320 1361 3363 non
1393 3314 1705 3383 expectato
1737 3324 2118 3382 successore,
2160 3306 2231 3365 ad
2267 3304 2532 3364 trium-ss

451 3385 625 3483 plnum
657 3387 821 3447 simul
858 3388 1333 3466 consulatumque
1376 3387 1648 3447 decessit.
1738 3388 1854 3449 Sed
1894 3408 2054 3466 cum,
2101 3388 2306 3448 edictis
2347 3388 2462 3447 iam

453 3469 709 3543 comitis,
757 3472 904 3530 ratio
940 3471 1065 3529 eius
1107 3469 1309 3531 haberi
1344 3488 1460 3530 ιιοιι
1495 3479 1702 3550 posset
1731 3473 1841 3533 nisi
1877 3474 2134 3551 privatus
2163 3472 2462 3531 introisset

450 3550 691 3626 urbem,
745 3562 802 3611 et
847 3552 1113 3612 ambienti
1156 3564 1213 3613 ut
1252 3554 1484 3631 legibus
1528 3556 1854 3615 solveretur
1897 3556 2056 3615 multi
2099 3552 2459 3647 contradice-
