2700 4234
497 264 621 326 260
994 273 1056 322 e.
1090 272 1478 322 sumemus
1510 270 1996 331 ‘relinquamus

500 415 689 475 unius
732 414 1024 492 corporis
1039 458 1058 490 ,
1100 412 1251 492 quia
1290 412 1634 490 scriptores
1680 427 1760 472 ac
1791 416 2022 489 poetas
2063 408 2180 470 sub
2225 409 2516 471 clientela

502 497 830 560 Musarum
861 496 1171 558 iudicaret
1184 541 1202 572 ,
1246 514 1374 557 non
1423 495 1702 556 absurde
1735 501 1795 554 et
1815 493 2050 573 fecisse
2091 500 2149 554 et
2175 495 2518 573 scripsisse

502 600 572 642 sc
602 584 683 643 ait
715 601 797 644 ex
836 599 1089 642 numero
1126 580 1414 641 divarum
1455 588 1516 640 et
1551 579 1990 658 appellatione.
2071 577 2254 638 Huius
2289 594 2516 656 cogno-

502 685 637 728 men
660 670 721 726 in
752 666 1054 745 plerisque
1078 664 1362 725 indicibus
1384 672 1445 724 et
1471 664 1649 724 titulis
1683 681 1799 744 per
1813 680 1980 723 unam
2009 661 2052 722 L
2082 660 2334 721 litteram
2367 665 2516 722 scri-
2660 735 2661 748 χ

506 760 665 831 ptum
698 748 1127 826 animadverto,
1171 767 1367 808 verum
1413 749 1542 826 ipse
1575 747 1631 807 id
1663 765 1770 826 per
1799 745 1941 807 duas
1976 745 2147 805 effert
2175 748 2234 805 in
2265 749 2512 825 parasti·
2539 767 2565 806 5

508 835 679 896 chide
712 833 931 910 libelli,
964 833 1063 911 qui
1095 832 1428 892 inscribitur
1462 835 1697 911 pinax.

450 937 482 992 7
638 918 715 983 Μ.
752 918 1037 978 Antonius
1072 916 1331 996 Gnipho,
1361 918 1648 992 ingenuus
1679 917 1738 974 in
1773 913 1958 976 Gallia
1989 922 2156 974 natus
2189 914 2295 975 sed
2329 932 2510 994 expo-

510 1005 688 1078 situs,
752 1019 784 1062 a
834 1003 1116 1062 nutritore
1180 1016 1284 1059 suo
1334 1001 1714 1059 manumissus
1759 1000 2164 1076 institutusque
2227 997 2514 1075 (Alexan-

510 1087 673 1147 driae
703 1085 966 1164 quidem,
1000 1092 1061 1144 ut
1089 1082 1266 1162 aliqui
1290 1083 1548 1161 tradunt,
1591 1084 1650 1142 in
1677 1081 2056 1143 contubernio
2091 1082 2334 1157 Dionysi
2373 1081 2515 1156 Scy·

508 1169 935 1237 tobrachionis;
992 1166 1146 1247 quod
1200 1166 1469 1246 equidem
1521 1185 1637 1228 non
1683 1176 1904 1226 temere
1958 1165 2332 1240 crediderim,
2387 1163 2518 1224 cum
2542 1183 2592 1222 ιο

511 1264 833 1331 temporum
871 1254 1021 1312 ratio
1060 1253 1161 1311 vix
1205 1251 1522 1329 congruat)
1565 1251 1750 1312 fuisse
1794 1251 2003 1311 dicitur
2041 1251 2258 1328 ingenii
2297 1253 2518 1326 magni,

512 1338 826 1398 memoriae
858 1335 1173 1414 singularis
1192 1382 1209 1414 ,
1240 1353 1354 1396 nec
1384 1337 1568 1416 minus
1593 1335 1818 1398 Graece
1844 1352 2013 1413 quam
2043 1335 2241 1395 Latine
2275 1333 2518 1400 doctus3

518 1429 825 1500 praeterea
858 1421 1009 1480 comi
1040 1420 1318 1499 facilique
1350 1428 1582 1498 natura,
1618 1437 1732 1480 nec
1757 1437 2008 1498 unquam
2035 1418 2110 1479 de
2150 1417 2522 1478 mercedibus

513 1514 741 1587 pactus,
768 1522 959 1583 eoque
985 1504 1151 1584 plura
1172 1522 1246 1564 ex
1269 1504 1615 1564 liberalitate
1639 1503 1978 1564 discentium
2001 1512 2373 1564 consecutus.
2403 1503 2520 1563 Do-

516 1591 633 1651 cuit
664 1590 908 1668 primum
946 1591 1003 1648 in
1035 1589 1165 1649 Divi
1196 1587 1325 1649 Iulii
1354 1588 1524 1649 domo
1555 1589 1751 1668 pueri,
1795 1587 2002 1648 deinde
2034 1590 2090 1647 in
2125 1606 2228 1654 sua
2271 1589 2520 1666 privata.
2545 1605 2592 1645 15

514 1674 727 1735 Docuit
752 1682 941 1734 autem
966 1683 1024 1733 et
1048 1673 1417 1749 rhetoricam,
1435 1675 1512 1732 ita
1536 1681 1598 1732 ut
1620 1671 1876 1752 quotidie
1894 1681 2214 1751 praecepta
2238 1670 2520 1750 eloquen-

514 1762 632 1820 tiae
656 1757 941 1834 traderet,
975 1757 1326 1817 declamaret
1349 1773 1492 1816 vero
1522 1757 1746 1816 nonnisi
1769 1755 2050 1816 nundinis.
2099 1755 2375 1819 Scholam
2400 1759 2522 1816 eius

518 1843 714 1902 claros
740 1857 975 1920 quoque
1007 1843 1167 1901 viros
1198 1841 1606 1920 frequentasse
1637 1842 1824 1918 aiunt,
1859 1842 2011 1900 iniis
2040 1839 2117 1900 M.
2147 1839 2520 1916 Ciceronem,

516 1926 690 1985 etiam
722 1941 850 1984 cum
886 1932 1155 2002 praetura
1185 1924 1542 2001 fungeretur.
1604 1925 1851 2004 Scripsit
1882 1925 2054 1985 multa
2075 1969 2093 2001 ‚
2130 1926 2393 2002 quamvis
2426 1943 2520 1983 an-

514 2027 647 2068 num
714 2009 919 2068 aetatis
972 2009 1506 2087 quinquagesimum
1553 2026 1669 2069 non
1719 2010 2063 2069 excesserit.
2145 2007 2275 2068 Etsi
2315 2007 2522 2068 Ateius
2541 2028 2590 2066 20
2659 2029 2661 2136 1

515 2090 862 2170 Philologus
893 2091 1006 2152 duo
1030 2100 1244 2152 tantum
1270 2092 1558 2153 volumina
1597 2092 1684 2153 de
1712 2093 1922 2153 Latin
1941 2110 1975 2154 o
2015 2109 2356 2153 sermone
2388 2093 2523 2153 reli·
2660 2139 2661 2146 ,

520 2177 720 2256 quisse
748 2193 877 2236 eum
906 2175 1108 2245 tradit;
1142 2195 1269 2236 nam
1296 2186 1493 2238 cetera
1517 2179 1732 2256 scripta
1765 2177 2181 2256 discipulorum
2211 2179 2336 2237 eius
2369 2195 2524 2248 esse,

518 2278 635 2320 non
660 2262 875 2339 ipsius;
902 2261 958 2320 in
982 2260 1187 2340 quibus
1215 2268 1275 2320 et
1296 2279 1457 2322 suum
1487 2261 1698 2322 alicubi
1725 2264 1974 2340 reperiri
1999 2278 2242 2338 nomen,
2269 2270 2328 2320 ut
2350 2261 2471 2321 hoc
2497 2261 2525 2300 *

462 2361 498 2416 8
642 2344 719 2405 Μ.
770 2344 1089 2424 Pompilius
1139 2343 1551 2422 Andronicus,
1589 2348 1820 2406 natione
1872 2347 2082 2424 Syrus,
2137 2345 2326 2406 studio
2382 2345 2525 2424 Epi-

520 2445 733 2489 cureae
759 2437 959 2488 sectae
983 2427 1333 2489 desidiosior
1372 2431 1429 2489 in
1455 2430 1826 2508 professione
1863 2432 2232 2508 grammatica
2267 2429 2525 2490 habeba·
2543 2451 2588 2491 25

514 2522 608 2572 tur
640 2513 945 2589 minusque
974 2511 1216 2572 idoneus
1242 2511 1314 2572 ad
1340 2512 1608 2573 tuendam
1639 2513 1916 2574 scholam.
1975 2514 2176 2594 ltaque
2209 2531 2337 2574 cum
2371 2533 2440 2574 se
2472 2516 2528 2573 in

517 2594 661 2655 urbe
692 2611 807 2655 non
840 2594 1025 2654 solum
1055 2595 1309 2656 Antonio
1342 2597 1654 2676 Gniphoni,
1689 2599 1794 2659 sed
1825 2600 2038 2658 ceteris
2074 2601 2244 2660 etiam
2273 2597 2525 2659 deterio-

516 2679 677 2740 ribus
711 2683 987 2758 postponi
1021 2679 1277 2757 videret,
1330 2681 1538 2742 Cumas
1568 2683 1792 2742 transiit
1821 2682 2018 2762 ibique
2049 2685 2106 2743 in
2140 2685 2261 2744 otio
2292 2685 2440 2743 vixit
2473 2692 2529 2742 et

516 2764 691 2824 multa
724 2765 1081 2842 composuit;
1112 2782 1313 2826 verum
1344 2765 1490 2826 adeo
1524 2768 1694 2845 inops
1725 2775 1898 2845 atque
1932 2785 2145 2845 egens,
2191 2776 2250 2828 ut
2283 2776 2529 2828 coactus

516 2851 592 2908 sit
653 2849 1025 2927 praecipuum
1074 2849 1216 2909 illud
1268 2849 1606 2928 opusculum
1665 2869 1825 2912 suum
1886 2851 2244 2912 annalium
2306 2850 2527 2912 Ennii
2549 2871 2596 2911 3⁰

518 2932 1003 2993 elenchorum
1031 2931 1189 2994 XVI.
1224 2934 1452 2994 milibus
1481 2953 1762 2995 nummum
1795 2935 2016 2996 cuidam
2048 2936 2339 3012 vendere,
2374 2954 2530 3016 quos

517 3016 699 3076 libros
747 3015 1001 3076 Orbilius
1044 3035 1400 3097 suppressos
1443 3018 1760 3080 redemisse
1795 3038 1860 3080 se
1897 3019 2038 3080 dicit
2077 3019 2530 3100 vulgandosque

522 3119 761 3162 curasse
791 3102 1022 3162 nomine
1052 3103 1325 3163 auctoris.

460 3198 495 3252 9
644 3183 706 3244 L.
749 3185 1001 3246 Orbilius
1033 3181 1293 3266 Pupillus
1325 3185 1796 3267 Beneventanus,
1830 3196 2019 3249 morte
2051 3198 2381 3268 parentum,
2417 3210 2530 3251 una

518 3279 693 3347 atque
734 3269 937 3330 eadem
968 3269 1061 3330 die
1092 3271 1448 3332 inimicorum
1478 3270 1614 3332 dolo
1647 3274 2150 3352 interemptorum,
2194 3275 2596 3353 destitutuS,35

521 3353 707 3429 primo
740 3355 1130 3433 apparituram
1165 3355 1592 3433 magistratibus
1619 3357 1792 3428 fecit3
1841 3356 2050 3418 deinde
2083 3359 2140 3418 in
2179 3359 2529 3420 Macedonia

521 3435 817 3496 corniculo
838 3482 855 3512 ,
888 3455 1025 3496 mox
1056 3455 1207 3515 equo
1239 3440 1852 3521 meruit;-functusque
1878 3442 2107 3519 militia,
2141 3443 2326 3505 studia
2347 3462 2525 3523 repe-

518 3518 622 3595 tit,
673 3535 823 3627 quae
856 3520 964 3579 iam
994 3521 1127 3580 inde
1167 3538 1200 3582 a
1239 3540 1425 3601 puero
1460 3542 1576 3585 non
1604 3524 1812 3586 leviter
1845 3527 2142 3604 attigerat3
2187 3547 2258 3589 ac
2287 3529 2526 3609 profes·
