2700 4234
411 280 529 339 174
591 291 652 339 0.
685 290 987 340 sumom
1018 291 1272 350 TRANQ.
1306 291 1402 338 DE
1433 291 1600 340 VITA
1631 290 2001 340 CAESARUM
2031 291 2169 338 ΜΒ.
2196 294 2291 341 vr.

340 457 374 512 9
534 446 713 506 Orsus
744 446 877 506 hinc
910 463 942 506 a
987 445 1219 524 pietatis
1265 446 1714 524 ostentatione„
1750 444 2047 506 Claudium
2083 449 2408 525 apparatis-

403 532 548 592 simo
580 531 785 589 funere
828 529 1038 588 elatum
1082 527 1333 588 laudavit
1373 537 1432 588 et
1477 534 1860 590 consecravit.
1938 531 2255 590 Memoriae
2285 531 2403 590 Do-

402 614 542 674 mitii
578 615 759 692 patris
787 612 1045 673 honores
1074 612 1354 674 maximos
1390 611 1608 673 habuit.
1651 613 1820 674 Matri
1849 631 2123 674 summam
2157 616 2406 674 omnium

302 727 313 736 ·
400 715 593 758 rerum
627 699 972 777 privatarum
1005 696 1479 775 publicarumque
1521 697 1801 776 permisit.
1875 696 2066 758 Primo
2101 700 2270 758 etiam
2305 700 2404 758 im-

403 782 551 861 perii
585 781 677 841 die
709 783 934 858 signum
968 779 1279 840 excubanti
1312 779 1542 841 tribuno
1584 781 1742 841 dedit
1785 778 2094 860 Optimam
2119 789 2399 858 matrem,
2429 799 2457 840 s

401 884 471 926 ac
504 865 785 942 deinceps
814 864 1073 924 eiusdem
1104 881 1285 942 saepe
1315 865 1529 925 lectica
1559 884 1669 944 per
1691 865 1984 945 publicum
2009 866 2176 926 simul
2201 875 2406 926 vectus

399 959 508 1009 est.
578 948 810 1008 Antium
862 949 1150 1008 coloniam
1194 946 1461 1026 deduxit,
1514 950 1785 1030 ascriptis
1829 951 2124 1010 veteranis
2159 969 2192 1010 e
2237 968 2404 1028 prae-

402 1035 553 1093 torio
588 1032 911 1112 additisque
946 1050 1053 1112 per
1096 1032 1370 1092 domicilii
1405 993 1838 1094 translationem
1881 1033 2174 1094 ditissimis
2213 1035 2404 1112 primi-

400 1117 696 1197 pilarium;
731 1116 827 1175 ubi
860 1124 919 1176 et
953 1125 1181 1195 portum
1212 1116 1414 1197 operis
1444 1118 1925 1207 sumptuosissimi
1955 1119 2115 1178 fecit.

317 1213 383 1265 10
527 1200 719 1278 Atque
746 1208 807 1259 ut
829 1203 1138 1260 certiorem
1162 1199 1349 1260 adhuc
1371 1200 1624 1260 indolem
1649 1197 2015 1276 ostenderet,
2041 1217 2121 1260 em
2143 1198 2408 1280 Augusti
2425 1216 2471 1256 ιο

394 1284 794 1364 praescripto
836 1283 1244 1363 imperaturum
1288 1302 1354 1344 se
1411 1285 1744 1363 professus,
1799 1303 1990 1362 neque
2041 1284 2404 1345 liberalitatis

398 1385 587 1448 neque
620 1368 997 1445 clementiae,
1030 1385 1105 1427 ne
1140 1369 1426 1428 comitatis
1455 1369 1686 1447 quidem
1717 1368 2078 1429 exhibendae
2109 1368 2282 1430 ullam
2306 1387 2403 1429 oc-

398 1454 691 1512 casionem
724 1453 933 1512 omisit.
995 1451 1275 1512 Graviora
1306 1453 1624 1530 vectigalia
1651 1461 1747 1513 aut
1777 1452 2037 1512 abolevit
2062 1461 2158 1512 aut
2185 1454 2402 1512 minuit.

396 1537 653 1597 Praemia
686 1536 1007 1597 delatorum
1038 1535 1255 1615 Papiae
1288 1535 1440 1613 legis
1471 1536 1543 1596 ad
1574 1544 1808 1616 quartas
1837 1535 2085 1614 redegit.
2187 1536 2404 1597 Divisis

399 1621 619 1701 populo
659 1619 868 1680 viritim
905 1619 1316 1700 quadringenis
1353 1621 1624 1698 nummis,
1669 1629 1998 1680 senatorum
2040 1619 2402 1681 nobilissimo
2427 1641 2476 1682 {a

398 1707 656 1803 cuique,
695 1697 798 1764 se'd
832 1721 865 1764 a
886 1722 952 1765 re
988 1703 1253 1764 familiari
1286 1703 1562 1764 destituto
1591 1721 1774 1764 annua
1805 1705 2049 1780 salaria,
2081 1714 2142 1764 et
2173 1703 2404 1784 quibus-

398 1789 525 1848 dam
562 1789 882 1866 quingena,
935 1789 1258 1863 constituit,
1302 1788 1438 1847 item
1487 1789 1868 1867 praetorianis
1911 1787 2250 1848 cohortibus
2287 1789 2400 1848 fru-

393 1882 643 1931 mentum
688 1879 1037 1931 menstruum
1078 1873 1406 1948 gratuitum.
1494 1871 1572 1932 Et
1609 1889 1736 1931 cum
1768 1871 1841 1931 de
1890 1872 2181 1952 supplicio
2215 1875 2402 1932 cuius-

396 1956 523 2016 dam
561 1956 753 2032 capite
795 1953 1039 2015 damnati
1082 1963 1141 2014 ut
1183 1971 1259 2014 ex
1296 1971 1464 2014 more
1513 1954 1912 2016 subscriberet
1962 1957 2399 2017 admoneretur:

397 2037 597 2113 Quam
637 2037 886 2114 vellem,
924 2039 1137 2117 inquit,
1173 2039 1418 2099 nescire
1445 2039 1726 2101 litteras!
1771 2038 1967 2100 Omnis
1999 2039 2238 2101 ordines
2267 2039 2473 2100 sub-20

394 2122 527 2182 inde
574 2141 642 2182 ac
687 2123 1020 2182 memoriter
1050 2121 1337 2182 salutavit.
1399 2123 1615 2200 Agenti
1649 2126 1873 2185 senatui
1902 2126 2120 2202 gratias
2157 2140 2401 2202 respon-

394 2207 507 2267 dit:
562 2205 713 2267 C'um
752 2223 1057 2268 meruero.
1118 2205 1211 2266 Ad
1257 2216 1618 2288 campestres
1651 2208 2104 2268 exercitationes
2135 2226 2270 2268 suas
2305 2207 2402 2267 ad-

392 2292 543 2350 misit
575 2301 634 2351 et
666 2289 931 2369 plebem,
979 2290 1440 2369 declamavitque
1477 2293 1711 2370 saepius
1745 2291 2008 2370 publice:
2045 2293 2318 2353 recitavit
2347 2299 2406 2350 et

394 2377 679 2450 carmina,
711 2392 827 2436 non
858 2375 1031 2434 modo
1064 2373 1218 2434 domi
1248 2375 1354 2434 sed
1398 2383 1457 2434 et
1500 2377 1556 2434 in
1605 2375 1865 2452 theatro,
1915 2382 2068 2436 tanta
2101 2376 2402 2436 universo-

391 2477 513 2518 rum
539 2457 754 2518 laetitia
772 2503 791 2533 ,
820 2468 882 2518 ut
904 2458 979 2519 ob
1011 2459 1411 2519 recitationem
1441 2459 1792 2538 supplicatio
1817 2459 2056 2520 decreta
2079 2461 2182 2537 sit,
2211 2475 2402 2538 eaque
2421 2478 2476 2520 2⁵

393 2560 529 2621 pars
562 2542 874 2601 carminum
905 2543 1098 2601 aureis
1134 2542 1343 2602 litteris
1375 2541 1503 2601 lovi
1535 2539 1863 2622 Capitolino
1897 2543 2104 2604 dicata.

309 2635 370 2687 11
518 2624 997 2704 Spectaculorum
1028 2626 1275 2705 plurima
1308 2635 1366 2686 et
1393 2629 1551 2686 varia
1584 2644 1804 2704 genera
1835 2628 2040 2688 edidit:
2079 2628 2402 2705 iuvenales,

392 2711 723 2785 circenses,
770 2710 1039 2771 scenicos
1076 2708 1279 2788 ludos,
1323 2710 1729 2788 gladiatorium
1754 2727 1974 2772 munus.
2030 2711 2403 2772 Iuvenalibus

390 2811 565 2854 senes
594 2809 825 2874 quoque
859 2795 1201 2856 consulares
1232 2811 1492 2873 anusque
1515 2804 1808 2856 matronas
1837 2798 2066 2876 recepit
2091 2795 2164 2856 ad
2195 2797 2402 2856 lusum.

391 2877 766 2940 Circensibus
801 2878 937 2940 loca
969 2880 1149 2958 equiti
1178 2888 1410 2939 secreta
1439 2897 1472 2939 a
1503 2880 1716 2939 ceteris
1752 2879 1966 2956 tribuit,
2000 2882 2402 2958 commisitque
2421 2898 2476 2940 ao

390 2965 560 3024 etiam
593 2961 944 3024 camelorum
981 2963 1312 3043 quadrigas,
1387 2961 1580 3040 Ludis,
1615 2980 1764 3041 quos
1797 2980 1907 3043 pro
1933 2965 2277 3024 aeternitate
2302 2965 2403 3022 im-

388 3049 536 3127 perii
562 3056 873 3126 susceptos
897 3047 1187 3127 appellari
1218 3066 1271 3106 m
1290 3048 1474 3107 axim
1491 3063 1526 3106 o
1543 3065 1570 3106 s
1594 3047 1798 3124 voluit,
1827 3065 1903 3107 ex
1927 3056 2171 3126 utroque
2197 3046 2406 3106 ordine

389 3139 447 3190 et
502 3149 646 3191 sexu
703 3132 973 3211 plerique
1026 3130 1280 3191 ludicras
1344 3140 1543 3210 partes
1596 3134 2012 3201 sustinuerunt;
2069 3131 2406 3190 notissimus

389 3232 571 3292 eques
596 3215 669 3275 R.
704 3215 1023 3295 elephanto
1060 3215 1436 3295 supersidens
1470 3233 1579 3294 per
1607 3215 1996 3276 catadromum
2039 3213 2403 3284 decucurrit:

388 3296 616 3357 inducta
647 3298 850 3358 Afrani
891 3308 1113 3378 togata,
1146 3317 1295 3379 quae
1327 3299 1454 3358 Inc
1473 3298 1760 3358 endium
1781 3298 2130 3376 inscribitur,
2156 3315 2403 3359 conces·
2423 3316 2474 3358 3⁵

387 3396 627 3460 sumque
659 3389 721 3441 ut
752 3384 1007 3442 scaenici
1055 3383 1309 3443 ardentis
1360 3381 1562 3443 domus
1608 3382 2038 3462 supellectilem
2079 3381 2406 3461 diriperent

386 3482 455 3524 ac
500 3463 611 3522 sibi
650 3464 962 3534 haberent;
996 3483 1202 3544 sparsa
1250 3474 1307 3526 et
1351 3467 1573 3545 populo
1623 3467 1866 3528 missilia
1912 3468 2158 3526 omnium
2203 3483 2404 3538 rerum

384 3565 491 3622 per
521 3565 722 3606 omnes
757 3546 915 3607 dies:
944 3549 1169 3625 singula
1198 3549 1412 3610 cotidie
1439 3549 1600 3610 milia
1625 3553 1814 3611 avium
1839 3551 2114 3628 cuiusque
2138 3551 2400 3628 generis,
