2700 4234
922 314 1340 363 PRAEFATIO.
1891 320 2023 369 LIII

315 474 378 529 In
409 475 520 529 hac
553 471 784 529 raritate
817 472 1152 545 scriptorum
1189 474 1571 546 exemplorum
1604 476 1753 548 typis
1786 494 2009 550 quoque
2038 487 2274 551 nutuque·

203 560 602 631 impressorum
635 556 780 613 ratio
816 557 1070 614 habenda
1104 562 1223 626 est,
1265 574 1448 629 eoque
1479 559 1659 629 magis
1691 561 1839 631 quod
1869 562 2011 617 scri·
2050 539 2273 594 primum

201 643 304 714 ptis
331 645 520 697 aetate
548 640 811 713 supparia
844 646 971 695 sunt
999 647 1056 697 et
1090 657 1164 696 ex
1188 640 1418 713 scriptis
1444 639 1737 699 codicibus
1770 644 2015 701 fideliter

202 724 460 798 repetita.
553 723 996 793 Diligentissima
1033 724 1206 795 igitur
1231 724 1669 797 investigatione
1706 744 1811 799 per
1838 728 2016 800 pluri-

203 826 313 865 mas
347 806 732 864 bibliothecas
778 807 922 864 facta
956 824 1065 878 ego
1099 815 1156 863 et
1184 808 1346 864 amici
1384 815 1501 865 tres
1537 808 1818 868 editiones
1858 812 2021 868 inve-

204 894 379 947 nimus
439 890 847 963 principum
908 892 1130 947 nomine
1191 893 1586 964 appellandas,
1647 894 1795 964 quod
1864 911 2021 951 suum

205 992 458 1047 quaeque
515 973 782 1045 scriptum
842 974 1042 1031 librum
1091 976 1379 1046 sequitur,
1440 976 1761 1032 rarissimas
1808 993 2021 1033 omnes.

204 1058 556 1115 Nominamus
589 1056 862 1113 Incertam
880 1099 897 1128 ‚
928 1059 1661 1128 Venetam‚‚Florentinam.

329 1142 673 1197 Incertae
713 1141 1020 1213 editionis,
1079 1159 1220 1214 quae
1275 1144 1468 1199 urbem
1512 1159 1708 1199 annum
1751 1149 2021 1215 typogra-
2077 1153 2244 1199 lacerta

205 1228 374 1297 phum
406 1240 669 1296 nusquam
708 1218 932 1295 prodit,
979 1227 1231 1298 exempla
1269 1226 1427 1282 foliis
1467 1226 1569 1282 XV
1595 1232 1854 1283 constant
1884 1243 2022 1298 qua-

211 1308 474 1363 ternariis
501 1308 904 1365 versiculorum
929 1308 1122 1364 XXIV.
1215 1308 1428 1365 Titulus
1460 1309 1784 1366 maiusculis
1816 1309 2023 1367 litteris

207 1391 302 1447 hie
341 1397 456 1447 est:
500 1389 740 1446 Suetonii
769 1390 1081 1463 Tranquilli
1123 1394 1191 1448 de
1228 1386 1238 1467 Ι
1273 1396 1651 1465 grammaticis
1702 1399 1757 1449 ct
1797 1392 2021 1462 rhetori!

205 1475 308 1531 bus
334 1476 654 1531 clarissimis
685 1473 893 1531 libellus
920 1475 1194 1547 foeliciter
1225 1477 1431 1547 incipit.
1495 1484 1811 1549 postremus
1840 1476 2020 1533 versi-

205 1560 364 1614 culus
398 1558 523 1613 hicz
571 1558 703 1617 cibo,
763 1557 986 1614 FINIS
1024 1558 1264 1614 ΑΜΕΝ.
1334 1559 1702 1630 Gottingense
1734 1560 2023 1631 exemplar
2052 1590 2072 1606 ·

208 1641 396 1698 Osann
432 1641 790 1712 comparavit,
823 1642 1250 1713 stuttgartinum
1294 1642 1676 1698 Francisci
1708 1641 2026 1697 Pl'eil'l‘er

206 1727 274 1782 V.
319 1724 380 1781 G.
436 1725 816 1781 benivolentia
863 1727 1244 1782 transmissum
1292 1741 1431 1795 ego:
1502 1731 1797 1797 praeterea
1842 1730 2027 1780 exstat

203 1809 462 1865 venetiis
493 1807 550 1863 in
580 1807 719 1864 bibl.
747 1809 1042 1867 Marciana.
1124 1809 1387 1865 Prodisse
1421 1808 1806 1881 bibliographi
1840 1809 2025 1864 Vene-

205 1893 301 1948 tiis
332 1892 566 1947 circiter
591 1904 642 1945 a.
675 1896 810 1952 1472
848 1910 918 1949 ex
959 1894 1182 1950 officina
1209 1892 1426 1949 Nicolai
1467 1894 1668 1949 Ienson
1706 1892 2025 1966 opinantur,

207 1978 415 2033 mavult
438 1974 861 2032 humanissimus
890 1977 1246 2049 Iosephus
1282 1976 1783 2032 Valentinelli
1816 1976 2027 2033 Medio·

207 2060 494 2116 lanensem
529 2057 789 2114 arbitrari
802 2054 892 2133 ⁸¹).

336 2144 682 2200 Venetam
726 2143 1030 2199 editionem
1071 2160 1191 2199 cum
1224 2144 1477 2201 Modesto
1508 2144 1580 2199 de
1620 2160 1684 2199 re
1712 2142 1939 2199 militari
1972 2148 2028 2197 et
2080 2152 2243 2195 vonets.

206 2227 408 2284 libello
451 2226 522 2282 de
555 2225 972 2295 magistratibus
1007 2228 1358 2283 coniunctam
1396 2227 1798 2298 impresserunt
1838 2226 2023 2282 Barth.

208 2308 608 2368 Cremonensis
655 2326 722 2365 ac
763 2310 946 2367 Barth.
1007 2312 1076 2367 de
1121 2308 1289 2366 carlo
1335 2308 1721 2366 Vei-cellensis
1775 2308 2028 2364 consocii

203 2393 464 2451 Venetiis
497 2410 547 2449 a.
583 2396 720 2452 1474
733 2388 825 2465 ³²),
851 2393 1140 2467 inscripsit
1172 2393 1649 2450 Reverendissimo
1678 2392 1895 2447 domino
1932 2392 2027 2447 do-

205 2557 327 2608 bibl.
362 2556 488 2607 bibl.
523 2557 549 2605 1
586 2571 639 2622 p.
671 2556 792 2608 524.
849 2582 916 2593 -
966 2556 1286 2607 Florentinus
1334 2558 1385 2606 in
1423 2556 1765 2607 Laurentiana
1795 2555 1923 2621 plut.
1960 2554 2030 2605 89

204 2626 320 2677 cod.
354 2624 390 2676 8
427 2624 674 2675 Caesares
705 2638 905 2689 quoque
937 2623 1162 2675 Suetonii
1197 2627 1435 2687 continet,
1472 2625 1565 2675 sed
1595 2624 1649 2675 in
1680 2622 2029 2675 Grammaticis

203 2710 256 2761 p.
288 2694 425 2755 265,
461 2694 489 2743 1
524 2700 642 2759 post
675 2693 778 2743 Hic
799 2696 941 2743 initio
976 2692 1161 2747 deficit.
1209 2721 1270 2731 —
1312 2693 1707 2759 Neapolitanus,
1752 2692 1870 2743 olim
1908 2692 2030 2740 Far-

205 2764 454 2813 nesianus
489 2762 618 2821 121,
661 2760 814 2811 hodie
846 2761 1140 2811 inscribitur
1172 2762 1303 2813 Bibl.
1340 2762 1470 2827 Reg.
1504 2761 1591 2811 IV.
1642 2777 1686 2812 c.
1723 2761 1808 2811 21.
1842 2782 1910 2795 -·—
1954 2756 2030 2807 De

203 2830 514 2890 Havniensi,
547 2829 636 2894 qui
668 2829 785 2879 olim
815 2830 1022 2880 Ioannis
1053 2828 1293 2880 Grammii
1328 2828 1441 2889 fuit,
1475 2828 1569 2879 cfr.
1606 2829 1835 2877 Arntzen
1862 2824 2027 2893 praef.

204 2900 272 2949 ad
307 2900 432 2948 Aur.
469 2897 746 2951 Victorem.

346 2966 442 3031 31)
479 2966 731 3016 Venetum
770 2967 904 3016 enim
941 2966 1228 3032 exemplum
1271 2966 1432 3018 Class.
1470 2965 1611 3029 XlV,
1652 2966 1752 3017 176
1804 2978 1907 3014 uno
1941 2976 2031 3014 vo-

201 3036 399 3087 lumine
435 3036 734 3101 colligatum
765 3043 844 3085 est
878 3050 992 3084 cum
1027 3034 1394 3085 Mediolanensi
1424 3036 1592 3099 aliqua
1617 3033 1837 3084 editione
1874 3031 2031 3097 (Hain

201 3120 291 3159 no,
335 3102 504 3167 6964)
544 3103 690 3153 cuius
729 3102 1152 3169 typographicam
1191 3116 1393 3167 quoque
1427 3103 1649 3169 speciem
1686 3101 1860 3152 refert.
1936 3100 2033 3151 Oe-

199 3183 372 3225 terum
417 3172 664 3238 repetivit
705 3168 1084 3222 et'emendavit
1122 3174 1370 3222 Incertam
1418 3171 1687 3235 editionem
1734 3168 2031 3226 Beroaldus,

198 3252 258 3293 ut
286 3242 472 3293 serunt
503 3239 766 3291 Bononiae
804 3256 851 3290 a.
896 3238 1058 3302 1504;
1108 3254 1273 3305 neque
1314 3239 1451 3289 enim
1500 3238 1619 3295 novi
1662 3237 1760 3287 nisi
1794 3235 2031 3301 Friburgi

198 3313 470 3362 inventam
494 3309 862 3376 repetitionem,
891 3323 1042 3373 quam
1071 3309 1137 3358 Μ.
1161 3307 1460 3359 Schurerius
1480 3304 1809 3372 Argentorati
1830 3319 1877 3355 a.
1898 3302 2034 3353 1510

197 3381 374 3431 emisit
402 3394 476 3430 ex
500 3380 838 3441 castigatione
869 3377 1094 3441 Philippi
1113 3377 1387 3431 Ber-cami,-
1418 3375 1511 3429 cfr.
1541 3374 1777 3426 Schroter
1808 3373 1875 3423 ad
1899 3374 2001 3421 Aut
2016 3414 2027 3425 .

198 3448 470 3499 Victorem
509 3447 575 3498 de
610 3445 738 3495 viris
771 3446 1051 3496 illustribus
1087 3463 1139 3514 p.
1171 3445 1290 3496 XII.
1332 3444 1572 3495 Beroaldi
1603 3444 1762 3509 igitur
1794 3439 2032 3492 emenda-

199 3518 374 3568 tiones
408 3532 441 3567 a
473 3514 683 3566 nemine
717 3523 1130 3565 commemoratas
1162 3529 1227 3564 ex
1261 3512 1359 3563 hac
1389 3513 1689 3580 repetitione
1722 3509 1959 3576 cognovi.

343 3584 440 3651 32)
475 3584 624 3636 Idem
655 3583 942 3649 exemplum
974 3584 1220 3634 Maittaire
1254 3582 1549 3647 descripsit,
1580 3579 1638 3632 P.
1662 3578 1905 3629 Pithoeus
1930 3576 2034 3624 nisi
