2700 4234
899 315 1315 365 PRAEFATIO.
1924 322 2017 370 LV

193 476 495 539 Senatorio
549 474 842 548 possidet,
906 474 1049 531 unde
1109 475 1373 532 nonnulla
1427 477 1713 550 excerpsit
1766 478 2008 549 Ernesti,

179 565 350 639 ,plura
381 556 1016 629 Baumgarten·Crusius
1041 566 1070 617 l
1103 575 1156 630 p.
1185 557 1326 614 XVI.
1354 559 1491 615 XLII
1526 561 1793 633 prodidit,
1829 562 2010 618 omnia

193 644 568 725 amicissimus
614 640 1047 697 Theodorus
1090 641 1411 698 Moebius
1452 660 1663 699 mecum
1711 646 2010 701 communi-

194 730 361 787 cavit.

313 812 600 881 vulgatae
632 804 891 864 lectionis
921 806 1254 879 principium
1281 807 1539 866 Aldina
1569 818 1656 867 est
1684 812 1859 868 editio
1880 853 1895 883 ,
1942 813 2009 868 ab

196 895 340 953 Aldo
386 894 488 950 Pio
527 891 771 949 Manutio
821 896 878 945 et
932 890 1136 947 Ioanne
1183 891 1428 969 Baptista
1476 892 1713 965 Egnatio
1755 896 2010 953 Venetiis

197 996 246 1036 a.
283 984 422 1038 1508
453 981 646 1033 curata
672 980 728 1029 et
755 973 920 1029 Plinii
947 973 1204 1047 epistolis
1232 974 1509 1033 adiuncta.
1572 976 1658 1035 Ad
1697 996 1817 1036 eam
1846 996 2005 1051 prae-

197 1062 500 1135 parandam
554 1058 800 1115 editores
844 1073 955 1113 non
999 1057 1210 1129 scripto
1241 1059 1479 1129 quodam
1520 1060 1667 1117 libro
1716 1079 1849 1118 usos
1884 1078 2009 1118 esse

199 1144 494 1214 existimo,
541 1157 731 1198 verum
765 1140 944 1196 tribus
977 1140 1317 1197 editionibus
1351 1158 1489 1213 quas
1532 1146 1695 1201 modo
1728 1145 2011 1217 principes

202 1228 352 1297 dixi,
381 1224 784 1284 diversissimis
814 1223 960 1279 inter
991 1240 1089 1293 se,
1120 1228 1453 1297 comparatis
1486 1233 1542 1281 et
1572 1229 1729 1299 quasi
1761 1228 1818 1283 in
1850 1244 2012 1283 unum

206 1310 429 1368 collatis
459 1309 708 1366 libellum
741 1306 1173 1364 emendatiorem
1203 1308 1596 1381 reddiderunt,
1640 1328 1800 1383 quam
1835 1327 2012 1382 usque

205 1411 276 1451 eo
309 1392 494 1449 editus
526 1394 721 1449 fuerat.
781 1390 851 1445 Et
881 1391 1288 1447 fundamentum
1319 1390 1707 1466 impressionis
1737 1391 2014 1451 Venetam

201 1495 249 1535 a.
293 1482 432 1537 1474
464 1493 592 1532 esse
628 1474 955 1543 voluerunt,
989 1472 1047 1531 id
1083 1475 1231 1546 quod
1255 1490 1328 1531 ex
1357 1477 1683 1546 quibusdam
1716 1478 1883 1533 rebus
1913 1494 2014 1533 ex-

197 1560 345 1633 iguis
377 1576 526 1632 quae
560 1558 754 1616 oculos
791 1557 989 1612 fallere
1019 1558 1226 1627 solent,
1264 1557 1482 1616 litteras
1520 1560 1647 1616 dico
1682 1561 1771 1616 vel
1806 1561 2012 1616 maius-

199 1645 352 1700 culas
386 1644 484 1700 vel
523 1641 888 1711 minusculas,
929 1640 1360 1712 interpungendi
1392 1642 1553 1712 signa
1575 1684 1592 1713 ,
1624 1642 1760 1698 vitia
1795 1658 2014 1714 quoque

197 1799 369 1851 uerat,
431 1788 532 1838 cfr.
585 1787 870 1839 casauboni
918 1785 1161 1852 epistolae
1215 1786 1293 1836 ed.
1349 1786 1530 1841 Graev,
1579 1803 1633 1853 p.
1681 1788 1765 1841 31.
1829 1789 2018 1839 Verum

199 1874 241 1909 a.
277 1856 410 1909 1610
446 1856 786 1907 Casaubonus
820 1855 887 1903 ad
926 1868 1131 1903 manum
1178 1854 1275 1903 sibi
1311 1854 1471 1906 fuisse
1500 1864 1710 1908 testatur
1746 1857 2016 1907 editionem

197 1942 306 1977 cum
342 1924 549 1975 Aurelii
578 1923 798 1974 Victoris
832 1923 955 1972 viris
991 1921 1272 1973 illustribus
1305 1925 1621 1975 coniunctam
1658 1934 1710 1975 et
1744 1925 2017 1976 Mediolani

199 2008 284 2061 per
323 1995 474 2045 Alex.
524 1992 859 2043 Minutianum
893 1994 1010 2041 ante
1051 1998 1237 2041 centum
1281 2000 1331 2042 et
1370 2001 1479 2043 octo
1520 2009 1679 2045 annos
1724 1995 1758 2044 i.
1802 2010 1847 2044 e.
1883 2008 2015 2044 anno

203 2063 330 2115 1502
359 2076 638 2123 excusam,
683 2074 811 2124 quae
845 2059 943 2110 sibi
988 2060 1162 2125 scripti
1197 2059 1310 2111 libri
1341 2062 1501 2112 instar
1542 2061 1739 2116 fuisset.
1814 2063 2013 2113 Pleras-

203 2147 293 2196 que
337 2130 592 2181 lectiones
644 2130 706 2180 ab
744 2142 802 2179 eo
841 2135 1252 2177 commemoratas
1297 2129 1570 2195 pluresque
1621 2132 1837 2182 omissas
1874 2130 2012 2180 Bon·

201 2200 352 2265 garsii
387 2212 556 2249 manu
601 2196 882 2261 adscriptas
919 2196 1084 2261 reperi
1119 2195 1172 2244 in
1209 2198 1441 2263 exemplo
1479 2199 1866 2263 Antverpiensis
1904 2198 2012 2248 edi-

201 2269 344 2325 tionis
373 2283 422 2321 a.
460 2267 637 2325 1574,
670 2265 804 2329 quod
835 2263 1029 2313 Bernae
1067 2272 1310 2317 servatur.
1386 2267 1442 2314 In
1488 2280 1549 2315 eo
1586 2267 1818 2331 exemplo
1850 2266 2014 2315 littera

202 2336 261 2386 M
289 2351 418 2400 quae
453 2350 532 2387 ex
571 2334 816 2394 editione,
850 2332 1016 2381 littera
1051 2332 1102 2381 P
1133 2346 1262 2395 quae
1301 2348 1330 2381 e
1366 2333 1639 2383 Petaviano
1657 2370 1672 2394 ,
1708 2347 1841 2382 nunc
1875 2332 2014 2381 Pari-

202 2408 307 2457 sino
356 2406 543 2456 codice
591 2403 777 2467 scripto
826 2407 1064 2465 excerpta
1121 2408 1238 2450 sunt
1284 2400 1683 2467 distinguuntur.
1769 2399 2013 2451 Bernensi

205 2475 432 2540 exemplo
473 2470 838 2521 casaubonum
884 2481 1032 2519 usum
1067 2482 1181 2519 esse
1201 2505 1215 2529 ,
1271 2468 1421 2519 fidem
1466 2469 1658 2521 faciunt
1703 2469 2014 2519 coniecturae

205 2543 386 2605 aliquot
437 2539 827 2603 Bongarsianae
883 2553 953 2587 ex
996 2535 1273 2601 Bonqarsa’i
1313 2538 1482 2589 codiee
1524 2538 1588 2589 ab
1640 2538 1727 2588 illo
1771 2537 2011 2607 prolatae,

209 2610 504 2660 convincunt
538 2606 625 2657 hic
655 2605 756 2655 illic
793 2613 942 2657 notae
977 2604 1038 2655 M
1066 2614 1114 2654 et
1141 2604 1192 2653 P
1222 2605 1465 2657 confusae
1500 2606 1580 2657 vel
1618 2604 1814 2656 Pithoei
1852 2604 2011 2655 codex

210 2692 295 2743 pro
320 2677 600 2728 Petaviano
631 2688 697 2723 ex
726 2674 1024 2739 compendio
1057 2674 1107 2721 P
1139 2672 1320 2725 factus.
1395 2676 1660 2726 Praeterea
1695 2688 1809 2724 eam
1834 2673 2012 2724 editio-

211 2760 318 2796 nem
352 2759 502 2797 nemo
545 2742 701 2802 vidit,
751 2756 913 2805 neque
947 2741 1098 2792 hodie
1132 2741 1475 2809 bibliographi
1508 2742 1660 2793 aliam
1684 2742 1923 2792 Virorum
1952 2739 2013 2789 il-

215 2814 432 2865 lustrium
475 2811 754 2863 editionem
808 2809 1231 2860 Mediolanensem
1279 2810 1342 2860 ab
1393 2811 1543 2863 Alex.
1596 2810 1873 2861 Minutiano
1919 2809 2013 2857 im-

213 2896 428 2947 pressam
470 2887 664 2933 norunt
705 2878 802 2928 nisi
848 2878 912 2928 de
945 2892 990 2927 a.
1037 2877 1170 2929 1509
1206 2892 1419 2941 eamque
1452 2877 1797 2928 Grammaticis
1839 2888 2013 2926 caren-

215 2959 322 2999 tem.
395 2951 633 3002 Ceterum
676 2945 774 2997 fuit
803 2947 888 2996 illa
922 2960 1060 2995 mera
1093 2946 1320 3011 repetitio
1364 2946 1679 2998 Florentinae
1715 2944 1796 2995 vel
1832 2943 2015 2995 similis

214 3017 440 3081 alicuius,
468 3019 584 3069 sine
608 3015 726 3066 ullis
752 3014 982 3080 vestigiis
1017 3028 1198 3063 manus
1235 3014 1603 3068 emendatricls.

277 3085 326 3137 3.
365 3086 594 3138 Achilles
627 3082 818 3134 Statius
843 3083 1031 3134 Romae
1062 3097 1107 3132 a.
1138 3081 1272 3133 1565
1298 3090 1515 3133 veterem
1547 3082 1801 3148 quandam
1836 3080 2013 3131 editio·

217 3167 324 3203 nem
341 3155 595 3216 consuluit
619 3167 734 3202 cum
757 3152 1042 3203 Florentius
1073 3151 1258 3213 ubique
1297 3149 1405 3200 fere
1422 3151 1851 3208 consentientem,
1886 3161 2014 3197 non·

219 3234 482 3287 numquam
501 3224 732 3271 Venetae
767 3218 1065 3269 Bernardini
1104 3218 1445 3280 accedentem,
1478 3227 1536 3269 ut
1563 3234 1616 3285 p.
1643 3217 1761 3278 259,
1791 3218 1859 3266 22
1886 3232 1915 3265 e
1938 3216 2014 3264 lu·

219 3289 395 3347 dendo,-
429 3307 483 3355 p.
512 3290 634 3351 269,
669 3289 736 3339 28
766 3296 926 3352 porta
942 3306 963 3343 ,·
997 3287 1088 3337 sed
1115 3286 1252 3337 haud
1284 3288 1355 3337 ita
1389 3302 1502 3337 raro
1541 3302 1673 3337 nunc
1704 3286 1757 3335 in
1784 3284 2013 3335 omitten-

218 3356 292 3407 dis
325 3359 585 3410 vocabulis
619 3358 696 3423 (p.
738 3356 854 3418 261,
892 3356 958 3406 14
988 3364 1035 3405 et
1077 3354 1139 3406 16
1172 3356 1411 3405 Varrone
1438 3362 1486 3405 et
1525 3356 1779 3412 Murena;
1806 3367 1859 3425 p.
1898 3350 2015 3411 264,

219 3424 252 3473 9
279 3441 402 3489 que;
434 3444 486 3492 p.
511 3427 632 3489 271,
676 3424 740 3476 19
771 3426 908 3487 dum)
941 3438 1076 3473 nunc
1107 3424 1158 3472 in
1193 3425 1479 3475 nominibus
1508 3423 1765 3475 mutandis
1796 3424 1870 3488 (p.
1892 3419 2014 3477 258,

217 3489 252 3541 6
287 3494 349 3541 L.
375 3494 586 3551 Aelius.-
614 3510 666 3560 p.
687 3492 806 3554 263,
829 3495 894 3546 16
919 3492 1190 3569 Zaba-iuss
1224 3492 1308 3545 21.
1330 3492 1394 3545 31
1419 3492 1617 3543 Hirtius
1636 3500 1685 3543 et
1702 3488 1901 3554 Hirtio)
1923 3502 2018 3539 suo

221 3573 412 3624 quoque
442 3564 651 3613 arbitrio
684 3570 936 3630 agentem.

2046 812 2207 856 Aldina

2058 864 2213 905 editio.
