2700 4234
498 315 619 379 120
676 327 735 376 c,
770 326 1071 376 summ-11
1106 324 1364 384 TRANQ.
1395 325 1490 372 Du
1523 324 1690 371 vrrA
1723 323 2092 382 CAnsAumr
2122 325 2261 372 mn.
2295 324 2428 372 1111.

497 485 769 565 quentiae
830 482 1251 560 doctrinaeque
1307 497 1529 559 genere
1588 479 1994 560 praecellens,
2061 477 2517 558 benivolentiam

498 567 879 667 singularem,
915 565 1433 643 conciliandaeque
1466 565 1754 625 hominum
1781 565 2005 642 gratiae
2036 581 2107 624 ac
2138 551 2519 642 promerendi

500 652 716 713 amoris
745 652 946 710 mirum
976 658 1035 709 et
1066 649 1281 710 efficax
1310 649 1574 709 studium
1648 647 1898 709 Formae
1928 649 2114 707 minus
2147 646 2520 724 congruebat

496 736 801 815 gracilitas
849 751 1104 810 crurum,
1150 732 1257 794 sed
1301 751 1385 798 ea
1418 749 1652 811 quoque
1700 731 1975 812 paulatim
2007 730 2248 830 ’repleta
2277 731 2518 791 assidua

498 820 634 900 equi
679 818 1011 879 vectatione
1052 826 1187 895 post
1237 815 1447 876 cibum.
1535 815 1781 877 Hostem
1815 817 2131 875 comminus
2163 832 2347 894 saepe
2378 833 2515 895 per·
2537 839 2563 879 5

499 905 697 965 cussit.
764 900 965 962 Oravit
997 915 1203 961 causas
1253 901 1424 960 etiam
1465 899 1860 980 triumphalis;
1905 907 2077 978 atque
2116 901 2268 959 inter
2316 908 2518 960 cetera

496 987 818 1049 studiorum
846 985 1198 1045 monimenta
1230 984 1468 1063 reliquit
1502 994 1559 1045 et
1597 983 1936 1045 comoedias
1974 981 2252 1045 Graecas.
2342 982 2519 1044 Domi

496 1073 757 1150 forisque
805 1069 1028 1147 civilis,
1080 1068 1267 1129 libera
1317 1086 1387 1129 ac
1425 1068 1730 1129 foederata
1773 1067 1990 1147 oppida
2039 1069 2164 1128 sine
2205 1067 2516 1128 lictoribus

498 1153 710 1216 adibat.
778 1153 977 1214 Sicubi
1024 1152 1314 1213 clarorum
1355 1153 1613 1213 virorum
1660 1151 1934 1231 sepulcra
1972 1147 2390 1230 cognosceret‚'
2432 1152 2512 1210 in-

496 1241 679 1300 ferias
725 1237 990 1298 Manibus
1030 1235 1220 1297 dabat.
1284 1235 1604 1299 caesorum
1653 1235 1818 1297 clade
1866 1236 2118 1296 Variana
2161 1244 2400 1296 veteres
2445 1253 2514 1295 ac
2533 1249 2580 1290 ιο

496 1324 795 1402 dispersas
829 1319 1110 1399 reliquias
1130 1338 1245 1381 uuo
1279 1320 1496 1381 tumulo
1522 1321 1876 1396 humaturus,
1904 1319 2192 1397 colligere
2218 1337 2320 1379 sua
2345 1337 2514 1381 mauu

496 1417 555 1468 et
590 1413 962 1484 comportare
1003 1405 1219 1484 primus
1260 1404 1583 1482 adgressus
1618 1413 1726 1464 est.
1785 1402 2289 1464 obtrectatoribus
2323 1405 2512 1476 etiam,

498 1490 952 1570 qualescumque
984 1497 1044 1548 et
1075 1497 1535 1569 quantacumque
1569 1488 1640 1548 de
1674 1505 1849 1549 causa
1877 1496 2120 1547 nanctus
2152 1496 2332 1564 esset,
2363 1488 2516 1548 lenis

497 1574 647 1636 adeo
679 1582 736 1633 et
767 1574 1071 1654 innoxius,
1104 1582 1165 1633 ut
1203 1573 1401 1634 Pisoni
1442 1573 1677 1633 decreta
1715 1591 1817 1633 sua
1854 1571 2236 1649 rescindenti‚
2272 1571 2511 1632 cliente-

496 1658 586 1719 las
614 1658 910 1718 divexanti
938 1675 1055 1717 non
1081 1659 1243 1737 prius
1266 1675 1616 1717 suscensere
1643 1658 1699 1715 in
1729 1658 1974 1717 animum
1999 1655 2314 1733 induxerit,
2345 1673 2511 1736 quam
2532 1672 2576 1713 ἐ

496 1743 803 1803 veneficiis
831 1759 1066 1821 quoque
1097 1750 1154 1801 et
1192 1740 1602 1802 devotionibus
1634 1741 1960 1822 impugnari
1993 1758 2059 1800 se
2091 1742 2507 1819 comperisset;

498 1846 569 1888 ac
612 1844 687 1886 ne
731 1834 867 1884 tunc
911 1824 1138 1903 quidem
1180 1824 1331 1886 ultra
1369 1842 1753 1905 progressus,
1800 1841 1972 1904 quam
2012 1832 2075 1884 ut
2107 1825 2415 1885 amicitiam
2455 1824 2510 1882 ei

498 1927 661 1971 more
703 1909 980 1967 maiorum
1011 1912 1364 1969 renuntiaret
1397 1908 1807 1988 mandaretque
1840 1907 2180 1968 domesticis
2213 1907 2508 1984 ultionem,

428 1991 469 2044 4
498 1996 547 2055 si
580 1991 714 2072 quid
759 1989 866 2049 sibi
910 1989 1223 2051 accideret.
1294 1991 1544 2066 Quarum
1575 1994 1845 2054 virtutum
1885 1993 2132 2058 fructum
2161 1990 2510 2052 uberrimum

496 2076 658 2153 tulit,
717 2073 802 2134 sic
846 2073 1123 2153 probatus
1168 2083 1226 2134 et
1268 2075 1517 2136 dilectus
1565 2096 1598 2137 a
1630 2079 1782 2155 suis,
1816 2086 1875 2137 ut
1907 2074 2239 2154 Augustus,
2273 2078 2576 2157 (omittow

496 2163 648 2221 enim
680 2158 1147 2219 necessitudines
1182 2159 1473 2239 reliquas)
1501 2160 1596 2221 diu
1627 2170 1927 2221 cunctatus
1957 2180 2029 2221 an
2061 2160 2171 2220 sibi
2203 2176 2511 2221 successo-

494 2261 620 2306 rem
652 2243 992 2321 destinaret‚
1024 2243 1414 2323 adoptandum
1443 2244 1680 2305 Tiberio
1712 2245 1967 2316 dederit;
2013 2246 2100 2304 sic
2130 2245 2313 2322 vulgo
2346 2244 2510 2304 favo·

497 2327 723 2404 rabilis,
758 2337 819 2387 ut
852 2328 1082 2406 plurimi
1112 2328 1361 2406 tradant,
1411 2331 1681 2409 quotiens
1719 2329 1918 2408 aliquo
1951 2327 2252 2389 adveniret
2293 2326 2392 2388 vel
2435 2329 2508 2387 si·

499 2412 687 2474 eunde
716 2410 1065 2489 discederet,
1110 2431 1254 2492 prae
1286 2412 1452 2473 turba
1483 2413 1910 2474 occurrentium
1954 2414 2509 2492 prosequentiumve

496 2514 918 2575 nonnumquam
960 2514 1088 2555 eum
1130 2496 1440 2557 discrimen
1489 2498 1642 2558 vitae
1691 2496 1912 2575 adisse,
1949 2515 1982 2556 e
2027 2496 2332 2559 Germania
2359 2513 2572 2557 veroa-r»

498 2588 634 2660 post
678 2595 1076 2656 compressam
1116 2579 1459 2641 seditionem
1495 2583 1813 2642 revertenti
1857 2583 2258 2660 praetorianas
2295 2580 2504 2642 cohor-

494 2673 587 2724 tes
621 2663 928 2732 universas
965 2662 1237 2743 prodisse
1283 2664 1542 2743 obviam,
1587 2667 1846 2746 quamvis
1888 2667 2310 2745 pronuntiatum
2349 2673 2506 2726 esset

496 2757 558 2808 ut
604 2747 749 2806 duae
782 2755 996 2808 tantum
1034 2748 1211 2809 modo
1256 2751 1504 2826 exirent,
1549 2751 1754 2830 populi
1789 2759 1978 2811 autem
2009 2751 2252 2811 Romani
2283 2767 2505 2826 sexum,

499 2840 768 2907 aetatem,
813 2831 1071 2892 ordinem
1114 2851 1341 2894 omnem
1371 2851 1554 2913 usque
1591 2833 1663 2894 ad
1697 2835 2031 2894 vicesimum
2069 2832 2321 2913 lapidem
2364 2833 2503 2892 effu-

432 2919 468 2970 5
500 2915 655 2975 disse
707 2932 793 2974 se.
887 2915 1103 2976 Tamen
1148 2916 1326 2995 longe
1353 2919 1572 2980 maiora
1604 2927 1661 2979 et
1705 2919 1958 2980 firmiora
1996 2918 2068 2978 de
2101 2934 2176 2977 eo
2206 2916 2417 2977 iudicia
2447 2918 2571 2977 ineo

495 3007 686 3060 morte
726 3016 797 3060 ac
837 3010 972 3079 post
1017 3011 1262 3061 mortem
1306 3003 1637 3062 extiterunt.
1727 3003 1857 3078 Quo
1905 3002 2211 3063 defunctus
2256 3010 2348 3061 est
2391 3000 2503 3078 die,

499 3082 752 3163 lapidata
794 3093 925 3145 sunt
964 3083 1209 3167 templa,
1248 3084 1568 3147 subversae
1598 3086 1765 3148 deum
1796 3105 1964 3163 arae,
1995 3085 2174 3146 Lares
2205 3103 2238 3146 a
2269 3084 2504 3164 quibus·

497 3168 625 3228 dam
656 3167 1017 3230 familiares
999 3186 1057 3228 ιιι
1086 3168 1378 3250 publicum
1411 3169 1644 3249 abiecti,
1674 3181 1874 3250 partus
1899 3171 2207 3248 coniugum
2226 3168 2504 3250 expositi.

498 3252 647 3326 Quin
679 3261 737 3312 et
768 3251 1053 3313 barbaros
1088 3254 1302 3331 ferunt,
1334 3253 1542 3333 quibus
1572 3254 1902 3315 intestinum
1938 3253 2265 3333 quibusque
2297 3253 2501 3314 adver·

500 3354 598 3395 sus
630 3352 741 3395 nos
776 3326 992 3396 bellum
1022 3346 1214 3416 esset,
1264 3339 1426 3399 velut
1467 3339 1523 3398 iu
1555 3338 1878 3400 domestico
1912 3340 2312 3417 communique
2348 3356 2502 3398 mae·
2523 3357 2570 3399 ³5

496 3436 671 3495 rore,
740 3422 1115 3481 consensisse
1167 3384 1239 3482 a’d
1291 3422 1565 3493 indutias;
1629 3422 1870 3502 regulos
1928 3421 2207 3523 quosdam
2264 3420 2505 3482 barbam

500 3504 773 3581 posuisse
805 3513 863 3563 et
892 3521 1135 3570 uxorum
1167 3509 1358 3586 capita
1385 3507 1600 3568 rasisse
1629 3507 1702 3567 ad
1729 3506 1995 3567 indicium
2017 3507 2247 3567 maximi
2282 3506 2502 3575 luctus;

496 3602 702 3662 regum
732 3589 903 3647 etiam
942 3605 1145 3668 regem
1178 3597 1238 3649 et
1262 3592 1682 3651 exercitatione
1711 3589 1959 3651 venandi
1993 3599 2053 3650 et
2079 3590 2353 3649 convictu
2383 3606 2504 3650 me-
