2700 4234
536 725 624 809 o.
690 724 1170 808 sUEToM
1227 726 1908 815 TRANQUILLI

242 912 491 1013 DE
595 911 1064 1011 VITA
1166 897 2207 1025 CAESARUM

991 1110 1268 1175 LIBER
1314 1110 1468 1175 VII.

529 1300 868 1375 GALBA.
967 1301 1250 1375 o'l'Ho.
1358 1302 1874 1377 VITELLIUS.

1067 1648 1379 1703 GALBA·

157 1830 186 1871 ⁵
343 1804 674 1882 Progenies
722 1803 1037 1865 Caesarum
1081 1804 1139 1864 in
1190 1803 1430 1865 Nerone
1478 1804 1723 1865 defecit:
1777 1806 1932 1884 quod
1955 1806 2221 1882 futurum,
2249 1817 2276 1868 1

215 1888 618 1967 compluribus
645 1888 873 1967 quidem
897 1889 1100 1965 signis,
1123 1887 1228 1948 sed
1251 1888 1348 1949 vel
1386 1888 1831 1949 evidentissimis
1868 1890 2091 1950 duobus
2124 1907 2221 1967 apn

216 1973 432 2052 paruit.
487 1972 708 2048 Liviae,
737 1970 873 2032 olim
906 1981 1043 2049 post
1077 1971 1324 2050 Augusti
1356 1975 1545 2033 statim
1581 1974 1808 2052 nuptias
1842 1975 2224 2035 Veientanum

216 2075 384 2117 suum
408 2058 710 2132 revisenti,
744 2056 1189 2135 praetervolans
1215 2057 1405 2136 aquila
1421 2055 1696 2134 gallinam
1712 2058 1921 2136 albam,
1950 2055 2226 2120 ramulum

216 2141 366 2200 lauri
402 2150 596 2200 rostro
634 2148 954 2216 tenentem,
992 2140 1068 2200 ita
1107 2149 1166 2200 ut
1200 2150 1505 2220 rapuerat,
1552 2140 1779 2200 demisit
1816 2144 1873 2200 in
1910 2143 2221 2218 gremium:

136 2245 200 2287 ιο
219 2242 464 2303 cumque
490 2224 695 2283 nutriri
727 2224 935 2300 alitem,
964 2225 1142 2302 pangi
1166 2225 1442 2285 ramulum
1471 2223 1823 2302 placuisset,
1858 2234 2013 2284 tanta
2036 2223 2223 2303 pullo-

216 2325 342 2367 rum
365 2307 610 2367 suboles
635 2309 937 2386 provenit,
965 2317 1023 2366 ut
1047 2307 1341 2385 hodieque
1374 2324 1443 2366 ea
1474 2307 1615 2366 villa
1655 2307 1726 2368 ad
1758 2306 2012 2367 Gallinas
2048 2324 2221 2365 voce-

216 2400 334 2467 tur,
357 2392 474 2452 tale
499 2407 644 2451 vero
672 2390 972 2468 lauretum,
999 2400 1059 2449 ut
1079 2390 1480 2470 triumphaturi
1506 2388 1795 2450 Caesares
1822 2390 1954 2451 inde
1995 2391 2225 2449 laureas

217 2474 646 2553 decerperent;
671 2475 891 2554 fuitque
915 2492 1042 2534 mos
1078 2474 1583 2554 triumphantibus,
1618 2475 1748 2535 illas
1785 2474 2089 2535 confestim
2126 2490 2223 2533 eo-

218 2559 356 2618 dem
378 2557 514 2618 loco
539 2577 830 2637 pangere;
859 2567 917 2617 et
942 2558 1314 2621 observatum
1337 2567 1448 2635 est,
1474 2557 1581 2618 sub
1608 2560 1885 2638 cuiusque
1905 2559 2120 2619 obitum
2136 2576 2222 2617 ar·

137 2668 196 2710 15
218 2642 430 2703 horem
453 2642 524 2703 ab
548 2644 679 2721 ipso
706 2644 1016 2703 institutam
1041 2643 1397 2722 elanguisse.
1442 2640 1608 2721 Ergo
1632 2645 1949 2704 novissimo
1971 2643 2224 2703 Neronis

217 2745 372 2788 anno
400 2735 458 2785 et
486 2726 634 2786 silva
660 2728 843 2787 omnis
876 2728 1101 2787 exaruit
1123 2728 1431 2803 radicituS,
1468 2736 1526 2786 et
1560 2726 1833 2806 quidquid
1869 2729 1947 2788 ibi
1982 2726 2221 2805 gallina-

218 2828 348 2871 rum
384 2819 508 2871 erat
544 2811 784 2881 interiit3
818 2829 890 2871 ao
933 2810 1171 2871 subinde
1204 2820 1358 2872 tacta
1389 2810 1462 2870 de
1500 2810 1669 2870 caelo
1710 2810 2022 2870 Caesarum
2060 2809 2221 2886 aede,

224 2895 421 2973 capita
461 2894 724 2955 omnibus
759 2894 926 2957 simul
961 2895 1162 2954 statuis
1196 2894 1568 2971 deciderunt,
1605 2892 1853 2970 Augusti
1892 2896 2061 2954 etiam
2094 2911 2221 2953 sce-

223 2986 416 3058 ptrum
442 2997 474 3037 e
501 2978 763 3040 manibus
799 2996 1106 3038 excussum
1137 2987 1245 3038 est.

147 3085 204 3126 ω
349 3060 572 3122 Neroni
600 3061 781 3127 Galba
803 3064 1089 3122 successit
1119 3062 1276 3121 nullo
1313 3063 1498 3139 gradu
1535 3063 1881 3139 contingens
1910 3059 2220 3121 Caesarum
2244 3062 2278 3113 2

223 3145 474 3223 domum,
502 3146 608 3207 sed
631 3146 782 3207 haud
807 3145 976 3207 dubie
996 3144 1391 3206 nobilissimus
1414 3164 1740 3224 magnaque
1766 3154 1823 3205 et
1854 3153 2057 3203 vetere
2089 3161 2220 3223 pro-

220 3232 406 3309 sapia,
430 3240 492 3290 ut
515 3231 612 3310 qui
635 3240 946 3292 statuarum
975 3229 1154 3291 titulis
1177 3239 1565 3309 pronepotem
1587 3248 1652 3288 se
1680 3228 1873 3303 Quinti
1899 3227 2085 3289 Catuli
2116 3226 2220 3289 Ca-

218 3313 448 3392 pitolini
472 3332 707 3393 semper
741 3314 1114 3393 ascripserit,
1156 3315 1476 3393 imperator
1513 3330 1654 3373 vero
1690 3315 1859 3375 etiam
1889 3321 2125 3373 stemma
2165 3314 2223 3372 in

219 3399 368 3458 atrio
396 3401 799 3477 proposuerit,
822 3413 936 3477 quo
954 3406 1252 3476 paternam
1275 3398 1561 3475 originem
1586 3397 1657 3458 ad
1675 3396 1895 3475 Iovem,
1910 3406 2223 3458 maternam

140 3500 195 3543 25
215 3480 288 3541 ad
313 3482 662 3561 Pasiphaam
690 3482 900 3543 Minois
932 3498 1174 3542 uxorem
1197 3482 1468 3541 referret.

343 3565 638 3644 Imagines
664 3576 722 3627 et
747 3566 943 3644 elogia
969 3566 1222 3625 universi
1247 3566 1489 3642 generis
1517 3568 1731 3644 exequi
1745 3566 1981 3642 longum
2006 3574 2115 3639 est,
2141 3563 2223 3622 fa·
2244 3572 2281 3625 3
