2700 4234
693 286 794 335 η
953 273 967 284 ’
1390 283 1811 335 munna-10.

705 444 846 501 ludis
889 444 1338 517 madiam-inque
1384 442 1719 501 muneribus.
1748 441 2196 515 frequentissime
2246 444 2403 501 editis
2440 448 2529 503 in-

585 539 591 545 ·
706 529 909 584 ier-iecit
943 530 1273 599 plerumque
1312 526 1606 583 bestiarum
1648 525 2055 597 Africanarum
2098 530 2407 584 venationes
2435 531 2528 587 vel

705 612 932 682 similia,
963 612 1065 667 cfr.
1098 629 1153 683 p.
1189 617 1309 681 158,
1343 618 1411 670 10
1442 627 1565 682 sqq.
1608 624 1719 679 ego
1756 604 1767 686 Ι
1804 615 1873 667 22
1900 609 1966 665 L.
1989 608 2167 666 Icium
2198 610 2528 669 Torrentius

706 712 810 768 pro
840 696 1047 751 Licium
1089 695 1178 751 vel
1209 694 1439 765 Lycium
1470 694 1562 751 vel
1605 692 1805 749 Litium
1850 686 1877 771 ΙΙ
1930 700 2029 764 59,
2063 700 2129 753 21
2182 695 2378 751 aberat
2418 700 2525 753 cod

704 778 879 835 Noun.
916 777 1066 834 Cort.
1105 778 1176 833 ed
1193 777 1345 834 Basil
1376 780 1647 851 1533‘pr0
1678 778 1876 833 aderat
1903 768 1931 855 ΙΙ
1960 782 2046 845 60,
2078 784 2105 835 1
2136 779 2252 833 loco
2280 780 2352 835 ed
2374 781 2527 837 Basil

707 869 844 923 1533
864 878 970 935 pro
1000 863 1156 933 longo
1194 854 1205 940 Ι
1242 867 1276 919 2
1302 861 1445 917 ludis
1467 867 1519 915 el
1542 875 1709 916 scena
1739 860 2071 933 Stephanus.
2108 862 2251 917 ludis
2278 870 2333 917 et
2356 878 2527 919 scena

705 946 916 1003 Merum.
957 962 1060 1018 pro
1095 947 1249 1001 ludos
1283 952 1332 1001 et
1358 960 1582 1001 scenam
1634 936 1645 1023 Ι
1701 951 1764 1003 12
1796 945 1865 999 ab
1894 960 1956 1000 se
1989 946 2313 1003 Beroaldus.
2361 948 2439 1003 ad
2466 962 2528 1003 se

709 1029 868 1086 Paris
887 1036 1043 1090 6116.
1092 1030 1220 1085 Med
1243 1034 1295 1085 2.
1333 1028 1453 1085 Exe
1474 1030 1641 1086 Voss.
1674 1029 1821 1085 Frib.
1859 1044 1964 1100 pro
2000 1043 2063 1084 se
2102 1020 2130 1107 ΙΙ
2172 1035 2269 1097 62,
2320 1038 2387 1090 10
2426 1032 2528 1087 sed

707 1115 990 1169 violentius
1015 1106 1302 1169 Pithoeus
1328 1128 1433 1185 pro
1466 1113 1652 1169 sedulo
1687 1114 1879 1168 lentius
1929 1104 1940 1190 Ι
1988 1118 2058 1173 33
2098 1114 2373 1184 adaperta
2415 1116 2526 1171 Be·

707 1198 938 1254 roaldus
994 1212 1112 1269 pro·
1145 1197 1415 1267 adoperta
1462 1188 1489 1275 ΙΙ
1529 1202 1627 1267 63,
1657 1202 1725 1255 12
1766 1199 1850 1252 vir
1890 1199 2065 1252 virum
2093 1198 2417 1255 Torrentius
2466 1204 2527 1254 ut

708 1299 762 1353 p.
809 1285 907 1350 54,
948 1286 1018 1339 20
1064 1297 1168 1353 pro
1219 1282 1595 1349 triumvirum,
1638 1281 1740 1337 sed
1772 1280 1873 1335 cfr.
1924 1297 1978 1353 p.
2006 1286 2095 1350 55,
2138 1288 2207 1341 13
2252 1274 2262 1359 Ι
2311 1288 2374 1342 17
2420 1298 2527 1337 nec

707 1380 908 1436 mayna
922 1364 1247 1420 Torrentius
1286 1356 1297 1443 Ι
1336 1368 1406 1424 26
1436 1364 1872 1420 tribuErasmus.
1909 1362 2151 1419 tribubus
2180 1366 2289 1421 eod
2304 1365 2523 1425 Palatl.

705 1448 844 1504 Edd.
877 1462 981 1519 pro
1009 1448 1182 1503 tribus
1217 1438 1229 1526 Ι
1267 1454 1332 1509 37
1370 1450 1589 1519 eripere
1616 1448 1855 1504 Iuneker
1887 1464 1993 1521 pro
2022 1450 2262 1519 eriperet
2287 1440 2313 1528 ΙΙ
2344 1454 2433 1521 64,
2460 1458 2524 1510 11

703 1545 974 1589 consensu
1009 1532 1079 1587 ed
1103 1532 1236 1587 Rom
1261 1542 1308 1590 1.
1339 1537 1374 1588 2
1404 1548 1507 1604 pro
1546 1546 1810 1587 concessu
1848 1525 1855 1607 Ι
1896 1539 1961 1593 31
1995 1531 2123 1587 huic
2154 1532 2282 1587 urbi
2300 1533 2527 1589 Ouden-

708 1614 938 1687 dorpius
975 1631 1079 1687 pro
1108 1614 1238 1671 huic
1267 1608 1296 1695 ΙΙ
1324 1621 1413 1686 66,
1440 1622 1511 1675 20
1552 1616 1759 1673 Vinicio
1793 1614 2065 1685 Gifanius,
2096 1617 2197 1672 sed
2228 1617 2329 1672 cfr.
2360 1615 2527 1673 Orel-

707 1698 770 1755 lii
809 1698 1083 1771 inscriptt.
1130 1715 1222 1755 no.
1251 1706 1391 1760 3309
1444 1696 1457 1775 Ι
1504 1705 1575 1760 23
1610 1706 1806 1755 notare
1848 1699 2067 1771 Lipsius
2110 1716 2215 1772 pro
2260 1707 2464 1756 natare
2512 1695 2523 1778 Ι

705 1790 776 1843 30
808 1795 1052 1837 mensum
1079 1798 1210 1851 ego.
1250 1798 1532 1839 mensuum
1545 1784 1760 1839 Menam.
1790 1798 1895 1855 pro
1924 1786 2189 1839 mensium
2215 1774 2241 1863 ΙΙ
2272 1792 2363 1855 67,
2392 1790 2458 1849 2;
2494 1792 2531 1845 3

657 1890 662 1897 -
705 1864 951 1929 Phoeben
989 1863 1236 1920 Phoebes
1272 1866 1522 1923 Gil'anius
1562 1883 1665 1939 pro
1694 1866 1891 1939 foede;
1930 1866 2123 1938 foedes
2172 1862 2181 1943 Ι
2230 1874 2299 1929 25
2344 1867 2527 1924 Salvi-

607 1999 612 2003 .
708 1950 925 2003 dienum
971 1947 1040 2002 ed
1063 1949 1213 2003 Basil
1250 1954 1385 2009 1533
1418 1964 1523 2020 pro
1556 1946 1927 2005 Salvidenium
1977 1941 1988 2027 Ι
2036 1956 2104 2011 35
2146 1954 2237 2007 sui
2278 1953 2349 2008 ed
2373 1952 2527 2009 Basil

707 2038 847 2091 1533
877 2046 980 2102 pro
1013 2046 1149 2087 suae
1186 2023 1196 2111 Ι
1233 2038 1304 2092 38
1331 2030 1567 2103 friyoris
1590 2033 1808 2106 Lipsius
1839 2049 1943 2106 pro
1972 2036 2174 2106 rivoris
2204 2027 2233 2114 ΙΙ
2260 2042 2345 2101 68,
2375 2042 2408 2093 2
2436 2036 2531 2092 hic

709 2115 1032 2171 Torrentius
1061 2132 1167 2186 pro
1196 2122 1248 2171 et
1272 2115 1368 2170 ‘hic
1421 2107 1432 2193 Ι
1481 2122 1549 2176 16
1593 2116 1841 2173 Licinum
1873 2118 2201 2175 Torrentius
2240 2136 2345 2192 pro
2374 2120 2526 2175 Lici-

707 2200 857 2253 nium
893 2189 904 2276 Ι
943 2205 994 2254 et
1005 2198 1266 2255 Celadum
1290 2198 1649 2257 Casaubonus
1674 2216 1775 2273 pro
1791 2201 2133 2257 Enceladum
2162 2197 2187 2279 ΙΙ
2220 2209 2308 2274 69,
2336 2209 2373 2261 4
2406 2206 2530 2261 viro

709 2282 819 2339 eod
831 2282 997 2339 Basil.
1028 2282 1246 2339 Vindob
1265 2290 1312 2341 1.
1346 2284 1653 2340 Beroaldus
1674 2299 1779 2356 pro
1802 2286 1909 2357 viri
1935 2276 1961 2363 ΙΙ
1990 2290 2130 2356 71,6
2158 2286 2528 2358 technyphion

712 2382 821 2437 ego
847 2356 877 2444 ΙΙ
907 2372 1006 2438 72,
1037 2372 1070 2423 2
1099 2368 1272 2422 ludios
1301 2368 1609 2424 Beroaldus
1639 2384 1745 2439 pro
1776 2364 1933 2424 ludos
1970 2362 1980 2447 Ι
2019 2376 2089 2429 18
2122 2387 2228 2441 quo
2264 2370 2529 2427 omittunt

709 2455 928 2505 vetusta
943 2448 1220 2522 Excerpta
1253 2450 1615 2521 etEgnatius,
1648 2452 1752 2507 cfr.
1772 2468 1947 2524 supra·
1971 2470 2022 2525 p.
2038 2452 2265 2509 XXXIII
2295 2445 2322 2533 ΙΙ
2352 2460 2529 2523 73,10

709 2534 1067 2603 eviyilandum
1085 2532 1445 2590 casaubonus
1476 2550 1579 2607 pro
1609 2536 1939 2606 viyilandum
1977 2528 1988 2614 Ι
2026 2542 2094 2597 32
2122 2544 2176 2593 et
2200 2554 2239 2591 a
2258 2542 2528 2595 memoria

705 2615 925 2688 Lipsius
965 2632 1070 2689 pro
1101 2619 1260 2672 etiam
1294 2620 1613 2673 memoriam
1641 2611 1668 2697 ΙΙ
1698 2624 1787 2689 74,
1820 2626 1888 2677 22
1914 2620 2183 2676 subucula
2212 2626 2265 2677 et
2290 2623 2528 2679 Beroal-

708 2700 812 2755 dus
846 2716 949 2772 pro
979 2697 1276 2757 subuculae
1313 2697 1322 2772 Ι
1362 2707 1430 2761 32
1460 2708 1561 2757 aut
1603 2718 1713 2773 ego
1756 2720 1859 2775 pro
1898 2709 1957 2758 at
1992 2694 2021 2783 ΙΙ
2063 2710 2165 2775 75,
2197 2714 2221 2763 1
2258 2709 2528 2777 seyestria

711 2800 838 2855 ego.
871 2790 1110 2857 segestro
1137 2783 1395 2841 Cuiaeius
1426 2802 1533 2858 pro
1554 2788 1797 2842 sestertio
1835 2779 1846 2865 Ι
1888 2792 1951 2847 17
1984 2791 2221 2859 scriptos
2243 2790 2351 2845 eod
2366 2788 2520 2846 Cort.

708 2868 1045 2924 Burmannus
1084 2884 1187 2940 pro
1225 2870 1445 2940 scriptis
1488 2861 1515 2948 ΙΙ
1552 2870 1655 2940 76,
1710 2876 1745 2927 2
1776 2871 2032 2942 urbibus,
2064 2872 2166 2930 efr.
2202 2872 2525 2929 Priscianus

709 2956 796 3019 10,
827 2956 882 3019 8,
916 2955 986 3010 43
1022 2944 1032 3023 Ι
1072 2956 1138 3009 14
1172 2952 1400 3007 Verrius
1421 2954 1751 3023 Beroaldus,
1784 2955 2055 3016 adversus
2089 2963 2399 3028 temporum
2430 2974 2524 3013 ra-

709 3032 911 3088 tiones.
987 3034 1228 3090 Granius
1257 3033 1622 3093 Casaubonus
1660 3034 1667 3110 Ι
1712 3043 1779 3097 16
1807 3040 1990 3094 inanis
2025 3039 2086 3095 lo
2110 3040 2181 3095 Fr
2201 3040 2525 3098 Gronovius

708 3131 812 3187 pro
841 3118 1096 3173 inanibus
1133 3112 1142 3196 Ι
1181 3124 1252 3178 28
1277 3120 1523 3175 bacelum
1548 3120 1806 3177 Erasmus
1847 3114 1857 3199 Ι
1894 3129 1946 3177 el
1966 3139 2081 3193 pro
2104 3124 2263 3195 pullo
2294 3123 2433 3179 Edd.
2464 3132 2527 3179 ut

699 3200 917 3271 pullum
951 3203 1272 3274 pullaceum
1314 3220 1424 3275 ego
1476 3196 1503 3283 ΙΙ
1538 3210 1640 3275 77,
1670 3211 1706 3263 4
1747 3221 1860 3275 per
1887 3206 2025 3261 Arei
2066 3206 2375 3263 Salmasius
2414 3223 2522 3279 pro

704 3287 962 3353 sperat-ei
1001 3278 1029 3364 ΙΙ
1065 3290 1134 3346 ’79
1153 3326 1172 3357 ,
1202 3292 1237 3343 2
1276 3285 1657 3359 Hierosolyma
1690 3289 2028 3347 Burmannus
2061 3307 2165 3363 pro
2197 3290 2522 3363 Hierosoly·

707 3382 852 3421 mam
891 3363 901 3442 Ι
937 3374 1000 3426 21
1034 3374 1322 3427 matronae
1349 3373 1701 3427 convenirent
1719 3371 1961 3429 Ernesti.
1992 3378 2279 3429 matronae
2301 3375 2522 3429 domum

706 3452 849 3505 irent
893 3449 1163 3510 Graevius
1203 3446 1230 3531 ΙΙ
1273 3458 1373 3525 80,
1410 3460 1448 3515 8
1490 3455 1784 3513 Caesarem
1831 3456 2081 3513 Drusum
2127 3457 2327 3513 Miiller
2371 3459 2520 3529 apud

709 3534 932 3606 Baumg.
968 3534 1220 3593 Crusium
1255 3529 1266 3613 Ι
1303 3543 1370 3596 21
1402 3540 1458 3593 in
1488 3540 1605 3595 eius
1630 3541 1811 3596 sinum
1840 3554 2017 3613 remp.
2050 3557 2215 3614 quam
2244 3556 2379 3612 ego,
2412 3541 2501 3597 el'r
