2700 4234
467 274 550 334 ’12
636 285 696 334 o.
731 285 1035 334 summu
1064 285 1318 344 TRANQ.
1345 285 1445 332 mi
1476 285 1645 334 vrrs
1677 283 2049 348 causamur
2078 285 2217 332 mn.
2250 286 2327 333 11.

466 440 713 499 tacentis
753 437 850 498 vel
880 438 1222 498 summissim
1251 437 1561 499 fabulantis
1602 437 1995 518 provocabat,
2038 447 2099 498 et
2144 447 2243 500 aut
2270 456 2486 500 acroa-

463 530 718 582 mata-et
753 520 1070 582 histriones
1107 530 1205 580 aut
1244 523 1413 581 etiam
1456 522 1715 582 triviales
1760 540 1835 581 ex
1876 523 2037 580 circo
2074 521 2267 582 ludios
2296 524 2485 582 inter-

466 605 724 685 ponebat
753 623 824 666 ac
855 604 1214 683 frequentius
1243 605 1603 682 aretalogos.

373 704 448 760 75
589 689 805 750 Festos
833 697 894 747 et
926 687 1248 748 sollemnes
1281 687 1408 748 dies
1439 688 1863 767 profusissime,
1894 705 2319 768 nonnumquam
2352 697 2483 748 tan-

463 785 580 834 tum
622 772 956 833 ioculariter
999 769 1354 831 celebrabat.
1423 771 1853 849 Saturnalibus,
1894 780 1955 829 et
1986 773 2034 830 si
2064 772 2293 850 quando
2328 772 2483 831 alias
2502 791 2533 830 s

411 867 415 871 '
463 857 759 933 libuisset,
805 853 982 915 modo
1025 871 1261 914 munera
1306 853 1629 932 dividebat,
1671 864 1898 914 vestem
1934 864 1994 914 et
2038 873 2237 914 aurum
2282 864 2341 914 et
2382 874 2478 915 ar—

463 950 727 1019 gentum,
771 938 948 998 modo
989 955 1250 997 nummos
1295 941 1481 997 omnis
1522 947 1723 1015 notae,
1766 940 1940 998 etiam
1982 948 2220 998 veteres
2266 939 2478 1015 regios

461 1043 532 1086 ac
574 1023 961 1101 peregrinos,
1001 1021 1284 1081 interdum
1325 1020 1462 1081 nihil
1508 1031 1745 1100 praeter
1784 1022 1976 1082 cilicia
2010 1031 2070 1081 et
2099 1023 2384 1100 spongias
2414 1030 2479 1080 et

460 1105 727 1168 rutabula
769 1115 830 1165 et
871 1105 1135 1183 forpices
1176 1113 1351 1182 atque
1392 1105 1503 1164 alia
1544 1103 1602 1163 id
1641 1122 1861 1182 genus,
1904 1105 2081 1165 titulis
2112 1104 2381 1164 obscuris
2414 1113 2479 1164 et

463 1191 766 1268 ambiguis.
839 1186 1082 1248 Solebat
1142 1198 1200 1247 et
1254 1187 1846 1266 inaequalissimarum
1904 1205 2096 1248 rerum
2156 1198 2349 1248 sortes
2412 1197 2549 1248 et10

462 1291 702 1335 aversas
731 1270 1051 1333 tabularum
1080 1272 1338 1350 picturas
1375 1273 1432 1330 in
1475 1272 1746 1330 convivio
1782 1272 2082 1333 venditare
2122 1273 2473 1350 incertoque

463 1375 602 1417 casu
646 1373 812 1433 spem
849 1357 1222 1414 mercantium
1264 1355 1361 1414 vel
1400 1351 1667 1416 frustr‘ari
1711 1355 1809 1415 vel
1837 1355 2121 1435 explere,
2162 1357 2241 1416 ita
2270 1365 2331 1414 ut
2360 1373 2475 1435 per

463 1439 726 1517 singulos
758 1439 950 1498 lectos
983 1437 1225 1498 licitatio
1259 1439 1430 1498 fieret
1456 1447 1515 1498 et
1543 1457 1649 1498 seu
1677 1440 1894 1499 iactura
1924 1457 2029 1498 seu
2058 1439 2279 1500 lucrum
2312 1457 2473 1499 com-

373 1525 445 1581 76
461 1525 865 1583 municaretur.
929 1519 1056 1581 Cibi
1101 1523 1271 1601 (nam
1310 1540 1385 1581 ne
1419 1521 1568 1582 haec
1605 1521 1833 1600 quidem
1876 1521 2213 1600 omiserim)
2254 1523 2473 1582 minimi

461 1616 589 1668 erat
633 1614 806 1684 atque
850 1605 1109 1682 vulg-aris
1154 1605 1302 1665 fere.
1365 1605 1781 1666 secundarium
1813 1624 2025 1685 panem
2054 1614 2113 1666 et
2144 1607 2473 1684 pisciculos
2495 1623 2547 1664 ιε

460 1694 711 1754 minutos
759 1699 819 1750 et
862 1708 1096 1749 caseum
1140 1688 1415 1749 bubulum
1452 1705 1623 1750 mauu
1662 1707 1929 1768 pressum
1968 1697 2029 1748 et
2068 1690 2216 1749 ficos
2250 1689 2473 1749 virides

461 1776 680 1835 biferas
733 1775 978 1836 maxime
1039 1773 1387 1850 appetebat;
1440 1771 1906 1851 vescebaturque
1949 1781 2009 1831 et
2049 1781 2181 1832 ante
2228 1791 2472 1835 caenam

462 1875 828 1938 quocumque
883 1864 1148 1934 tempore
1195 1864 1252 1914 et
1296 1856 1467 1932 loco,
1524 1873 1639 1934 quo
1682 1855 2015 1916 stomachus
2054 1855 2468 1918 desiderasset.

460 1939 660 2002 Verba
715 1939 898 2017 ipsius
951 1956 1029 1997 ex
1079 1939 1348 2015 epistolis
1390 1946 1550 1998 sunt:
1614 1936 1748 2000 Nos
1782 1940 1849 1999 in
1890 1939 2107 2000 essedo
2140 1957 2373 2018 panem
2412 1947 2473 2000 et

450 2021 773 2103 palmulas
805 2020 1208 2100 qustavimus.
1297 2021 1375 2081 Et
1414 2023 1650 2082 iterum:
1700 2021 1865 2082 Dum
1905 2022 2127 2084 lectica
2169 2041 2250 2083 ex
2289 2024 2471 2104 reqia
2488 2034 2543 2076 20

460 2108 700 2168 domum
739 2104 960 2180 redsa,
998 2105 1189 2182 panis
1223 2104 1472 2166 unciam
1510 2124 1646 2165 cam
1669 2106 1897 2184 paucis
1926 2107 2130 2168 acinis
2158 2125 2322 2167 uvae
2351 2107 2463 2168 du-

457 2190 722 2252 racinae
751 2187 1005 2251 comedi.
1050 2188 1125 2248 Et
1147 2208 1377 2250 rursus:
1411 2187 1506 2250 Nc
1530 2187 1809 2250 Iudaeus
1832 2189 2095 2269 quidem,
2123 2190 2209 2250 mi
2237 2189 2464 2265 Tiberi,

461 2283 587 2336 tam
636 2274 958 2354 diliqenter
1006 2272 1297 2334 sabbatis
1334 2272 1625 2334 ieiunium
1664 2281 1878 2334 servat
1912 2292 2095 2353 quam
2134 2293 2245 2353 eqo
2283 2275 2471 2336 hodie

458 2359 741 2435 servavi,
777 2357 883 2438 qui
908 2357 972 2418 in
1003 2356 1249 2418 balineo
1284 2356 1523 2417 dmum
1548 2364 1697 2435 post
1722 2356 1943 2418 horam
1968 2359 2237 2456 primam
2264 2358 2468 2420 noetis

461 2444 624 2504 duas
675 2442 943 2503 buce-eas
987 2441 1368 2502 manducavi
1414 2441 1602 2518 prius
1657 2458 1842 2520 quam
1878 2443 2071 2540 unque·
2109 2441 2461 2520 mciperem.
2487 2459 2541 2500 25

457 2527 550 2586 Ex
589 2525 700 2586 hac
744 2523 1179 2584 inobservantia
1211 2542 1632 2604 nonnumquam
1662 2524 1758 2584 vel
1795 2533 1925 2584 ante
1973 2526 2170 2586 initum
2200 2525 2295 2585 vel
2328 2535 2468 2625 post

461 2611 752 2670 dimissum
805 2606 1129 2665 convivium
1174 2608 1336 2667 solus
1386 2608 1741 2685 caenitabat,
1794 2627 1921 2669 cum
1971 2609 2149 2688 pleno
2193 2611 2465 2669 convivio

371 2695 439 2751 77
462 2692 597 2753 nihil
639 2699 927 2768 tangeret.
1000 2690 1134 2750 Vini
1177 2708 1408 2770 quoque
1448 2700 1650 2752 natura
1699 2693 2069 2770 parcissimus
2109 2701 2251 2753 erat.
2331 2692 2467 2753 Non

459 2777 699 2856 amplius
735 2783 827 2834 ter
852 2772 1056 2834 bibere
1087 2793 1216 2834 eum
1248 2775 1478 2835 solitum
1512 2793 1690 2854 super
1722 2793 1961 2836 caenam
1990 2779 2047 2836 in
2078 2776 2283 2837 castri-s
2312 2776 2468 2856 apud

456 2862 748 2937 Mutinam,
779 2857 1086 2918 Cornelius
1111 2857 1316 2938 Nepos
1347 2858 1535 2919 tradit.
1592 2858 1805 2920 Postea
1836 2862 2101 2940 quotiens
2133 2860 2461 2937 largissime
2484 2874 2541 2916 ao

458 2963 524 3005 se
555 2944 842 3018 invitaret,
873 2959 1050 3002 senos
1081 2951 1382 3003 sextantes
1406 2960 1525 3002 non
1555 2944 1836 3019 excessit,
1866 2953 1963 3004 aut
1992 2946 2041 3003 si
2078 2945 2461 3022 excessisset,

456 3028 760 3090 reiciebat.
819 3025 896 3085 Et
932 3027 1179 3086 maxime
1224 3027 1547 3086 delectatus
1582 3035 1673 3086 est
1698 3027 1973 3104 Raetico,
2016 3045 2209 3106 neque
2239 3036 2461 3088 temere

456 3111 704 3176 interdiu
749 3109 912 3169 bibit.
971 3108 1084 3169 Pro
1129 3112 1368 3188 potione
1411 3109 1673 3170 sumebat
1716 3111 2011 3188 perfusum
2056 3129 2204 3190 aqua
2248 3111 2461 3189 frigida

458 3213 695 3274 panem,
737 3201 834 3254 aut
875 3194 1199 3254 cucumeris
1236 3195 1478 3254 frustum
1516 3192 1612 3254 vel
1653 3192 1974 3255 lactuculae
2018 3195 2311 3272 thyrsum,
2365 3205 2461 3256 aut

455 3295 668 3336 recens
693 3275 986 3337 aridumve
1018 3295 1246 3356 pomum
1277 3279 1402 3338 suci
1432 3278 1764 3338 vinosioris.
2476 3294 2531 3336 ss

366 3373 444 3430 78
575 3359 714 3419 Post
743 3358 933 3418 cibum
960 3361 1367 3438 meridianum,
1413 3362 1493 3421 ita
1524 3370 1587 3421 ut
1618 3363 1863 3421 vestitus
1894 3361 2286 3440 calciatusque
2314 3372 2460 3440 erat,

456 3445 698 3505 retectis
737 3440 982 3521 pedibus
1011 3445 1310 3524 paulisper
1339 3443 1819 3523 conquiescebat,
1850 3446 2124 3525 opposita
2154 3445 2225 3506 ad
2254 3445 2461 3507 oculos

455 3547 644 3588 manu.
727 3525 782 3586 A
824 3543 1004 3588 caena
1037 3527 1095 3586 in
1135 3529 1465 3589 lecticulam
1507 3545 1573 3588 se
1615 3527 2063 3590 lucubratoriam
2103 3527 2457 3610 recipiebat:
