2700 4234
16 561 46 763 l,

28 4176 45 4212 β

1048 317 1398 366 GALBA.
1541 343 1548 348 -
2121 305 2238 368 201

254 491 363 553 gur
386 472 738 552 procuranti,
762 489 888 530 cum
913 480 1047 532 exta
1071 470 1145 532 de
1166 470 1427 531 manibus
1452 471 1644 549 aquila
1665 473 1954 551 rapuisset
1977 480 2036 531 et
2059 472 2117 531 in
2129 471 2246 532 fru-

255 557 500 636 giferam
536 572 811 634 quercum
851 555 1221 632 contulisset,
1264 572 1611 633 responsum
1657 567 1778 632 est,
1827 573 2098 616 summum
2142 554 2247 615 sed

256 658 447 702 serum
467 640 769 717 imperium
803 639 1070 717 portendi
1106 637 1392 709 familiae3
1437 647 1494 698 et
1527 639 1628 699 ille
1655 639 1900 700 irridens
1921 637 2124 715 Sane,
2163 641 2244 698 in·

256 727 397 805 quit,
422 741 557 785 eum
576 722 747 784 mula
761 722 1097 801 pepererit.
1166 722 1329 800 ‚Nihil
1369 740 1556 801 aeque
1591 732 1798 802 postea
1824 722 2060 784 Galbam
2107 731 2244 783 tem-

208 827 237 867 ⁵
256 817 512 889 ptantem
537 824 640 868 res,
666 823 849 866 novas
875 806 1233 866 confirmavit
1256 824 1426 885 quam
1447 805 1638 866 mulae
1662 816 1881 886 partus,
1916 807 2212 885 ceterisqu

254 901 318 954 ut
340 891 657 953 obscenum
682 899 969 950 ostentum
995 889 1464 967 abhorrentibuS,
1492 890 1655 950 solus
1675 908 1784 970 pro
1809 891 2128 952 laetissimo
2154 908 2224 951 ac

258 977 417 1055 cepit
436 991 657 1035 memor
682 975 952 1035 sacrificii
978 974 1230 1052 dictique
1254 976 1368 1033 avi.

393 1059 629 1137 Sumpta
654 1058 802 1117 virili
827 1067 988 1135 toga,
1014 1058 1318 1118 somniavit
1339 1057 1650 1118 Fortunam
1675 1057 1980 1135 dicentem,
2005 1065 2160 1117 stare
2180 1075 2248 1117 se

255 1152 389 1205 ante
410 1143 573 1203 fores
597 1141 907 1219 defessam,
941 1150 1000 1201 et
1020 1143 1129 1203 nisi
1153 1143 1317 1206 ocius
1338 1144 1732 1220 reciperetur,
1771 1144 2108 1221 cuicumque
2149 1140 2250 1201 ob-

182 1241 237 1282 10
262 1229 357 1288 vio
383 1223 637 1305 praedae
663 1224 924 1286 futuram.
992 1225 1185 1304 thue
1220 1225 1555 1302 evigilavit,
1592 1234 1796 1304 aperto
1839 1227 1984 1286 atrio
2023 1225 2249 1286 simula-

260 1328 419 1372 crum
455 1326 698 1370 aeneum
735 1308 881 1369 deae
917 1309 1149 1369 cubitali
1182 1310 1364 1368 maius
1397 1310 1552 1370 iuxta
1589 1309 1762 1370 limen
1797 1310 2045 1385 invenit,
2079 1309 2252 1386 idque

259 1395 485 1473 gremio
517 1409 621 1452 suo
652 1391 995 1471 Tusculum,
1034 1389 1466 1454 ubi'aestivare
1507 1401 1841 1471 consuerat,
1880 1395 2076 1454 avexit
2111 1401 2168 1452 et
2194 1392 2254 1451 in

261 1487 429 1558 parte
466 1476 689 1538 aedium
732 1487 1131 1539 consecratum
1168 1478 1478 1537 menstruis
1515 1476 1795 1556 deinceps
1820 1477 2252 1556 supplicationi-

259 1563 370 1622 bus
398 1569 457 1620 et
479 1560 795 1640 pervigilio
825 1561 1226 1621 anniversario
1252 1559 1450 1621 coluit.

190 1665 243 1706 15
384 1645 737 1722 Quamquam
760 1653 947 1704 autem
976 1645 1225 1705 nondum
1248 1653 1440 1706 aetate
1469 1645 1785 1722 constanti,
1821 1652 2081 1703 veterem
2114 1643 2252 1702 civi-

263 1731 399 1789 tatis
434 1726 841 1804 exoletumque
880 1745 1099 1800 morem
1132 1747 1202 1789 ac
1237 1737 1449 1789 tantum
1488 1731 1547 1788 in
1584 1727 1754 1789 domo
1792 1746 1894 1787 sua
1920 1727 2252 1786 haerentem

266 1811 717 1873 obstinatissime
738 1811 999 1888 retinuit,
1025 1821 1085 1872 ut
1118 1811 1310 1872 liberti
1343 1813 1618 1891 servique
1658 1812 1748 1872 bis
1787 1812 1878 1872 die
1913 1812 2254 1888 frequentes

267 1894 542 1956 adessent
566 1911 635 1953 ac
656 1910 823 1954 mane
846 1895 1098 1972 salvere,
1119 1898 1359 1976 vesperi
1381 1892 1578 1957 valere
1602 1897 1711 1957 sibi
1738 1895 1948 1972 singuli
1973 1896 2252 1954 dicerent.

264 1979 425 2039 Inter
457 1976 733 2037 liberales
766 1977 1098 2058 disciplinas
1138 1978 1376 2040 attendit
1409 1990 1466 2040 et
1499 1981 1625 2041 iuri.
1690 1979 1864 2041 Dedit
1889 1988 1946 2040 et
1967 1979 2253 2038 matrimo-
2277 1979 2308 2033 ὅ

188 2074 247 2114 20
268 2065 365 2122 nio
402 2076 670 2140 operam;
710 2080 938 2139 verum,
982 2065 1190 2124 amissa
1227 2081 1414 2124 uxore
1445 2064 1663 2143 Lepida
1697 2064 2038 2141 duobusque
2074 2081 2150 2122 ex
2187 2079 2259 2122 ea

266 2146 427 2223 filiis,
464 2146 738 2205 remansit
770 2147 827 2204 in
852 2146 1170 2224 caelibatu,
1207 2165 1398 2228 neque
1437 2148 1736 2209 sollicitari
1773 2147 1891 2208 ulla
1919 2144 2258 2206 condicione

267 2229 513 2308 amplius
536 2231 741 2307 potuit,
768 2247 840 2289 ne
870 2229 1234 2309 Agrippinae
1258 2229 1533 2310 quidem,
1559 2231 1825 2293 viduatae
1857 2239 2040 2290 morte
2061 2228 2257 2288 Domi-

265 2314 360 2389 tii,
408 2328 557 2391 quae
602 2315 861 2373 maritum
902 2331 1136 2392 quoque
1181 2314 1366 2375 adhuc
1405 2315 1650 2378 necdum
1696 2315 1977 2377 caelibem
2021 2311 2260 2374 Galbam

268 2396 419 2457 adeo
459 2395 723 2456 omnibus
760 2397 1173 2458 sollicitaverat
1200 2398 1420 2477 modis,
1454 2409 1516 2459 ut
1550 2402 1607 2460 in
1653 2408 1942 2462 conventu
1975 2405 2257 2457 matrona-

191 2497 250 2539 25
269 2487 708 2624 {umuporrepta
754 2480 943 2558 iurgio
976 2489 1148 2560 atque
1192 2484 1362 2543 etiam
1411 2501 1578 2544 manu
1622 2484 1851 2563 pulsata
1889 2483 1964 2542 sit
1999 2499 2032 2541 a
2077 2488 2258 2540 matre

320 2579 414 2641 epi
458 2578 547 2622 ae.

403 2644 749 2707 observavit
776 2655 908 2708 ante
939 2651 1122 2709 omnis
1155 2650 1374 2712 Liviam
1406 2650 1761 2728 Augustam,
1801 2651 1960 2711 cuius
1997 2658 2054 2709 et
2091 2649 2262 2709 vivae

274 2731 462 2808 gratia
497 2729 800 2808 plurimum
832 2732 1012 2792 valuit
1049 2743 1107 2793 et
1148 2744 1410 2794 mortuae
1445 2743 1788 2795 testamento
1823 2749 2012 2813 paene
2054 2731 2263 2792 ditatus

278 2823 397 2882 est3
422 2815 749 2873 sestertium
772 2819 1019 2894 namque
1050 2818 1418 2895 quingenties
1446 2836 1571 2878 cum
1597 2819 1973 2896 praecipuum
2000 2818 2148 2875 inter
2177 2815 2261 2874 le-

198 2912 255 2955 ao
274 2897 533 2975 gatarios
555 2896 869 2975 habuisset,
896 2901 1030 2977 quia
1051 2909 1245 2961 notata
1266 2919 1383 2961 non
1408 2903 1736 2981 perscripta
1760 2909 1885 2961 erat
1900 2917 2138 2973 summa,
2162 2898 2261 2958 he·

273 2979 419 3041 rede
443 2978 679 3042 Tiberio
702 2981 955 3059 legatum
978 2982 1050 3043 ad
1075 2985 1388 3062 quingenta
1412 2995 1750 3062 revocante,
1776 3003 1850 3045 ne
1871 2983 2018 3044 haec
2034 2981 2264 3060 quidem

278 3064 525 3142 accepit.

401 3146 736 3208 Honoribus
786 3157 918 3209 ante
961 3150 1277 3228 legitimum
1322 3162 1550 3232 tempus
1602 3154 1789 3230 initia,
1830 3159 2065 3232 praetor
2112 3167 2263 3210 com·
2288 3162 2322 3217 6

280 3231 557 3290 missione
588 3229 851 3291 ludorum
883 3231 1199 3294 Floralium
1247 3254 1457 3296 novum
1510 3237 1834 3316 spectaculi
1867 3253 2092 3313 genus,
2145 3235 2267 3294 ele·

202 3332 259 3374 ss
279 3314 528 3394 phantos
554 3315 952 3394 funambulos,
976 3317 1177 3387 edidit;
1218 3321 1350 3379 exin
1379 3322 1716 3398 provinciae
1745 3320 2088 3400 Aquitaniae
2119 3334 2268 3380 anno

278 3398 406 3459 fere
444 3399 729 3476 praefuit;
775 3417 913 3459 mox
959 3400 1319 3462 consulatum
1363 3421 1472 3482 per
1509 3422 1618 3464 sex
1659 3423 1892 3465 menses
1927 3403 2271 3464 ordinarium

279 3485 487 3561 gessit,
514 3483 827 3561 evenitque
851 3492 911 3543 ut
933 3484 991 3544 in
1015 3501 1089 3544 eo
1126 3485 1256 3562 ipse
1276 3485 1338 3544 L.
1362 3485 1614 3549 Domitio
1652 3491 1799 3567 patri
1831 3487 2084 3548 Neronis
2101 3532 2118 3562 ,
2157 3485 2271 3562 ipsi

282 3564 511 3624 Salvius
537 3563 686 3625 Otho
711 3575 881 3645 pater
916 3565 1159 3628 Othonis
1194 3569 1560 3649 succederet,
1588 3571 1747 3631 velut
1785 3571 2156 3650 praesagium
2188 3569 2268 3626 in·
