<?xml version="1.0" encoding="UTF-8"?>
<!DOCTYPE html PUBLIC "-//W3C//DTD XHTML 1.0 Transitional//EN"
    "http://www.w3.org/TR/xhtml1/DTD/xhtml1-transitional.dtd">
<html xmlns="http://www.w3.org/1999/xhtml" xml:lang="en" lang="en">
 <head>
  <title>
</title>
<meta http-equiv="Content-Type" content="text/html;charset=utf-8" />
  <meta name='ocr-system' content='tesseract 3.04.00' />
  <meta name='ocr-capabilities' content='ocr_page ocr_carea ocr_par ocr_line ocrx_word'/>
</head>
<body>
  <div class='ocr_page' id='page_1' title='image "./csuetonitranqui05rothgoog_0146.png"; bbox 0 0 2700 4234; ppageno 0'>
   <div class='ocr_carea' id='block_1_1' title="bbox 384 705 518 760">
    <p class='ocr_par' dir='ltr' id='par_1_1' title="bbox 384 705 518 760">
     <span class='ocr_line' id='line_1_1' title="bbox 384 705 518 760; baseline -0.007 0"><span class='ocrx_word' id='word_1_1' title='bbox 384 705 518 760; x_wconf 64' lang='lat' dir='ltr'>s85</span> 
     </span>
    </p>
   </div>
   <div class='ocr_carea' id='block_1_2' title="bbox 452 1460 524 1514">
    <p class='ocr_par' dir='ltr' id='par_1_2' title="bbox 452 1460 524 1514">
     <span class='ocr_line' id='line_1_2' title="bbox 452 1460 524 1514; baseline 0 0"><span class='ocrx_word' id='word_1_2' title='bbox 452 1460 524 1514; x_wconf 88' lang='grc'>86</span> 
     </span>
    </p>
   </div>
   <div class='ocr_carea' id='block_1_3' title="bbox 452 2478 518 2532">
    <p class='ocr_par' dir='ltr' id='par_1_3' title="bbox 452 2478 518 2532">
     <span class='ocr_line' id='line_1_3' title="bbox 452 2478 518 2532; baseline 0 0"><span class='ocrx_word' id='word_1_3' title='bbox 452 2478 518 2532; x_wconf 88' lang='grc'>87</span> 
     </span>
    </p>
   </div>
   <div class='ocr_carea' id='block_1_4' title="bbox 450 3243 523 3298">
    <p class='ocr_par' dir='ltr' id='par_1_4' title="bbox 450 3243 523 3298">
     <span class='ocr_line' id='line_1_4' title="bbox 450 3243 523 3298; baseline 0 0"><span class='ocrx_word' id='word_1_4' title='bbox 450 3243 523 3298; x_wconf 88' lang='grc'>88</span> 
     </span>
    </p>
   </div>
   <div class='ocr_carea' id='block_1_5' title="bbox 535 278 2380 344">
    <p class='ocr_par' dir='ltr' id='par_1_5' title="bbox 535 278 2380 344">
     <span class='ocr_line' id='line_1_5' title="bbox 535 278 2380 344; baseline -0.004 -6"><span class='ocrx_word' id='word_1_5' title='bbox 535 278 615 338; x_wconf 88' lang='grc'>36</span> <span class='ocrx_word' id='word_1_6' title='bbox 705 289 761 336; x_wconf 87' lang='lat' dir='ltr'>c.</span> <span class='ocrx_word' id='word_1_7' title='bbox 801 285 1102 335; x_wconf 74' lang='lat' dir='ltr'>sumom</span> <span class='ocrx_word' id='word_1_8' title='bbox 1138 284 1398 344; x_wconf 77' lang='lat' dir='ltr'>TRANQ.</span> <span class='ocrx_word' id='word_1_9' title='bbox 1426 284 1522 330; x_wconf 82' lang='lat' dir='ltr'>DE</span> <span class='ocrx_word' id='word_1_10' title='bbox 1558 285 1725 331; x_wconf 75' lang='lat' dir='ltr'>vrrA</span> <span class='ocrx_word' id='word_1_11' title='bbox 1760 284 2133 332; x_wconf 81' lang='lat' dir='ltr'><strong>CAESARUM</strong></span> <span class='ocrx_word' id='word_1_12' title='bbox 2167 286 2305 332; x_wconf 76' lang='lat' dir='ltr'>ms.</span> <span class='ocrx_word' id='word_1_13' title='bbox 2333 287 2380 332; x_wconf 89' lang='lat'>1.</span> 
     </span>
    </p>
   </div>
   <div class='ocr_carea' id='block_1_6' title="bbox 534 427 2694 3634">
    <p class='ocr_par' dir='ltr' id='par_1_6' title="bbox 534 427 2694 1447">
     <span class='ocr_line' id='line_1_6' title="bbox 659 427 2562 518; baseline -0.001 -17"><span class='ocrx_word' id='word_1_14' title='bbox 659 442 724 502; x_wconf 87' lang='lat' dir='ltr'>In</span> <span class='ocrx_word' id='word_1_15' title='bbox 778 447 998 500; x_wconf 84' lang='lat' dir='ltr'>summo</span> <span class='ocrx_word' id='word_1_16' title='bbox 1045 439 1282 518; x_wconf 90' lang='lat' dir='ltr'>publico</span> <span class='ocrx_word' id='word_1_17' title='bbox 1333 427 1502 498; x_wconf 61' lang='lat' dir='ltr'>iuctu</span> <span class='ocrx_word' id='word_1_18' title='bbox 1560 449 1889 498; x_wconf 83' lang='lat' dir='ltr'>exterarum</span> <span class='ocrx_word' id='word_1_19' title='bbox 1939 442 2197 516; x_wconf 86' lang='lat' dir='ltr'>gentium</span> <span class='ocrx_word' id='word_1_20' title='bbox 2252 441 2562 500; x_wconf 85' lang='lat' dir='ltr'>multitudo</span> 
     </span>
     <span class='ocr_line' id='line_1_7' title="bbox 537 523 2561 607; baseline -0.001 -20"><span class='ocrx_word' id='word_1_21' title='bbox 537 526 856 587; x_wconf 82' lang='lat' dir='ltr'>circulatim</span> <span class='ocrx_word' id='word_1_22' title='bbox 903 543 1006 584; x_wconf 90' lang='lat' dir='ltr'>suo</span> <span class='ocrx_word' id='word_1_23' title='bbox 1044 541 1308 603; x_wconf 89' lang='lat' dir='ltr'>quaeque</span> <span class='ocrx_word' id='word_1_24' title='bbox 1366 541 1531 583; x_wconf 87' lang='lat' dir='ltr'>more</span> <span class='ocrx_word' id='word_1_25' title='bbox 1580 523 1889 583; x_wconf 81' lang='lat' dir='ltr'><strong>lamentata</strong></span> <span class='ocrx_word' id='word_1_26' title='bbox 1932 531 2051 599; x_wconf 89' lang='lat' dir='ltr'>est,</span> <span class='ocrx_word' id='word_1_27' title='bbox 2116 527 2561 607; x_wconf 88' lang='lat' dir='ltr'>praecipueque</span> 
     </span>
     <span class='ocr_line' id='line_1_8' title="bbox 534 599 2560 688; baseline -0.002 -17"><span class='ocrx_word' id='word_1_28' title='bbox 534 605 765 686; x_wconf 87' lang='lat' dir='ltr'>Iudaei,</span> <span class='ocrx_word' id='word_1_29' title='bbox 808 611 903 688; x_wconf 91' lang='lat' dir='ltr'>qui</span> <span class='ocrx_word' id='word_1_30' title='bbox 951 610 1122 668; x_wconf 86' lang='lat' dir='ltr'>etiam</span> <span class='ocrx_word' id='word_1_31' title='bbox 1165 607 1439 666; x_wconf 90' lang='lat' dir='ltr'>noctibus</span> <span class='ocrx_word' id='word_1_32' title='bbox 1488 609 1775 666; x_wconf 90' lang='lat' dir='ltr'>continuis</span> <span class='ocrx_word' id='word_1_33' title='bbox 1816 599 2047 666; x_wconf 81' lang='lat' dir='ltr'>bustum</span> <span class='ocrx_word' id='word_1_34' title='bbox 2094 607 2560 686; x_wconf 87' lang='lat' dir='ltr'>frequentarunt.</span> 
     </span>
     <span class='ocr_line' id='line_1_9' title="bbox 537 689 2562 762; baseline -0.001 -8"><span class='ocrx_word' id='word_1_35' title='bbox 537 695 713 762; x_wconf 83' lang='lat' dir='ltr'><strong>Plebs</strong></span> <span class='ocrx_word' id='word_1_36' title='bbox 742 696 930 753; x_wconf 87' lang='lat' dir='ltr'>statim</span> <span class='ocrx_word' id='word_1_37' title='bbox 965 711 998 752; x_wconf 89' lang='lat' dir='ltr'>a</span> <span class='ocrx_word' id='word_1_38' title='bbox 1029 693 1234 752; x_wconf 90' lang='lat' dir='ltr'>funere</span> <span class='ocrx_word' id='word_1_39' title='bbox 1265 691 1337 751; x_wconf 89' lang='lat' dir='ltr'>ad</span> <span class='ocrx_word' id='word_1_40' title='bbox 1376 691 1606 751; x_wconf 93' lang='lat' dir='ltr'>domum</span> <span class='ocrx_word' id='word_1_41' title='bbox 1648 691 1807 750; x_wconf 84' lang='lat' dir='ltr'><strong>Bruti</strong></span> <span class='ocrx_word' id='word_1_42' title='bbox 1838 701 1895 750; x_wconf 91' lang='lat' dir='ltr'>et</span> <span class='ocrx_word' id='word_1_43' title='bbox 1932 689 2122 751; x_wconf 86' lang='lat' dir='ltr'>Cassii</span> <span class='ocrx_word' id='word_1_44' title='bbox 2160 710 2290 750; x_wconf 93' lang='lat' dir='ltr'>cum</span> <span class='ocrx_word' id='word_1_45' title='bbox 2328 693 2562 752; x_wconf 82' lang='lat' dir='ltr'><strong>facibus</strong></span> 
     </span>
     <span class='ocr_line' id='line_1_10' title="bbox 534 774 2609 856; baseline -0.001 -17"><span class='ocrx_word' id='word_1_46' title='bbox 534 779 777 840; x_wconf 86' lang='lat' dir='ltr'>tetendit</span> <span class='ocrx_word' id='word_1_47' title='bbox 807 788 979 856; x_wconf 88' lang='lat' dir='ltr'>atque</span> <span class='ocrx_word' id='word_1_48' title='bbox 1025 794 1205 852; x_wconf 83' lang='lat' dir='ltr'>aegre</span> <span class='ocrx_word' id='word_1_49' title='bbox 1249 776 1520 854; x_wconf 89' lang='lat' dir='ltr'>repulsa,</span> <span class='ocrx_word' id='word_1_50' title='bbox 1570 775 1803 835; x_wconf 86' lang='lat' dir='ltr'>obvium</span> <span class='ocrx_word' id='word_1_51' title='bbox 1849 775 1959 834; x_wconf 92' lang='lat' dir='ltr'>sibi</span> <span class='ocrx_word' id='word_1_52' title='bbox 2004 774 2273 835; x_wconf 84' lang='lat' dir='ltr'>Helvium</span> <span class='ocrx_word' id='word_1_53' title='bbox 2319 776 2609 842; x_wconf 83' lang='lat' dir='ltr'>Cinnam5</span> 
     </span>
     <span class='ocr_line' id='line_1_11' title="bbox 537 857 2559 942; baseline -0 -20"><span class='ocrx_word' id='word_1_54' title='bbox 537 882 643 942; x_wconf 84' lang='lat' dir='ltr'>per</span> <span class='ocrx_word' id='word_1_55' title='bbox 694 880 957 922; x_wconf 89' lang='lat' dir='ltr'>errorem</span> <span class='ocrx_word' id='word_1_56' title='bbox 997 862 1264 937; x_wconf 80' lang='lat' dir='ltr'>nominiS,</span> <span class='ocrx_word' id='word_1_57' title='bbox 1325 862 1490 938; x_wconf 86' lang='lat' dir='ltr'>quasi</span> <span class='ocrx_word' id='word_1_58' title='bbox 1528 857 1840 919; x_wconf 87' lang='lat' dir='ltr'>Cornelius</span> <span class='ocrx_word' id='word_1_59' title='bbox 1885 861 1935 918; x_wconf 91' lang='lat' dir='ltr'>is</span> <span class='ocrx_word' id='word_1_60' title='bbox 1982 870 2158 936; x_wconf 89' lang='lat' dir='ltr'>esset,</span> <span class='ocrx_word' id='word_1_61' title='bbox 2208 879 2379 939; x_wconf 89' lang='lat' dir='ltr'>quem</span> <span class='ocrx_word' id='word_1_62' title='bbox 2420 880 2559 938; x_wconf 88' lang='lat' dir='ltr'>gra-</span> 
     </span>
     <span class='ocr_line' id='line_1_12' title="bbox 534 943 2561 1026; baseline -0.002 -18"><span class='ocrx_word' id='word_1_63' title='bbox 534 950 686 1009; x_wconf 82' lang='lat' dir='ltr'>viter</span> <span class='ocrx_word' id='word_1_64' title='bbox 715 947 901 1026; x_wconf 82' lang='lat' dir='ltr'>pridie</span> <span class='ocrx_word' id='word_1_65' title='bbox 949 947 1340 1005; x_wconf 88' lang='lat' dir='ltr'>contionatum</span> <span class='ocrx_word' id='word_1_66' title='bbox 1380 944 1452 1004; x_wconf 90' lang='lat' dir='ltr'>de</span> <span class='ocrx_word' id='word_1_67' title='bbox 1492 943 1747 1004; x_wconf 85' lang='lat' dir='ltr'>Caesare</span> <span class='ocrx_word' id='word_1_68' title='bbox 1795 943 2168 1022; x_wconf 81' lang='lat' dir='ltr'>requirebat,</span> <span class='ocrx_word' id='word_1_69' title='bbox 2215 945 2432 1005; x_wconf 89' lang='lat' dir='ltr'>occidit</span> <span class='ocrx_word' id='word_1_70' title='bbox 2465 963 2561 1004; x_wconf 88' lang='lat' dir='ltr'>ca·</span> 
     </span>
     <span class='ocr_line' id='line_1_13' title="bbox 536 1028 2563 1111; baseline -0.001 -20"><span class='ocrx_word' id='word_1_71' title='bbox 536 1041 754 1111; x_wconf 89' lang='lat' dir='ltr'>putque</span> <span class='ocrx_word' id='word_1_72' title='bbox 803 1032 926 1090; x_wconf 90' lang='lat' dir='ltr'>eius</span> <span class='ocrx_word' id='word_1_73' title='bbox 983 1030 1305 1108; x_wconf 82' lang='lat' dir='ltr'>praefixum</span> <span class='ocrx_word' id='word_1_74' title='bbox 1349 1028 1550 1088; x_wconf 88' lang='lat' dir='ltr'>hastae</span> <span class='ocrx_word' id='word_1_75' title='bbox 1606 1028 1983 1097; x_wconf 89' lang='lat' dir='ltr'>circumtulit;</span> <span class='ocrx_word' id='word_1_76' title='bbox 2051 1039 2261 1107; x_wconf 89' lang='lat' dir='ltr'>postea</span> <span class='ocrx_word' id='word_1_77' title='bbox 2314 1029 2563 1089; x_wconf 85' lang='lat' dir='ltr'>solidam</span> 
     </span>
     <span class='ocr_line' id='line_1_14' title="bbox 539 1111 2560 1192; baseline -0.001 -17"><span class='ocrx_word' id='word_1_78' title='bbox 539 1115 863 1175; x_wconf 88' lang='lat' dir='ltr'>columnam</span> <span class='ocrx_word' id='word_1_79' title='bbox 901 1131 1089 1192; x_wconf 88' lang='lat' dir='ltr'>prope</span> <span class='ocrx_word' id='word_1_80' title='bbox 1125 1114 1329 1189; x_wconf 86' lang='lat' dir='ltr'>viginti</span> <span class='ocrx_word' id='word_1_81' title='bbox 1374 1113 1585 1191; x_wconf 89' lang='lat' dir='ltr'>pedum</span> <span class='ocrx_word' id='word_1_82' title='bbox 1616 1112 1828 1191; x_wconf 90' lang='lat' dir='ltr'>lapidis</span> <span class='ocrx_word' id='word_1_83' title='bbox 1858 1111 2147 1172; x_wconf 79' lang='lat' dir='ltr'><strong>Numidici</strong></span> <span class='ocrx_word' id='word_1_84' title='bbox 2181 1116 2240 1172; x_wconf 93' lang='lat' dir='ltr'>in</span> <span class='ocrx_word' id='word_1_85' title='bbox 2276 1113 2409 1173; x_wconf 87' lang='lat' dir='ltr'>foro</span> <span class='ocrx_word' id='word_1_86' title='bbox 2446 1123 2560 1172; x_wconf 84' lang='lat' dir='ltr'>sta-</span> 
     </span>
     <span class='ocr_line' id='line_1_15' title="bbox 535 1197 2694 1278; baseline -0.004 -19"><span class='ocrx_word' id='word_1_87' title='bbox 535 1202 642 1259; x_wconf 85' lang='lat' dir='ltr'>tuit</span> <span class='ocrx_word' id='word_1_88' title='bbox 667 1199 1048 1278; x_wconf 81' lang='lat' dir='ltr'>scripsitque:</span> <span class='ocrx_word' id='word_1_89' title='bbox 1109 1197 1413 1256; x_wconf 88' lang='lat' dir='ltr'>Parenti</span> <span class='ocrx_word' id='word_1_90' title='bbox 1454 1197 1777 1258; x_wconf 91' lang='lat' dir='ltr'>Patriae.</span> <span class='ocrx_word' id='word_1_91' title='bbox 1837 1198 2013 1275; x_wconf 89' lang='lat' dir='ltr'>Apud</span> <span class='ocrx_word' id='word_1_92' title='bbox 2038 1215 2165 1257; x_wconf 88' lang='lat' dir='ltr'>eam</span> <span class='ocrx_word' id='word_1_93' title='bbox 2198 1197 2379 1274; x_wconf 91' lang='lat' dir='ltr'>longo</span> <span class='ocrx_word' id='word_1_94' title='bbox 2415 1208 2559 1256; x_wconf 90' lang='lat' dir='ltr'>tem-</span> <span class='ocrx_word' id='word_1_95' title='bbox 2584 1214 2631 1252; x_wconf 86' lang='lat'>10</span> <span class='ocrx_word' id='word_1_96' title='bbox 2693 1205 2694 1210; x_wconf 74' lang='grc'>’</span> 
     </span>
     <span class='ocr_line' id='line_1_16' title="bbox 537 1282 2558 1362; baseline -0.001 -20"><span class='ocrx_word' id='word_1_97' title='bbox 537 1292 687 1362; x_wconf 90' lang='lat' dir='ltr'>p&#39;ore</span> <span class='ocrx_word' id='word_1_98' title='bbox 727 1283 1093 1360; x_wconf 87' lang='lat' dir='ltr'>sacrificare,</span> <span class='ocrx_word' id='word_1_99' title='bbox 1139 1290 1279 1340; x_wconf 85' lang='lat' dir='ltr'>vota</span> <span class='ocrx_word' id='word_1_100' title='bbox 1314 1284 1650 1360; x_wconf 79' lang='lat' dir='ltr'>suscipere,</span> <span class='ocrx_word' id='word_1_101' title='bbox 1690 1283 2130 1340; x_wconf 85' lang='lat' dir='ltr'>controversias</span> <span class='ocrx_word' id='word_1_102' title='bbox 2162 1282 2437 1360; x_wconf 89' lang='lat' dir='ltr'>quasdam</span> <span class='ocrx_word' id='word_1_103' title='bbox 2474 1284 2558 1340; x_wconf 90' lang='lat' dir='ltr'>in·</span> 
     </span>
     <span class='ocr_line' id='line_1_17' title="bbox 538 1364 2559 1447; baseline -0.002 -20"><span class='ocrx_word' id='word_1_104' title='bbox 538 1369 830 1447; x_wconf 89' lang='lat' dir='ltr'>terposito</span> <span class='ocrx_word' id='word_1_105' title='bbox 858 1385 966 1446; x_wconf 90' lang='lat' dir='ltr'>per</span> <span class='ocrx_word' id='word_1_106' title='bbox 991 1364 1310 1425; x_wconf 85' lang='lat' dir='ltr'>Caesarem</span> <span class='ocrx_word' id='word_1_107' title='bbox 1339 1367 1465 1425; x_wconf 90' lang='lat' dir='ltr'>iure</span> <span class='ocrx_word' id='word_1_108' title='bbox 1492 1365 1733 1425; x_wconf 89' lang='lat' dir='ltr'>iurando</span> <span class='ocrx_word' id='word_1_109' title='bbox 1771 1365 2099 1425; x_wconf 87' lang='lat' dir='ltr'>distrahere</span> <span class='ocrx_word' id='word_1_110' title='bbox 2132 1369 2559 1444; x_wconf 81' lang='lat' dir='ltr'>perseveravit.</span> 
     </span>
    </p>

    <p class='ocr_par' dir='ltr' id='par_1_7' title="bbox 534 1448 2694 3214">
     <span class='ocr_line' id='line_1_18' title="bbox 669 1448 2560 1532; baseline -0.001 -22"><span class='ocrx_word' id='word_1_111' title='bbox 669 1451 1076 1530; x_wconf 83' lang='lat' dir='ltr'>Suspicionem</span> <span class='ocrx_word' id='word_1_112' title='bbox 1121 1448 1342 1508; x_wconf 88' lang='lat' dir='ltr'>Caesar</span> <span class='ocrx_word' id='word_1_113' title='bbox 1390 1450 1733 1529; x_wconf 89' lang='lat' dir='ltr'>quibusdam</span> <span class='ocrx_word' id='word_1_114' title='bbox 1770 1467 2005 1509; x_wconf 89' lang='lat' dir='ltr'>suorum</span> <span class='ocrx_word' id='word_1_115' title='bbox 2049 1450 2313 1532; x_wconf 88' lang='lat' dir='ltr'>reliquit,</span> <span class='ocrx_word' id='word_1_116' title='bbox 2368 1469 2560 1528; x_wconf 90' lang='lat' dir='ltr'>neque</span> 
     </span>
     <span class='ocr_line' id='line_1_19' title="bbox 537 1533 2559 1613; baseline -0.002 -16"><span class='ocrx_word' id='word_1_117' title='bbox 537 1537 800 1597; x_wconf 83' lang='lat' dir='ltr'>voluisse</span> <span class='ocrx_word' id='word_1_118' title='bbox 849 1554 914 1594; x_wconf 88' lang='lat' dir='ltr'>se</span> <span class='ocrx_word' id='word_1_119' title='bbox 968 1534 1180 1593; x_wconf 89' lang='lat' dir='ltr'>diutius</span> <span class='ocrx_word' id='word_1_120' title='bbox 1231 1535 1470 1612; x_wconf 84' lang='lat' dir='ltr'>vivere,</span> <span class='ocrx_word' id='word_1_121' title='bbox 1521 1552 1715 1613; x_wconf 89' lang='lat' dir='ltr'>neque</span> <span class='ocrx_word' id='word_1_122' title='bbox 1761 1545 2001 1594; x_wconf 80' lang='lat' dir='ltr'>curasse</span> <span class='ocrx_word' id='word_1_123' title='bbox 2046 1534 2203 1612; x_wconf 92' lang='lat' dir='ltr'>quod</span> <span class='ocrx_word' id='word_1_124' title='bbox 2246 1533 2559 1596; x_wconf 86' lang='lat' dir='ltr'>valitudine</span> 
     </span>
     <span class='ocr_line' id='line_1_20' title="bbox 537 1618 2631 1699; baseline -0.001 -19"><span class='ocrx_word' id='word_1_125' title='bbox 537 1623 724 1680; x_wconf 88' lang='lat' dir='ltr'>minus</span> <span class='ocrx_word' id='word_1_126' title='bbox 760 1637 1047 1699; x_wconf 88' lang='lat' dir='ltr'>prospera</span> <span class='ocrx_word' id='word_1_127' title='bbox 1091 1627 1380 1696; x_wconf 90' lang='lat' dir='ltr'>uteretur,</span> <span class='ocrx_word' id='word_1_128' title='bbox 1440 1619 1693 1697; x_wconf 89' lang='lat' dir='ltr'>ideoque</span> <span class='ocrx_word' id='word_1_129' title='bbox 1726 1628 1783 1678; x_wconf 89' lang='lat' dir='ltr'>et</span> <span class='ocrx_word' id='word_1_130' title='bbox 1814 1637 1963 1697; x_wconf 91' lang='lat' dir='ltr'>quae</span> <span class='ocrx_word' id='word_1_131' title='bbox 2000 1618 2329 1698; x_wconf 77' lang='lat' dir='ltr'>religiones</span> <span class='ocrx_word' id='word_1_132' title='bbox 2361 1637 2559 1678; x_wconf 86' lang='lat' dir='ltr'>mone·</span> <span class='ocrx_word' id='word_1_133' title='bbox 2585 1639 2631 1678; x_wconf 84' lang='lat'>15</span> 
     </span>
     <span class='ocr_line' id='line_1_21' title="bbox 538 1702 2694 1782; baseline -0.002 -17"><span class='ocrx_word' id='word_1_134' title='bbox 538 1713 668 1765; x_wconf 90' lang='lat' dir='ltr'>rent</span> <span class='ocrx_word' id='word_1_135' title='bbox 700 1713 757 1764; x_wconf 93' lang='lat' dir='ltr'>et</span> <span class='ocrx_word' id='word_1_136' title='bbox 787 1722 936 1782; x_wconf 86' lang='lat' dir='ltr'>quae</span> <span class='ocrx_word' id='word_1_137' title='bbox 970 1704 1365 1762; x_wconf 84' lang='lat' dir='ltr'>renuntiarent</span> <span class='ocrx_word' id='word_1_138' title='bbox 1394 1705 1561 1763; x_wconf 91' lang='lat' dir='ltr'>amici</span> <span class='ocrx_word' id='word_1_139' title='bbox 1596 1702 1959 1780; x_wconf 81' lang='lat' dir='ltr'>neglexisse.</span> <span class='ocrx_word' id='word_1_140' title='bbox 2009 1705 2151 1762; x_wconf 89' lang='lat' dir='ltr'>Sunt</span> <span class='ocrx_word' id='word_1_141' title='bbox 2196 1704 2289 1782; x_wconf 91' lang='lat' dir='ltr'>qui</span> <span class='ocrx_word' id='word_1_142' title='bbox 2339 1711 2560 1782; x_wconf 90' lang='lat' dir='ltr'>putent,</span> <span class='ocrx_word' id='word_1_143' title='bbox 2693 1703 2694 1706; x_wconf 72' lang='grc'>’</span> 
     </span>
     <span class='ocr_line' id='line_1_22' title="bbox 541 1783 2560 1849; baseline -0.002 0"><span class='ocrx_word' id='word_1_144' title='bbox 541 1789 820 1849; x_wconf 86' lang='lat' dir='ltr'>confisum</span> <span class='ocrx_word' id='word_1_145' title='bbox 870 1806 1000 1846; x_wconf 90' lang='lat' dir='ltr'>eum</span> <span class='ocrx_word' id='word_1_146' title='bbox 1041 1789 1364 1846; x_wconf 84' lang='lat' dir='ltr'>novissimo</span> <span class='ocrx_word' id='word_1_147' title='bbox 1424 1787 1528 1848; x_wconf 92' lang='lat' dir='ltr'>illo</span> <span class='ocrx_word' id='word_1_148' title='bbox 1587 1795 1826 1846; x_wconf 85' lang='lat' dir='ltr'>senatus</span> <span class='ocrx_word' id='word_1_149' title='bbox 1876 1783 2147 1847; x_wconf 70' lang='lat' dir='ltr'>consulto</span> <span class='ocrx_word' id='word_1_150' title='bbox 2198 1806 2267 1846; x_wconf 89' lang='lat' dir='ltr'>ac</span> <span class='ocrx_word' id='word_1_151' title='bbox 2308 1790 2431 1846; x_wconf 89' lang='lat' dir='ltr'>iure</span> <span class='ocrx_word' id='word_1_152' title='bbox 2478 1789 2560 1844; x_wconf 91' lang='lat' dir='ltr'>iu-</span> 
     </span>
     <span class='ocr_line' id='line_1_23' title="bbox 537 1869 2559 1950; baseline -0.001 -18"><span class='ocrx_word' id='word_1_153' title='bbox 537 1871 719 1932; x_wconf 88' lang='lat' dir='ltr'>rando</span> <span class='ocrx_word' id='word_1_154' title='bbox 762 1874 935 1930; x_wconf 90' lang='lat' dir='ltr'>etiam</span> <span class='ocrx_word' id='word_1_155' title='bbox 977 1869 1272 1930; x_wconf 90' lang='lat' dir='ltr'>custodias</span> <span class='ocrx_word' id='word_1_156' title='bbox 1310 1871 1702 1950; x_wconf 87' lang='lat' dir='ltr'>Hispanorum</span> <span class='ocrx_word' id='word_1_157' title='bbox 1740 1889 1867 1930; x_wconf 89' lang='lat' dir='ltr'>cum</span> <span class='ocrx_word' id='word_1_158' title='bbox 1906 1871 2119 1948; x_wconf 86' lang='lat' dir='ltr'>gladiis</span> <span class='ocrx_word' id='word_1_159' title='bbox 2150 1871 2559 1950; x_wconf 88' lang='lat' dir='ltr'>adinspectan·</span> 
     </span>
     <span class='ocr_line' id='line_1_24' title="bbox 539 1954 2559 2035; baseline -0.001 -21"><span class='ocrx_word' id='word_1_160' title='bbox 539 1959 676 2015; x_wconf 90' lang='lat' dir='ltr'>tium</span> <span class='ocrx_word' id='word_1_161' title='bbox 711 1974 776 2014; x_wconf 91' lang='lat' dir='ltr'>se</span> <span class='ocrx_word' id='word_1_162' title='bbox 813 1956 1159 2014; x_wconf 88' lang='lat' dir='ltr'>removisse.</span> <span class='ocrx_word' id='word_1_163' title='bbox 1217 1954 1336 2014; x_wconf 87' lang='lat' dir='ltr'>Alii</span> <span class='ocrx_word' id='word_1_164' title='bbox 1382 1975 1413 2014; x_wconf 93' lang='lat' dir='ltr'>e</span> <span class='ocrx_word' id='word_1_165' title='bbox 1441 1955 1677 2016; x_wconf 87' lang='lat' dir='ltr'>diverso</span> <span class='ocrx_word' id='word_1_166' title='bbox 1722 1957 2063 2035; x_wconf 78' lang='lat' dir='ltr'>opinantur,</span> <span class='ocrx_word' id='word_1_167' title='bbox 2123 1955 2362 2014; x_wconf 89' lang='lat' dir='ltr'>insidias</span> <span class='ocrx_word' id='word_1_168' title='bbox 2399 1955 2559 2014; x_wconf 90' lang='lat' dir='ltr'>undi-</span> 
     </span>
     <span class='ocr_line' id='line_1_25' title="bbox 541 2038 2631 2119; baseline -0.002 -21"><span class='ocrx_word' id='word_1_169' title='bbox 541 2059 652 2119; x_wconf 92' lang='lat' dir='ltr'>que</span> <span class='ocrx_word' id='word_1_170' title='bbox 693 2039 1064 2099; x_wconf 88' lang='lat' dir='ltr'>imminentis·</span> <span class='ocrx_word' id='word_1_171' title='bbox 1095 2038 1292 2098; x_wconf 90' lang='lat' dir='ltr'>subire</span> <span class='ocrx_word' id='word_1_172' title='bbox 1356 2041 1538 2099; x_wconf 90' lang='lat' dir='ltr'>semel</span> <span class='ocrx_word' id='word_1_173' title='bbox 1592 2059 1761 2118; x_wconf 90' lang='lat' dir='ltr'>quam</span> <span class='ocrx_word' id='word_1_174' title='bbox 1813 2057 2024 2099; x_wconf 87' lang='lat' dir='ltr'>cavere</span> <span class='ocrx_word' id='word_1_175' title='bbox 2050 2038 2153 2074; x_wconf 52' lang='lat' dir='ltr'>*ii*</span> <span class='ocrx_word' id='word_1_176' title='bbox 2200 2039 2631 2117; x_wconf 67' lang='lat' dir='ltr'>[sollicitumw</span> 
     </span>
     <span class='ocr_line' id='line_1_26' title="bbox 537 2120 2564 2202; baseline -0.001 -18"><span class='ocrx_word' id='word_1_177' title='bbox 537 2123 858 2184; x_wconf 77' lang='lat' dir='ltr'>maluisse.</span> <span class='ocrx_word' id='word_1_178' title='bbox 920 2121 1190 2197; x_wconf 80' lang='lat' dir='ltr'>Quidam</span> <span class='ocrx_word' id='word_1_179' title='bbox 1220 2122 1429 2184; x_wconf 81' lang='lat' dir='ltr'>dicere</span> <span class='ocrx_word' id='word_1_180' title='bbox 1473 2125 1682 2202; x_wconf 75' lang='lat' dir='ltr'>etiam]</span> <span class='ocrx_word' id='word_1_181' title='bbox 1726 2123 1958 2182; x_wconf 88' lang='lat' dir='ltr'>solitum</span> <span class='ocrx_word' id='word_1_182' title='bbox 1984 2123 2207 2200; x_wconf 84' lang='lat' dir='ltr'>ferunt,</span> <span class='ocrx_word' id='word_1_183' title='bbox 2260 2120 2406 2185; x_wconf 79' lang='lat' dir='ltr'>Non</span> <span class='ocrx_word' id='word_1_184' title='bbox 2433 2128 2564 2182; x_wconf 85' lang='lat' dir='ltr'>tam</span> 
     </span>
     <span class='ocr_line' id='line_1_27' title="bbox 538 2206 2565 2288; baseline -0 -20"><span class='ocrx_word' id='word_1_185' title='bbox 538 2225 660 2269; x_wconf 80' lang='lat' dir='ltr'>sua</span> <span class='ocrx_word' id='word_1_186' title='bbox 691 2227 878 2288; x_wconf 82' lang='lat' dir='ltr'>quam</span> <span class='ocrx_word' id='word_1_187' title='bbox 905 2208 1004 2268; x_wconf 85' lang='lat' dir='ltr'>rei</span> <span class='ocrx_word' id='word_1_188' title='bbox 1022 2207 1320 2286; x_wconf 81' lang='lat' dir='ltr'>publicae</span> <span class='ocrx_word' id='word_1_189' title='bbox 1347 2208 1671 2284; x_wconf 76' lang='lat' dir='ltr'>interesse,</span> <span class='ocrx_word' id='word_1_190' title='bbox 1713 2207 1807 2268; x_wconf 88' lang='lat' dir='ltr'>uti</span> <span class='ocrx_word' id='word_1_191' title='bbox 1840 2207 2060 2268; x_wconf 79' lang='lat' dir='ltr'>salvus</span> <span class='ocrx_word' id='word_1_192' title='bbox 2090 2214 2283 2267; x_wconf 85' lang='lat' dir='ltr'>esset:</span> <span class='ocrx_word' id='word_1_193' title='bbox 2339 2225 2409 2267; x_wconf 83' lang='lat' dir='ltr'>se</span> <span class='ocrx_word' id='word_1_194' title='bbox 2434 2206 2565 2267; x_wconf 87' lang='lat' dir='ltr'>iam</span> 
     </span>
     <span class='ocr_line' id='line_1_28' title="bbox 534 2291 2560 2372; baseline 0 -20"><span class='ocrx_word' id='word_1_195' title='bbox 534 2292 780 2372; x_wconf 78' lang='lat' dir='ltr'>pridem</span> <span class='ocrx_word' id='word_1_196' title='bbox 810 2293 1129 2371; x_wconf 81' lang='lat' dir='ltr'>potentiae</span> <span class='ocrx_word' id='word_1_197' title='bbox 1153 2292 1520 2372; x_wconf 75' lang='lat' dir='ltr'>yloriaeque</span> <span class='ocrx_word' id='word_1_198' title='bbox 1550 2291 1800 2352; x_wconf 79' lang='lat' dir='ltr'>abunde</span> <span class='ocrx_word' id='word_1_199' title='bbox 1830 2292 2122 2370; x_wconf 79' lang='lat' dir='ltr'>adeptum</span> <span class='ocrx_word' id='word_1_200' title='bbox 2138 2317 2163 2362; x_wconf 90' lang='lat'><em>;</em></span> <span class='ocrx_word' id='word_1_201' title='bbox 2196 2311 2327 2352; x_wconf 87' lang='lat' dir='ltr'>rem</span> <span class='ocrx_word' id='word_1_202' title='bbox 2356 2291 2560 2370; x_wconf 85' lang='lat' dir='ltr'>publi-</span> 
     </span>
     <span class='ocr_line' id='line_1_29' title="bbox 540 2376 2559 2463; baseline -0.001 -25"><span class='ocrx_word' id='word_1_203' title='bbox 540 2395 710 2454; x_wconf 85' lang='lat' dir='ltr'>cam,</span> <span class='ocrx_word' id='word_1_204' title='bbox 757 2377 818 2436; x_wconf 74' lang='grc' dir='ltr'>εἰ</span> <span class='ocrx_word' id='word_1_205' title='bbox 864 2376 1014 2463; x_wconf 82' lang='lat' dir='ltr'>quid</span> <span class='ocrx_word' id='word_1_206' title='bbox 1055 2376 1180 2438; x_wconf 84' lang='lat' dir='ltr'>sibi</span> <span class='ocrx_word' id='word_1_207' title='bbox 1227 2379 1530 2453; x_wconf 80' lang='lat' dir='ltr'>eveniret,</span> <span class='ocrx_word' id='word_1_208' title='bbox 1594 2395 1791 2455; x_wconf 82' lang='lat' dir='ltr'>neque</span> <span class='ocrx_word' id='word_1_209' title='bbox 1840 2377 2108 2456; x_wconf 80' lang='lat' dir='ltr'>quietam</span> <span class='ocrx_word' id='word_1_210' title='bbox 2154 2376 2299 2456; x_wconf 78' lang='lat' dir='ltr'>fore</span> <span class='ocrx_word' id='word_1_211' title='bbox 2341 2384 2399 2436; x_wconf 84' lang='lat' dir='ltr'>et</span> <span class='ocrx_word' id='word_1_212' title='bbox 2444 2376 2559 2437; x_wconf 89' lang='lat' dir='ltr'>ali-</span> 
     </span>
     <span class='ocr_line' id='line_1_30' title="bbox 542 2460 2694 2541; baseline -0.002 -19"><span class='ocrx_word' id='word_1_213' title='bbox 542 2467 772 2541; x_wconf 83' lang='lat' dir='ltr'>quanto</span> <span class='ocrx_word' id='word_1_214' title='bbox 803 2461 1111 2521; x_wconf 79' lang='lat' dir='ltr'>deteriore</span> <span class='ocrx_word' id='word_1_215' title='bbox 1154 2461 1505 2523; x_wconf 78' lang='lat' dir='ltr'>conditione</span> <span class='ocrx_word' id='word_1_216' title='bbox 1542 2461 1755 2522; x_wconf 84' lang='lat' dir='ltr'>civilia</span> <span class='ocrx_word' id='word_1_217' title='bbox 1788 2461 1954 2522; x_wconf 85' lang='lat' dir='ltr'>bella</span> <span class='ocrx_word' id='word_1_218' title='bbox 1984 2461 2353 2522; x_wconf 75' lang='lat' dir='ltr'>subituram.</span> <span class='ocrx_word' id='word_1_219' title='bbox 2414 2460 2562 2520; x_wconf 89' lang='lat' dir='ltr'>lllud</span> <span class='ocrx_word' id='word_1_220' title='bbox 2582 2479 2631 2518; x_wconf 81' lang='lat'>25</span> <span class='ocrx_word' id='word_1_221' title='bbox 2693 2535 2694 2540; x_wconf 8' lang='grc' dir='ltr'>ἵ</span> 
     </span>
     <span class='ocr_line' id='line_1_31' title="bbox 539 2545 2566 2624; baseline 0 -20"><span class='ocrx_word' id='word_1_222' title='bbox 539 2546 712 2624; x_wconf 91' lang='lat' dir='ltr'>plane</span> <span class='ocrx_word' id='word_1_223' title='bbox 744 2547 896 2604; x_wconf 88' lang='lat' dir='ltr'>inter</span> <span class='ocrx_word' id='word_1_224' title='bbox 929 2561 1132 2604; x_wconf 89' lang='lat' dir='ltr'>omnes</span> <span class='ocrx_word' id='word_1_225' title='bbox 1167 2547 1296 2606; x_wconf 86' lang='lat' dir='ltr'>fere</span> <span class='ocrx_word' id='word_1_226' title='bbox 1333 2547 1626 2622; x_wconf 90' lang='lat' dir='ltr'>constitit,</span> <span class='ocrx_word' id='word_1_227' title='bbox 1672 2545 1850 2606; x_wconf 88' lang='lat' dir='ltr'>talem</span> <span class='ocrx_word' id='word_1_228' title='bbox 1896 2546 1950 2604; x_wconf 92' lang='lat' dir='ltr'>ei</span> <span class='ocrx_word' id='word_1_229' title='bbox 1984 2556 2232 2606; x_wconf 89' lang='lat' dir='ltr'>mortem</span> <span class='ocrx_word' id='word_1_230' title='bbox 2276 2563 2463 2623; x_wconf 90' lang='lat' dir='ltr'>paene</span> <span class='ocrx_word' id='word_1_231' title='bbox 2490 2564 2566 2604; x_wconf 87' lang='lat' dir='ltr'>ex</span> 
     </span>
     <span class='ocr_line' id='line_1_32' title="bbox 539 2627 2563 2710; baseline -0.001 -21"><span class='ocrx_word' id='word_1_232' title='bbox 539 2629 822 2689; x_wconf 89' lang='lat' dir='ltr'>sententia</span> <span class='ocrx_word' id='word_1_233' title='bbox 865 2627 1174 2704; x_wconf 87' lang='lat' dir='ltr'>obtigisse.</span> <span class='ocrx_word' id='word_1_234' title='bbox 1219 2629 1368 2690; x_wconf 89' lang='lat' dir='ltr'>Nam</span> <span class='ocrx_word' id='word_1_235' title='bbox 1402 2640 1458 2690; x_wconf 89' lang='lat' dir='ltr'>et</span> <span class='ocrx_word' id='word_1_236' title='bbox 1494 2629 1813 2710; x_wconf 84' lang='lat' dir='ltr'>quondam,</span> <span class='ocrx_word' id='word_1_237' title='bbox 1856 2647 1984 2689; x_wconf 89' lang='lat' dir='ltr'>cum</span> <span class='ocrx_word' id='word_1_238' title='bbox 2015 2629 2168 2708; x_wconf 89' lang='lat' dir='ltr'>apud</span> <span class='ocrx_word' id='word_1_239' title='bbox 2198 2628 2563 2706; x_wconf 87' lang='lat' dir='ltr'>Xenophon-</span> 
     </span>
     <span class='ocr_line' id='line_1_33' title="bbox 538 2711 2563 2792; baseline -0 -19"><span class='ocrx_word' id='word_1_240' title='bbox 538 2725 654 2774; x_wconf 88' lang='lat' dir='ltr'>tem</span> <span class='ocrx_word' id='word_1_241' title='bbox 683 2713 932 2791; x_wconf 87' lang='lat' dir='ltr'>legisset</span> <span class='ocrx_word' id='word_1_242' title='bbox 965 2713 1180 2789; x_wconf 77' lang='lat' dir='ltr'>Cyrum</span> <span class='ocrx_word' id='word_1_243' title='bbox 1227 2715 1425 2774; x_wconf 87' lang='lat' dir='ltr'>ultima</span> <span class='ocrx_word' id='word_1_244' title='bbox 1459 2713 1776 2775; x_wconf 87' lang='lat' dir='ltr'>valitudine</span> <span class='ocrx_word' id='word_1_245' title='bbox 1823 2713 2131 2774; x_wconf 88' lang='lat' dir='ltr'>mandasse</span> <span class='ocrx_word' id='word_1_246' title='bbox 2164 2711 2448 2792; x_wconf 89' lang='lat' dir='ltr'>quaedam</span> <span class='ocrx_word' id='word_1_247' title='bbox 2490 2713 2563 2772; x_wconf 90' lang='lat' dir='ltr'>de</span> 
     </span>
     <span class='ocr_line' id='line_1_34' title="bbox 536 2796 2564 2879; baseline -0.001 -21"><span class='ocrx_word' id='word_1_248' title='bbox 536 2799 741 2858; x_wconf 82' lang='lat' dir='ltr'>funere</span> <span class='ocrx_word' id='word_1_249' title='bbox 787 2817 928 2875; x_wconf 91' lang='lat' dir='ltr'>suo,</span> <span class='ocrx_word' id='word_1_250' title='bbox 999 2810 1344 2879; x_wconf 87' lang='lat' dir='ltr'>aspernatus</span> <span class='ocrx_word' id='word_1_251' title='bbox 1399 2808 1515 2858; x_wconf 89' lang='lat' dir='ltr'>tam</span> <span class='ocrx_word' id='word_1_252' title='bbox 1563 2799 1782 2858; x_wconf 89' lang='lat' dir='ltr'>lentum</span> <span class='ocrx_word' id='word_1_253' title='bbox 1832 2799 2035 2857; x_wconf 87' lang='lat' dir='ltr'>mortis</span> <span class='ocrx_word' id='word_1_254' title='bbox 2076 2815 2266 2874; x_wconf 88' lang='lat' dir='ltr'>genus</span> <span class='ocrx_word' id='word_1_255' title='bbox 2319 2796 2564 2856; x_wconf 88' lang='lat' dir='ltr'>subitam</span> 
     </span>
     <span class='ocr_line' id='line_1_35' title="bbox 538 2880 2629 2963; baseline -0.001 -21"><span class='ocrx_word' id='word_1_256' title='bbox 538 2882 651 2942; x_wconf 91' lang='lat' dir='ltr'>sibi</span> <span class='ocrx_word' id='word_1_257' title='bbox 695 2882 1068 2963; x_wconf 88' lang='lat' dir='ltr'>celeremque</span> <span class='ocrx_word' id='word_1_258' title='bbox 1112 2892 1449 2962; x_wconf 86' lang='lat' dir='ltr'>optaverat;</span> <span class='ocrx_word' id='word_1_259' title='bbox 1490 2891 1548 2941; x_wconf 91' lang='lat' dir='ltr'>et</span> <span class='ocrx_word' id='word_1_260' title='bbox 1590 2881 1781 2962; x_wconf 78' lang='lat' dir='ltr'>pridie</span> <span class='ocrx_word' id='word_1_261' title='bbox 1823 2899 1993 2962; x_wconf 86' lang='lat' dir='ltr'>quam</span> <span class='ocrx_word' id='word_1_262' title='bbox 2045 2880 2457 2957; x_wconf 86' lang='lat' dir='ltr'>occideretur,</span> <span class='ocrx_word' id='word_1_263' title='bbox 2506 2883 2563 2939; x_wconf 93' lang='lat' dir='ltr'>in</span> <span class='ocrx_word' id='word_1_264' title='bbox 2583 2889 2629 2930; x_wconf 81' lang='lat'>3⁰</span> 
     </span>
     <span class='ocr_line' id='line_1_36' title="bbox 537 2964 2562 3046; baseline -0.001 -19"><span class='ocrx_word' id='word_1_265' title='bbox 537 2985 806 3027; x_wconf 90' lang='lat' dir='ltr'>sermone</span> <span class='ocrx_word' id='word_1_266' title='bbox 849 2975 986 3026; x_wconf 90' lang='lat' dir='ltr'>nato</span> <span class='ocrx_word' id='word_1_267' title='bbox 1041 2985 1220 3044; x_wconf 90' lang='lat' dir='ltr'>super</span> <span class='ocrx_word' id='word_1_268' title='bbox 1271 2985 1510 3034; x_wconf 84' lang='lat' dir='ltr'>caenam</span> <span class='ocrx_word' id='word_1_269' title='bbox 1546 2967 1699 3046; x_wconf 91' lang='lat' dir='ltr'>apud</span> <span class='ocrx_word' id='word_1_270' title='bbox 1737 2967 1997 3027; x_wconf 82' lang='lat' dir='ltr'>Marcum</span> <span class='ocrx_word' id='word_1_271' title='bbox 2040 2964 2348 3044; x_wconf 90' lang='lat' dir='ltr'>Lepidum,</span> <span class='ocrx_word' id='word_1_272' title='bbox 2408 2966 2562 3044; x_wconf 89' lang='lat' dir='ltr'>quis-</span> 
     </span>
     <span class='ocr_line' id='line_1_37' title="bbox 535 3049 2561 3128; baseline -0.001 -17"><span class='ocrx_word' id='word_1_273' title='bbox 535 3071 665 3112; x_wconf 90' lang='lat' dir='ltr'>nam</span> <span class='ocrx_word' id='word_1_274' title='bbox 697 3059 858 3112; x_wconf 91' lang='lat' dir='ltr'>esset</span> <span class='ocrx_word' id='word_1_275' title='bbox 907 3051 1036 3110; x_wconf 89' lang='lat' dir='ltr'>finis</span> <span class='ocrx_word' id='word_1_276' title='bbox 1081 3053 1236 3112; x_wconf 83' lang='lat' dir='ltr'>vitae</span> <span class='ocrx_word' id='word_1_277' title='bbox 1279 3049 1819 3128; x_wconf 87' lang='lat' dir='ltr'>commodissimus,</span> <span class='ocrx_word' id='word_1_278' title='bbox 1874 3051 2243 3128; x_wconf 88' lang='lat' dir='ltr'>repentinum</span> <span class='ocrx_word' id='word_1_279' title='bbox 2297 3050 2561 3126; x_wconf 86' lang='lat' dir='ltr'>inopina-</span> 
     </span>
     <span class='ocr_line' id='line_1_38' title="bbox 534 3135 1178 3214; baseline -0.002 -20"><span class='ocrx_word' id='word_1_280' title='bbox 534 3146 770 3214; x_wconf 90' lang='lat' dir='ltr'>tumque</span> <span class='ocrx_word' id='word_1_281' title='bbox 800 3135 1178 3214; x_wconf 85' lang='lat' dir='ltr'>praetulerat.</span> 
     </span>
    </p>

    <p class='ocr_par' dir='ltr' id='par_1_8' title="bbox 537 3197 2603 3634">
     <span class='ocr_line' id='line_1_39' title="bbox 665 3197 2561 3301; baseline -0.002 -22"><span class='ocrx_word' id='word_1_282' title='bbox 665 3219 845 3279; x_wconf 89' lang='lat' dir='ltr'>Periit</span> <span class='ocrx_word' id='word_1_283' title='bbox 891 3227 1061 3280; x_wconf 84' lang='lat' dir='ltr'>sexto</span> <span class='ocrx_word' id='word_1_284' title='bbox 1111 3227 1170 3279; x_wconf 91' lang='lat' dir='ltr'>et</span> <span class='ocrx_word' id='word_1_285' title='bbox 1212 3221 1734 3301; x_wconf 88' lang='lat' dir='ltr'>quinquagensimo</span> <span class='ocrx_word' id='word_1_286' title='bbox 1794 3197 1999 3278; x_wconf 79' lang='lat' dir='ltr'>aetatis</span> <span class='ocrx_word' id='word_1_287' title='bbox 2060 3234 2211 3277; x_wconf 86' lang='lat' dir='ltr'>anno</span> <span class='ocrx_word' id='word_1_288' title='bbox 2274 3227 2449 3297; x_wconf 86' lang='lat' dir='ltr'>atque</span> <span class='ocrx_word' id='word_1_289' title='bbox 2504 3219 2561 3276; x_wconf 87' lang='lat' dir='ltr'>in</span> 
     </span>
     <span class='ocr_line' id='line_1_40' title="bbox 539 3300 2629 3379; baseline -0 -17"><span class='ocrx_word' id='word_1_290' title='bbox 539 3302 780 3363; x_wconf 89' lang='lat' dir='ltr'>deorum</span> <span class='ocrx_word' id='word_1_291' title='bbox 823 3321 1116 3364; x_wconf 89' lang='lat' dir='ltr'>numerum</span> <span class='ocrx_word' id='word_1_292' title='bbox 1157 3303 1380 3364; x_wconf 90' lang='lat' dir='ltr'>relatus</span> <span class='ocrx_word' id='word_1_293' title='bbox 1427 3312 1550 3379; x_wconf 89' lang='lat' dir='ltr'>est,</span> <span class='ocrx_word' id='word_1_294' title='bbox 1607 3321 1725 3362; x_wconf 90' lang='lat' dir='ltr'>non</span> <span class='ocrx_word' id='word_1_295' title='bbox 1756 3320 1863 3363; x_wconf 89' lang='lat' dir='ltr'>ore</span> <span class='ocrx_word' id='word_1_296' title='bbox 1906 3300 2081 3363; x_wconf 90' lang='lat' dir='ltr'>modo</span> <span class='ocrx_word' id='word_1_297' title='bbox 2124 3300 2629 3362; x_wconf 70' lang='lat' dir='ltr'>decernentiumas</span> 
     </span>
     <span class='ocr_line' id='line_1_41' title="bbox 539 3385 2557 3467; baseline -0.001 -21"><span class='ocrx_word' id='word_1_298' title='bbox 539 3386 644 3446; x_wconf 91' lang='lat' dir='ltr'>sed</span> <span class='ocrx_word' id='word_1_299' title='bbox 677 3397 734 3446; x_wconf 92' lang='lat' dir='ltr'>et</span> <span class='ocrx_word' id='word_1_300' title='bbox 759 3391 1143 3467; x_wconf 89' lang='lat' dir='ltr'>persuasione</span> <span class='ocrx_word' id='word_1_301' title='bbox 1180 3389 1366 3466; x_wconf 87' lang='lat' dir='ltr'>volgi.</span> <span class='ocrx_word' id='word_1_302' title='bbox 1417 3387 1715 3466; x_wconf 89' lang='lat' dir='ltr'>Siquidem</span> <span class='ocrx_word' id='word_1_303' title='bbox 1758 3385 1929 3465; x_wconf 81' lang='lat' dir='ltr'>ludis,</span> <span class='ocrx_word' id='word_1_304' title='bbox 1963 3403 2113 3466; x_wconf 90' lang='lat' dir='ltr'>quos</span> <span class='ocrx_word' id='word_1_305' title='bbox 2157 3387 2381 3466; x_wconf 90' lang='lat' dir='ltr'>primos</span> <span class='ocrx_word' id='word_1_306' title='bbox 2424 3404 2557 3448; x_wconf 92' lang='lat' dir='ltr'>con-</span> 
     </span>
     <span class='ocr_line' id='line_1_42' title="bbox 537 3470 2561 3550; baseline 0 -20"><span class='ocrx_word' id='word_1_307' title='bbox 537 3481 770 3531; x_wconf 87' lang='lat' dir='ltr'>secrato</span> <span class='ocrx_word' id='word_1_308' title='bbox 809 3473 863 3530; x_wconf 89' lang='lat' dir='ltr'>ei</span> <span class='ocrx_word' id='word_1_309' title='bbox 900 3470 1077 3532; x_wconf 87' lang='lat' dir='ltr'>heres</span> <span class='ocrx_word' id='word_1_310' title='bbox 1108 3473 1409 3550; x_wconf 85' lang='lat' dir='ltr'>Augustus</span> <span class='ocrx_word' id='word_1_311' title='bbox 1455 3471 1700 3550; x_wconf 89' lang='lat' dir='ltr'>edebat,</span> <span class='ocrx_word' id='word_1_312' title='bbox 1755 3472 1927 3532; x_wconf 89' lang='lat' dir='ltr'>stella</span> <span class='ocrx_word' id='word_1_313' title='bbox 1960 3473 2163 3532; x_wconf 89' lang='lat' dir='ltr'>crinita</span> <span class='ocrx_word' id='word_1_314' title='bbox 2192 3489 2302 3549; x_wconf 91' lang='lat' dir='ltr'>per</span> <span class='ocrx_word' id='word_1_315' title='bbox 2332 3481 2561 3549; x_wconf 87' lang='lat' dir='ltr'>septem</span> 
     </span>
     <span class='ocr_line' id='line_1_43' title="bbox 540 3555 2561 3634; baseline 0 -20"><span class='ocrx_word' id='word_1_316' title='bbox 540 3557 851 3616; x_wconf 91' lang='lat' dir='ltr'>continuos</span> <span class='ocrx_word' id='word_1_317' title='bbox 874 3555 1000 3615; x_wconf 89' lang='lat' dir='ltr'>dies</span> <span class='ocrx_word' id='word_1_318' title='bbox 1027 3557 1211 3634; x_wconf 85' lang='lat' dir='ltr'>fulsit,</span> <span class='ocrx_word' id='word_1_319' title='bbox 1239 3557 1518 3617; x_wconf 87' lang='lat' dir='ltr'>exoriens</span> <span class='ocrx_word' id='word_1_320' title='bbox 1547 3559 1705 3616; x_wconf 89' lang='lat' dir='ltr'>circa</span> <span class='ocrx_word' id='word_1_321' title='bbox 1732 3557 2097 3617; x_wconf 88' lang='lat' dir='ltr'>undecimam</span> <span class='ocrx_word' id='word_1_322' title='bbox 2120 3555 2350 3634; x_wconf 87' lang='lat' dir='ltr'>horam,</span> <span class='ocrx_word' id='word_1_323' title='bbox 2378 3555 2561 3615; x_wconf 88' lang='lat' dir='ltr'>credi-</span> 
     </span>
    </p>
   </div>
  </div>
 </body>
</html>
