2700 4234
854 330 1067 378 DIVUS
1108 330 1480 380 anumns.
1755 391 1760 396 ,
2057 319 2178 382 149

166 497 249 549 sic
276 485 506 567 quidem
541 487 847 566 quicquam
880 485 1175 562 dignitatis
1216 484 1452 565 assequi
1481 494 1578 546 ant
1620 503 1788 566 spem
1819 485 1892 546 de
1921 504 1986 546 se
2024 503 2177 547 com-

163 571 479 632 modiorem
509 572 569 629 in
601 578 898 649 posterum
932 569 1133 629 facere
1166 570 1372 648 potuit.

288 655 474 716 Mater
503 653 757 714 Antonia
792 659 1143 731 portentum
1187 670 1322 712 eum
1372 651 1638 714 bominis
1673 651 2004 730 dictitabat,
2066 671 2182 714 nec

162 738 515 801 absolutum
546 755 589 797 a
616 743 883 813 natura,
940 735 1056 796 sed
1094 742 1329 796 tantum
1365 735 1722 800 inchoatum
1735 761 1768 808 ,·
1829 755 1899 798 ac
1929 739 1978 795 si
2010 755 2180 816 quem

119 823 467 887 ssocordiae
518 829 823 899 argueret,
892 820 1235 882 stultiorem
1286 819 1480 880 aiebat
1523 820 1657 898 filio
1715 837 1834 884 suo
1889 819 2177 883 Claudio.

157 907 309 968 Avia
342 906 607 984 Augusta
660 921 767 983 pro
800 905 1249 982 despectissimo
1286 921 1522 982 semper
1566 903 1796 982 habuit,
1856 921 1975 965 non
2017 904 2182 966 affari

158 992 267 1050 nisi
296 991 623 1066 rarissime,
688 1005 803 1048 non
831 1004 1071 1048 monere
1110 987 1217 1048 nisi
1254 987 1476 1049 acerbo
1509 996 1567 1046 et
1600 988 1768 1048 brevi
1813 989 2037 1067 scripto
2085 997 2183 1048 aut

160 1093 267 1153 per
304 1074 685 1134 internuntios
726 1071 915 1133 solita.
1005 1072 1192 1131 Soror
1222 1071 1429 1133 Livilla
1454 1090 1580 1131 cum
1622 1071 1880 1132 audisset
1921 1071 2178 1151 quando-

202 1176 273 1217 ue
338 1159 781 1235 imperaturum,
838 1165 951 1216 tam
1004 1156 1255 1235 iniquam
1317 1165 1377 1216 et
1438 1165 1552 1215 tam
1607 1155 1898 1234 indignam
1961 1165 2180 1217 sortem

94 1265 142 1306 10
207 1285 221 1299 .
250 1241 326 1301 R.
360 1241 549 1319 palam
594 1248 653 1299 et
700 1239 859 1300 clare
908 1239 1196 1300 detestata
1239 1248 1349 1300 est.
1435 1238 1582 1314 Nam
1629 1239 1949 1300 avunculus
1994 1241 2180 1299 maior

156 1324 462 1401 Augustus
503 1323 639 1402 quid
682 1322 755 1384 dc
795 1340 869 1383 eo
908 1324 967 1382 in
1008 1332 1305 1403 utramque
1349 1331 1572 1403 partem
1608 1325 1876 1401 opinatus
1907 1325 2014 1402 sit,
2062 1339 2178 1402 quo

160 1409 377 1468 certius
416 1416 840 1484 cognoscatur,
900 1407 1093 1486 capita
1128 1426 1205 1467 ex
1234 1407 1419 1486 ipsius
1453 1406 1718 1485 epistulis
1753 1410 1943 1487 posui.

278 1488 643 1553 Collocutus
674 1508 809 1550 sum
840 1509 979 1552 cum
1014 1489 1293 1567 Tiberio,
1336 1496 1408 1551 ut
1449 1489 1770 1551 mandasti
1799 1508 1939 1551 mea
1968 1489 2174 1568 Livia,
2208 1495 2244 1549 4

160 1574 310 1654 quid
348 1577 559 1654 nepoti
605 1581 707 1636 tuo
748 1573 992 1636 Tiberio
1032 1573 1392 1654 faciendum
1443 1581 1608 1635 esset
1646 1574 1812 1636 ludis
1863 1574 1929 1636 M
1932 1575 2176 1636 artiali-

94 1680 142 1722 15
164 1657 299 1719 bus.
392 1657 711 1720 Consentit
736 1666 939 1720 autem
964 1667 1221 1738 uterque
1251 1665 1560 1736 nostrum,
1617 1658 1805 1718 semel
1831 1657 2016 1720 nobis
2047 1676 2183 1718 esse

160 1741 583 1819 statuendum,
646 1742 815 1822 quod
854 1744 1179 1804 consilium
1213 1743 1279 1803 in
1316 1742 1426 1805 illo
1471 1759 1824 1823 sequamur.
1915 1740 2078 1803 Nam
2126 1742 2185 1802 si

160 1833 253 1886 est
284 1827 487 1886 artius
518 1821 615 1910 (ut
646 1827 739 1886 ita
771 1823 1007 1910 dicam)
1048 1827 1430 1903 boloeleros,
1490 1825 1642 1907 quid
1675 1833 1766 1887 est
1811 1827 1980 1906 quod
2007 1824 2180 1886 dubi-

158 1916 393 1985 temus,
452 1910 598 1988 quin
627 1927 741 1987 per
769 1910 1015 1972 eosdem
1047 1909 1351 1973 articulos
1383 1917 1444 1972 et
1467 1910 1710 1991 9radus
1733 1909 2184 1989 producendus

157 1993 277 2068 sit,
336 2009 460 2070 per
513 2009 666 2071 quos
723 1993 933 2072 frater
990 1995 1125 2056 eius
1178 1993 1528 2073 productus
1583 1995 1666 2056 sit
1683 1997 1715 2055 22
1802 1993 1918 2054 Sin
1979 1999 2182 2054 autem

88 2105 139 2146 20
156 2065 590 2155 ἦλα-ττῶσθαι
622 2079 915 2140 sentimus
952 2097 1087 2139 eum
1118 2086 1177 2139 et
1200 2071 1592 2158 βεβλάφθαι
1626 2071 1739 2139 καὶ
1785 2077 1878 2149 εἰς
1907 2067 2030 2156 τὴν
2057 2073 2182 2138 τοῦ

160 2151 469 2239 σώματος
514 2153 627 2220 καὶ
651 2160 743 2234 είς
790 2151 913 2242 τὴν
963 2159 1077 2242 τῆς
1120 2162 1333 2244 ψυχῆς
1372 2153 1760 2242 ἀρτιότητα,
1809 2160 2181 2239 praebenda

155 2243 427 2304 materia
459 2242 785 2306 deridendi
824 2253 883 2306 et
912 2245 1085 2307 illum
1130 2252 1191 2307 et
1236 2264 1353 2309 nos
1399 2265 1524 2308 non
1563 2252 1656 2306 est
1700 2243 2049 2307 bominibus
2099 2234 2181 2305 τὰ

156 2322 434 2388 τοιαῦτα
468 2319 801 2402 σκώπτερν
834 2323 945 2390 καὶ
972 2329 1398 2410 μυκτηρίζειν
1439 2321 1781 2391 εἰωθόσιν.
1836 2327 2000 2391 Nam
2021 2346 2177 2390 sem-

152 2427 273 2487 per
304 2411 765 2489 aestuabimus,
824 2414 883 2474 si
913 2414 989 2474 de
1029 2414 1291 2494 sinyulis
1336 2414 1622 2476 articulis
1663 2421 2002 2492 temporum
2031 2413 2178 2475 deli-

88 2492 551 2572 2⁵*berabimus,
597 2484 687 2577 μὴ
720 2493 1303 2579 προῦποκειμένου
1336 2487 1496 2578 ἡμῖν
1525 2516 1764 2580 posse
1804 2497 2181 2560 arbitremur

158 2596 297 2638 eum
322 2597 542 2657 yerere
572 2580 883 2658 honores,
930 2599 1137 2644 necne.
1228 2579 1305 2643 In
1330 2583 1695 2662 praesentia
1727 2590 1928 2644 tamen
1957 2581 2180 2666 quibus

157 2661 235 2722 de
262 2661 457 2724 rebus
500 2665 809 2742 consulis,
874 2683 1107 2728 curare
1146 2685 1282 2728 eum
1322 2667 1493 2729 ludis
1537 2665 1944 2728 Martialibus
1980 2667 2174 2728 tricli-

153 2746 327 2806 nium
359 2749 759 2810 sacerdotum
798 2767 923 2810 non
954 2751 1241 2829 displicet
1278 2751 1492 2827 nobis,
1545 2751 1606 2810 si
1633 2757 1725 2812 est
1757 2768 2074 2828 passurus
2113 2767 2182 2810 se

156 2828 242 2891 ab
301 2829 514 2893 Silani
566 2832 701 2912 filio
761 2832 1003 2896 bomine
1058 2834 1184 2895 sibi
1242 2835 1424 2915 affini
1481 2835 1835 2908 admoneri,
1893 2852 1970 2894 ne
2031 2833 2184 2914 quid

84 2933 135 2975 sc
152 2913 372 2992 faciat
417 2917 584 2996 quod
632 2917 913 2996 conspici
959 2925 1021 2980 et
1071 2919 1345 2981 derideri
1386 2919 1642 2998 possit.·
1697 2917 2002 2996 Spectare
2046 2935 2180 2977 eum

154 2997 475 3060 circenses
502 3019 583 3062 em
604 3001 960 3079 pulvinari,
1016 3021 1141 3064 non
1160 3004 1375 3083 placet
1400 3002 1581 3064 nobis
1595 3027 1624 3072 ‚·
1669 3002 1992 3081 expositus
2023 3001 2180 3061 enim

152 3083 219 3142 in
241 3082 467 3161 fronte
502 3085 716 3164 prima
750 3087 1277 3164 spectaculorum,
1336 3086 1771 3166 conspicietur.
1862 3081 1938 3146 In
1981 3082 2176 3146 Alba-

151 3183 297 3226 num
327 3174 596 3230 montem
626 3168 721 3229 ire
751 3187 916 3246 eum,
976 3188 1103 3239 non
1124 3173 1335 3249 placet
1359 3170 1578 3247 nobis,
1639 3175 1751 3230 aut
1779 3187 1914 3230 esse
1942 3169 2182 3231 Romae

152 3245 535 3313 Latinarum
585 3252 821 3314 diebu's.
915 3251 1045 3314 Cur
1094 3256 1250 3316 enim
1299 3273 1426 3317 non
1467 3254 1839 3332 praeficitur
1891 3251 2066 3330 urbi,
2123 3254 2184 3314 si

83 3354 134 3397 ss
146 3339 365 3410 potest
412 3336 593 3415 sequi
636 3335 905 3414 fratrem
945 3356 1121 3399 suum
1171 3340 1236 3400 in
1274 3341 1576 3401 montem?
1643 3335 1859 3398 Habes
1900 3340 2176 3414 nostras,

149 3435 294 3479 mea
344 3416 567 3496 Livia,
614 3422 981 3498 sententias,
1041 3421 1263 3502 quibus
1304 3423 1520 3502 placet
1569 3423 1756 3483 semel
1810 3423 1886 3483 de
1933 3429 2062 3484 tota
2109 3439 2182 3481 re

152 3501 406 3581 aliquid
441 3504 737 3564 constitui
747 3549 766 3580 ,
829 3523 906 3566 ne
934 3523 1179 3584 semper
1208 3507 1368 3568 inter
1398 3525 1570 3586 spem
1598 3513 1656 3566 et
1680 3515 1900 3568 metum
1923 3503 2176 3583 fluctue-

152 3602 313 3647 mur.
410 3583 657 3669 Licebit
688 3595 921 3666 autem,
980 3591 1040 3650 si
1061 3590 1265 3668 coles,
1319 3588 1630 3653 Antoniae
1663 3607 1900 3671 quoque
1927 3594 2184 3648 nostrae
