<?xml version="1.0" encoding="UTF-8"?>
<!DOCTYPE html PUBLIC "-//W3C//DTD XHTML 1.0 Transitional//EN"
    "http://www.w3.org/TR/xhtml1/DTD/xhtml1-transitional.dtd">
<html xmlns="http://www.w3.org/1999/xhtml" xml:lang="en" lang="en">
 <head>
  <title>
</title>
<meta http-equiv="Content-Type" content="text/html;charset=utf-8" />
  <meta name='ocr-system' content='tesseract 3.04.00' />
  <meta name='ocr-capabilities' content='ocr_page ocr_carea ocr_par ocr_line ocrx_word'/>
</head>
<body>
  <div class='ocr_page' id='page_1' title='image "./csuetonitranqui05rothgoog_0097.png"; bbox 0 0 2700 4234; ppageno 0'>
   <div class='ocr_carea' id='block_1_1' title="bbox 960 308 2068 387">
    <p class='ocr_par' dir='ltr' id='par_1_1' title="bbox 960 308 2068 387">
     <span class='ocr_line' id='line_1_1' title="bbox 960 308 2068 387; baseline 0.006 -7"><span class='ocrx_word' id='word_1_1' title='bbox 960 308 1383 383; x_wconf 64' lang='lat' dir='ltr'><strong>ramur-10.</strong></span> <span class='ocrx_word' id='word_1_2' title='bbox 1947 338 2068 387; x_wconf 76' lang='lat' dir='ltr'><strong>xcl</strong></span> 
     </span>
    </p>
   </div>
   <div class='ocr_carea' id='block_1_2' title="bbox 236 491 2059 3657">
    <p class='ocr_par' dir='ltr' id='par_1_2' title="bbox 236 491 2059 1492">
     <span class='ocr_line' id='line_1_2' title="bbox 236 491 2059 569; baseline 0.003 -22"><span class='ocrx_word' id='word_1_3' title='bbox 236 502 381 557; x_wconf 77' lang='lat'><strong>2503</strong></span> <span class='ocrx_word' id='word_1_4' title='bbox 430 496 439 565; x_wconf 82' lang='grc' dir='ltr'>Ι</span> <span class='ocrx_word' id='word_1_5' title='bbox 492 501 563 555; x_wconf 85' lang='grc'><strong>30</strong></span> <span class='ocrx_word' id='word_1_6' title='bbox 596 508 701 565; x_wconf 89' lang='lat' dir='ltr'><strong>pro</strong></span> <span class='ocrx_word' id='word_1_7' title='bbox 735 491 1153 549; x_wconf 79' lang='lat' dir='ltr'><strong>Novocomensis</strong></span> <span class='ocrx_word' id='word_1_8' title='bbox 1190 492 1322 550; x_wconf 85' lang='lat' dir='ltr'>libri</span> <span class='ocrx_word' id='word_1_9' title='bbox 1359 493 1608 551; x_wconf 85' lang='lat' dir='ltr'><strong>nonnulli</strong></span> <span class='ocrx_word' id='word_1_10' title='bbox 1639 498 2059 569; x_wconf 71' lang='lat' dir='ltr'><strong>novecomensiS,</strong></span> 
     </span>
     <span class='ocr_line' id='line_1_3' title="bbox 238 590 2059 649; baseline 0 -12"><span class='ocrx_word' id='word_1_11' title='bbox 238 590 745 647; x_wconf 79' lang='lat' dir='ltr'><strong>novemcomenses,</strong></span> <span class='ocrx_word' id='word_1_12' title='bbox 778 590 967 633; x_wconf 82' lang='lat' dir='ltr'><strong>novem</strong></span> <span class='ocrx_word' id='word_1_13' title='bbox 994 593 1101 649; x_wconf 75' lang='lat' dir='ltr'><strong>quo</strong></span> <span class='ocrx_word' id='word_1_14' title='bbox 1126 590 1361 648; x_wconf 80' lang='lat' dir='ltr'><strong>menses,</strong></span> <span class='ocrx_word' id='word_1_15' title='bbox 1390 592 1580 635; x_wconf 81' lang='lat' dir='ltr'><strong>novem</strong></span> <span class='ocrx_word' id='word_1_16' title='bbox 1607 592 1842 649; x_wconf 77' lang='lat' dir='ltr'><strong>menses,</strong></span> <span class='ocrx_word' id='word_1_17' title='bbox 1871 595 2059 637; x_wconf 85' lang='lat' dir='ltr'><strong>novem</strong></span> 
     </span>
     <span class='ocr_line' id='line_1_4' title="bbox 240 654 2058 738; baseline 0 -17"><span class='ocrx_word' id='word_1_18' title='bbox 240 664 521 721; x_wconf 79' lang='lat' dir='ltr'><strong>mensibus</strong></span> <span class='ocrx_word' id='word_1_19' title='bbox 567 660 776 717; x_wconf 85' lang='lat' dir='ltr'><strong>habent</strong></span> <span class='ocrx_word' id='word_1_20' title='bbox 822 654 833 738; x_wconf 91' lang='grc' dir='ltr'>Ι</span> <span class='ocrx_word' id='word_1_21' title='bbox 892 666 962 721; x_wconf 83' lang='grc'><strong>30</strong></span> <span class='ocrx_word' id='word_1_22' title='bbox 1014 661 1084 718; x_wconf 85' lang='lat' dir='ltr'><strong>de</strong></span> <span class='ocrx_word' id='word_1_23' title='bbox 1133 662 1470 733; x_wconf 59' lang='lat' dir='ltr'><strong>equestribus</strong></span> <span class='ocrx_word' id='word_1_24' title='bbox 1513 663 1734 717; x_wconf 77' lang='lat' dir='ltr'><strong>militiis.</strong></span> <span class='ocrx_word' id='word_1_25' title='bbox 1763 663 1866 719; x_wconf 85' lang='lat' dir='ltr'><strong>cfr.</strong></span> <span class='ocrx_word' id='word_1_26' title='bbox 1913 663 2058 721; x_wconf 81' lang='lat' dir='ltr'><strong>infra</strong></span> 
     </span>
     <span class='ocr_line' id='line_1_5' title="bbox 240 743 2056 822; baseline 0.003 -24"><span class='ocrx_word' id='word_1_27' title='bbox 240 767 299 822; x_wconf 85' lang='lat' dir='ltr'><strong>p.</strong></span> <span class='ocrx_word' id='word_1_28' title='bbox 340 754 473 816; x_wconf 80' lang='grc'><strong>160,</strong></span> <span class='ocrx_word' id='word_1_29' title='bbox 515 750 599 805; x_wconf 86' lang='grc'>18.</span> <span class='ocrx_word' id='word_1_30' title='bbox 669 743 878 800; x_wconf 82' lang='lat' dir='ltr'><strong>Plinius</strong></span> <span class='ocrx_word' id='word_1_31' title='bbox 912 743 1074 816; x_wconf 85' lang='lat' dir='ltr'><strong>epist.</strong></span> <span class='ocrx_word' id='word_1_32' title='bbox 1108 748 1176 814; x_wconf 90' lang='grc'><strong>7,</strong></span> <span class='ocrx_word' id='word_1_33' title='bbox 1205 750 1307 814; x_wconf 86' lang='grc'><strong>25,</strong></span> <span class='ocrx_word' id='word_1_34' title='bbox 1339 750 1391 803; x_wconf 90' lang='grc'><strong>2.</strong></span> <span class='ocrx_word' id='word_1_35' title='bbox 1469 743 1931 802; x_wconf 80' lang='lat' dir='ltr'><strong>Orelli-Henzen</strong></span> <span class='ocrx_word' id='word_1_36' title='bbox 1973 748 2056 803; x_wconf 91' lang='lat' dir='ltr'><strong>in·</strong></span> 
     </span>
     <span class='ocr_line' id='line_1_6' title="bbox 238 820 2054 907; baseline -0.001 -19"><span class='ocrx_word' id='word_1_37' title='bbox 238 832 460 904; x_wconf 85' lang='lat' dir='ltr'><strong>scriptt.</strong></span> <span class='ocrx_word' id='word_1_38' title='bbox 508 844 598 885; x_wconf 91' lang='lat' dir='ltr'><strong>no.</strong></span> <span class='ocrx_word' id='word_1_39' title='bbox 643 834 783 888; x_wconf 83' lang='grc'><strong>6930</strong></span> <span class='ocrx_word' id='word_1_40' title='bbox 830 820 841 905; x_wconf 97' lang='grc' dir='ltr'>Ι</span> <span class='ocrx_word' id='word_1_41' title='bbox 893 834 962 887; x_wconf 91' lang='grc'><strong>33</strong></span> <span class='ocrx_word' id='word_1_42' title='bbox 1010 828 1326 885; x_wconf 76' lang='lat' dir='ltr'><strong>liberalibus</strong></span> <span class='ocrx_word' id='word_1_43' title='bbox 1379 821 1590 885; x_wconf 80' lang='lat' dir='ltr'><strong>artibus</strong></span> <span class='ocrx_word' id='word_1_44' title='bbox 1641 828 1987 887; x_wconf 83' lang='lat' dir='ltr'><strong>Rezzonicus</strong></span> <span class='ocrx_word' id='word_1_45' title='bbox 2043 826 2054 907; x_wconf 94' lang='grc' dir='ltr'>Ι</span> 
     </span>
     <span class='ocr_line' id='line_1_7' title="bbox 242 910 2055 984; baseline 0.001 -15"><span class='ocrx_word' id='word_1_46' title='bbox 242 924 309 976; x_wconf 84' lang='lat'><strong>35</strong></span> <span class='ocrx_word' id='word_1_47' title='bbox 349 914 620 969; x_wconf 75' lang='lat' dir='ltr'><strong>Romanis</strong></span> <span class='ocrx_word' id='word_1_48' title='bbox 672 910 898 984; x_wconf 80' lang='lat' dir='ltr'><strong>plurimi</strong></span> <span class='ocrx_word' id='word_1_49' title='bbox 941 912 1091 968; x_wconf 85' lang='lat' dir='ltr'><strong>libri.</strong></span> <span class='ocrx_word' id='word_1_50' title='bbox 1185 911 1475 968; x_wconf 78' lang='lat' dir='ltr'><strong>Germanis</strong></span> <span class='ocrx_word' id='word_1_51' title='bbox 1505 911 1840 983; x_wconf 86' lang='lat' dir='ltr'><strong>Toletanus‚</strong></span> <span class='ocrx_word' id='word_1_52' title='bbox 1880 912 2055 971; x_wconf 86' lang='lat' dir='ltr'><strong>Esco·</strong></span> 
     </span>
     <span class='ocr_line' id='line_1_8' title="bbox 242 988 2056 1071; baseline -0.002 -15"><span class='ocrx_word' id='word_1_53' title='bbox 242 999 550 1065; x_wconf 72' lang='lat' dir='ltr'><strong>tielenses,</strong></span> <span class='ocrx_word' id='word_1_54' title='bbox 608 995 679 1052; x_wconf 82' lang='lat' dir='ltr'><strong>aI.</strong></span> <span class='ocrx_word' id='word_1_55' title='bbox 736 994 874 1051; x_wconf 85' lang='lat' dir='ltr'><strong>Edd.</strong></span> <span class='ocrx_word' id='word_1_56' title='bbox 927 988 937 1071; x_wconf 97' lang='grc' dir='ltr'>Ι</span> <span class='ocrx_word' id='word_1_57' title='bbox 986 1001 1054 1055; x_wconf 82' lang='grc'><strong>35</strong></span> <span class='ocrx_word' id='word_1_58' title='bbox 1111 995 1235 1051; x_wconf 85' lang='lat' dir='ltr'><strong>XX</strong></span> <span class='ocrx_word' id='word_1_59' title='bbox 1278 994 1416 1051; x_wconf 82' lang='lat' dir='ltr'><strong>Edd.</strong></span> <span class='ocrx_word' id='word_1_60' title='bbox 1465 1010 1568 1067; x_wconf 83' lang='lat' dir='ltr'><strong>pro</strong></span> <span class='ocrx_word' id='word_1_61' title='bbox 1617 996 1930 1051; x_wconf 83' lang='lat' dir='ltr'><em>XXXVII</em></span> <span class='ocrx_word' id='word_1_62' title='bbox 1965 998 2056 1053; x_wconf 80' lang='lat' dir='ltr'><strong>vel</strong></span> 
     </span>
     <span class='ocr_line' id='line_1_9' title="bbox 243 1074 2057 1155; baseline -0.001 -18"><span class='ocrx_word' id='word_1_63' title='bbox 243 1076 591 1137; x_wconf 84' lang='lat' dir='ltr'><em>XXXVIII</em></span> <span class='ocrx_word' id='word_1_64' title='bbox 632 1074 641 1155; x_wconf 96' lang='grc' dir='ltr'>Ι</span> <span class='ocrx_word' id='word_1_65' title='bbox 692 1082 761 1138; x_wconf 90' lang='grc'><strong>37</strong></span> <span class='ocrx_word' id='word_1_66' title='bbox 796 1078 955 1134; x_wconf 83' lang='lat' dir='ltr'><strong>clade</strong></span> <span class='ocrx_word' id='word_1_67' title='bbox 984 1079 1312 1136; x_wconf 83' lang='lat' dir='ltr'><strong>Hermolaus</strong></span> <span class='ocrx_word' id='word_1_68' title='bbox 1347 1078 1644 1136; x_wconf 85' lang='lat' dir='ltr'><strong>Barbarus.</strong></span> <span class='ocrx_word' id='word_1_69' title='bbox 1735 1078 1932 1135; x_wconf 76' lang='lat' dir='ltr'><strong>Stabiis</strong></span> <span class='ocrx_word' id='word_1_70' title='bbox 1957 1080 2057 1137; x_wconf 87' lang='lat' dir='ltr'><strong>Vi-</strong></span> 
     </span>
     <span class='ocr_line' id='line_1_10' title="bbox 246 1154 2055 1241; baseline -0.001 -20"><span class='ocrx_word' id='word_1_71' title='bbox 246 1172 407 1221; x_wconf 81' lang='lat' dir='ltr'><strong>netus</strong></span> <span class='ocrx_word' id='word_1_72' title='bbox 432 1181 482 1220; x_wconf 88' lang='lat' dir='ltr'><strong>a.</strong></span> <span class='ocrx_word' id='word_1_73' title='bbox 511 1169 647 1223; x_wconf 85' lang='lat'>1556</span> <span class='ocrx_word' id='word_1_74' title='bbox 685 1178 789 1234; x_wconf 81' lang='lat' dir='ltr'><strong>pro</strong></span> <span class='ocrx_word' id='word_1_75' title='bbox 816 1162 988 1234; x_wconf 77' lang='lat' dir='ltr'><strong>yades</strong></span> <span class='ocrx_word' id='word_1_76' title='bbox 1016 1163 1105 1217; x_wconf 80' lang='lat' dir='ltr'><strong>vel</strong></span> <span class='ocrx_word' id='word_1_77' title='bbox 1132 1162 1339 1234; x_wconf 77' lang='lat' dir='ltr'><strong>yrades</strong></span> <span class='ocrx_word' id='word_1_78' title='bbox 1367 1154 1396 1241; x_wconf 94' lang='grc' dir='ltr'><strong>ΙΙ</strong></span> <span class='ocrx_word' id='word_1_79' title='bbox 1424 1170 1547 1233; x_wconf 91' lang='grc'><strong>300,</strong></span> <span class='ocrx_word' id='word_1_80' title='bbox 1579 1170 1608 1221; x_wconf 91' lang='grc'>1</span> <span class='ocrx_word' id='word_1_81' title='bbox 1639 1164 1913 1220; x_wconf 82' lang='lat' dir='ltr'><strong>liburnica</strong></span> <span class='ocrx_word' id='word_1_82' title='bbox 1947 1163 2055 1221; x_wconf 89' lang='lat' dir='ltr'><strong>To-</strong></span> 
     </span>
     <span class='ocr_line' id='line_1_11' title="bbox 246 1240 2054 1325; baseline -0.002 -21"><span class='ocrx_word' id='word_1_83' title='bbox 246 1250 499 1318; x_wconf 83' lang='lat' dir='ltr'><strong>letanus,</strong></span> <span class='ocrx_word' id='word_1_84' title='bbox 533 1248 621 1303; x_wconf 85' lang='lat' dir='ltr'><strong>ed.</strong></span> <span class='ocrx_word' id='word_1_85' title='bbox 654 1246 870 1303; x_wconf 77' lang='lat' dir='ltr'><strong>Tarvis.</strong></span> <span class='ocrx_word' id='word_1_86' title='bbox 908 1250 1043 1306; x_wconf 84' lang='lat'>1479</span> <span class='ocrx_word' id='word_1_87' title='bbox 1071 1262 1174 1318; x_wconf 88' lang='lat' dir='ltr'><strong>pro</strong></span> <span class='ocrx_word' id='word_1_88' title='bbox 1194 1246 1534 1315; x_wconf 73' lang='lat' dir='ltr'><strong>liburnicae,</strong></span> <span class='ocrx_word' id='word_1_89' title='bbox 1566 1248 1658 1303; x_wconf 83' lang='lat' dir='ltr'><strong>vel</strong></span> <span class='ocrx_word' id='word_1_90' title='bbox 1688 1247 2013 1303; x_wconf 82' lang='lat' dir='ltr'><strong>liburnicam</strong></span> <span class='ocrx_word' id='word_1_91' title='bbox 2043 1240 2054 1325; x_wconf 91' lang='grc' dir='ltr'>Ι</span> 
     </span>
     <span class='ocr_line' id='line_1_12' title="bbox 254 1330 2053 1403; baseline 0.001 -18"><span class='ocrx_word' id='word_1_92' title='bbox 254 1339 281 1389; x_wconf 89' lang='grc'>1</span> <span class='ocrx_word' id='word_1_93' title='bbox 321 1332 684 1402; x_wconf 78' lang='lat' dir='ltr'><strong>per-tendisset</strong></span> <span class='ocrx_word' id='word_1_94' title='bbox 716 1330 1086 1399; x_wconf 87' lang='lat' dir='ltr'><strong>Burmannus,</strong></span> <span class='ocrx_word' id='word_1_95' title='bbox 1132 1330 1233 1385; x_wconf 87' lang='lat' dir='ltr'><strong>cfr.</strong></span> <span class='ocrx_word' id='word_1_96' title='bbox 1267 1347 1321 1403; x_wconf 86' lang='lat' dir='ltr'><strong>p.</strong></span> <span class='ocrx_word' id='word_1_97' title='bbox 1351 1336 1404 1397; x_wconf 88' lang='lat'><strong>4,</strong></span> <span class='ocrx_word' id='word_1_98' title='bbox 1436 1337 1519 1391; x_wconf 86' lang='lat'><strong>31.</strong></span> <span class='ocrx_word' id='word_1_99' title='bbox 1564 1338 1648 1399; x_wconf 86' lang='lat'><strong>15,</strong></span> <span class='ocrx_word' id='word_1_100' title='bbox 1683 1338 1769 1389; x_wconf 77' lang='lat'><strong>20.</strong></span> <span class='ocrx_word' id='word_1_101' title='bbox 1815 1338 1937 1403; x_wconf 86' lang='lat'><strong>116,</strong></span> <span class='ocrx_word' id='word_1_102' title='bbox 1967 1336 2053 1389; x_wconf 79' lang='lat'><strong>22.</strong></span> 
     </span>
     <span class='ocr_line' id='line_1_13' title="bbox 251 1404 1820 1492; baseline -0.001 -20"><span class='ocrx_word' id='word_1_103' title='bbox 251 1420 377 1483; x_wconf 85' lang='lat'><strong>139,</strong></span> <span class='ocrx_word' id='word_1_104' title='bbox 406 1419 475 1473; x_wconf 79' lang='grc'><strong>24</strong></span> <span class='ocrx_word' id='word_1_105' title='bbox 510 1404 522 1491; x_wconf 96' lang='grc' dir='ltr'>Ι</span> <span class='ocrx_word' id='word_1_106' title='bbox 559 1420 593 1474; x_wconf 86' lang='grc'><strong>3</strong></span> <span class='ocrx_word' id='word_1_107' title='bbox 619 1415 894 1469; x_wconf 62' lang='lat' dir='ltr'><strong>existimat</strong></span> <span class='ocrx_word' id='word_1_108' title='bbox 920 1413 1155 1470; x_wconf 83' lang='lat' dir='ltr'><strong>Vinetus</strong></span> <span class='ocrx_word' id='word_1_109' title='bbox 1191 1407 1203 1492; x_wconf 96' lang='grc' dir='ltr'>Ι</span> <span class='ocrx_word' id='word_1_110' title='bbox 1240 1420 1275 1472; x_wconf 83' lang='lat'>4</span> <span class='ocrx_word' id='word_1_111' title='bbox 1300 1416 1546 1469; x_wconf 82' lang='lat' dir='ltr'><strong>oraverit</strong></span> <span class='ocrx_word' id='word_1_112' title='bbox 1569 1415 1820 1470; x_wconf 76' lang='lat' dir='ltr'><strong>vinetus.</strong></span> 
     </span>
    </p>

    <p class='ocr_par' dir='ltr' id='par_1_3' title="bbox 243 1497 2059 1903">
     <span class='ocr_line' id='line_1_14' title="bbox 376 1497 2059 1570; baseline 0.001 -19"><span class='ocrx_word' id='word_1_113' title='bbox 376 1498 457 1553; x_wconf 89' lang='lat' dir='ltr'><strong>De</strong></span> <span class='ocrx_word' id='word_1_114' title='bbox 485 1497 685 1553; x_wconf 86' lang='lat' dir='ltr'><strong>Lucani</strong></span> <span class='ocrx_word' id='word_1_115' title='bbox 722 1503 885 1569; x_wconf 80' lang='lat' dir='ltr'><strong>patre</strong></span> <span class='ocrx_word' id='word_1_116' title='bbox 914 1514 969 1570; x_wconf 88' lang='lat' dir='ltr'><strong>p.</strong></span> <span class='ocrx_word' id='word_1_117' title='bbox 1010 1503 1146 1567; x_wconf 89' lang='grc'><strong>301,</strong></span> <span class='ocrx_word' id='word_1_118' title='bbox 1189 1503 1258 1557; x_wconf 88' lang='grc'><strong>38</strong></span> <span class='ocrx_word' id='word_1_119' title='bbox 1288 1497 1493 1554; x_wconf 87' lang='lat' dir='ltr'><strong>iniuria</strong></span> <span class='ocrx_word' id='word_1_120' title='bbox 1534 1498 1774 1570; x_wconf 85' lang='lat' dir='ltr'><strong>Lipsium</strong></span> <span class='ocrx_word' id='word_1_121' title='bbox 1815 1498 2059 1555; x_wconf 81' lang='lat' dir='ltr'><strong>arbitror</strong></span> 
     </span>
     <span class='ocr_line' id='line_1_15' title="bbox 256 1580 2058 1653; baseline 0.001 -17"><span class='ocrx_word' id='word_1_122' title='bbox 256 1580 586 1637; x_wconf 87' lang='lat' dir='ltr'><strong>emendandi</strong></span> <span class='ocrx_word' id='word_1_123' title='bbox 616 1596 783 1637; x_wconf 87' lang='lat' dir='ltr'><strong>causa</strong></span> <span class='ocrx_word' id='word_1_124' title='bbox 813 1581 878 1636; x_wconf 86' lang='lat' dir='ltr'><strong>ob</strong></span> <span class='ocrx_word' id='word_1_125' title='bbox 909 1581 1050 1635; x_wconf 82' lang='lat' dir='ltr'><strong>bona</strong></span> <span class='ocrx_word' id='word_1_126' title='bbox 1080 1608 1163 1621; x_wconf 83' lang='lat'><strong>—-·</strong></span> <span class='ocrx_word' id='word_1_127' title='bbox 1182 1582 1482 1652; x_wconf 72' lang='lat' dir='ltr'><strong>perimitur</strong></span> <span class='ocrx_word' id='word_1_128' title='bbox 1505 1581 1895 1653; x_wconf 77' lang='lat' dir='ltr'><strong>proposuisse,</strong></span> <span class='ocrx_word' id='word_1_129' title='bbox 1937 1597 2058 1637; x_wconf 87' lang='lat' dir='ltr'><strong>cum</strong></span> 
     </span>
     <span class='ocr_line' id='line_1_16' title="bbox 246 1663 2056 1736; baseline -0.001 -17"><span class='ocrx_word' id='word_1_130' title='bbox 246 1664 469 1720; x_wconf 76' lang='lat' dir='ltr'><strong>Tacitus</strong></span> <span class='ocrx_word' id='word_1_131' title='bbox 497 1679 719 1736; x_wconf 85' lang='lat' dir='ltr'><strong>quoque</strong></span> <span class='ocrx_word' id='word_1_132' title='bbox 749 1663 889 1720; x_wconf 85' lang='lat' dir='ltr'><strong>Ann.</strong></span> <span class='ocrx_word' id='word_1_133' title='bbox 918 1670 1006 1733; x_wconf 87' lang='lat'><strong>16,</strong></span> <span class='ocrx_word' id='word_1_134' title='bbox 1036 1669 1100 1725; x_wconf 88' lang='grc'><strong>17</strong></span> <span class='ocrx_word' id='word_1_135' title='bbox 1133 1664 1331 1720; x_wconf 80' lang='lat' dir='ltr'><strong>Melam</strong></span> <span class='ocrx_word' id='word_1_136' title='bbox 1369 1665 1550 1720; x_wconf 87' lang='lat' dir='ltr'><strong>tradat</strong></span> <span class='ocrx_word' id='word_1_137' title='bbox 1578 1681 1696 1719; x_wconf 89' lang='lat' dir='ltr'><strong>rem</strong></span> <span class='ocrx_word' id='word_1_138' title='bbox 1728 1664 2056 1720; x_wconf 77' lang='lat' dir='ltr'><strong>familiarem</strong></span> 
     </span>
     <span class='ocr_line' id='line_1_17' title="bbox 248 1746 2055 1819; baseline -0.002 -15"><span class='ocrx_word' id='word_1_139' title='bbox 248 1748 349 1804; x_wconf 84' lang='lat' dir='ltr'><strong>lilii</strong></span> <span class='ocrx_word' id='word_1_140' title='bbox 388 1747 672 1803; x_wconf 76' lang='lat' dir='ltr'><strong>interfecti</strong></span> <span class='ocrx_word' id='word_1_141' title='bbox 708 1747 912 1803; x_wconf 83' lang='lat' dir='ltr'><strong>acriter</strong></span> <span class='ocrx_word' id='word_1_142' title='bbox 940 1746 1271 1819; x_wconf 86' lang='lat' dir='ltr'><strong>requisisse.</strong></span> <span class='ocrx_word' id='word_1_143' title='bbox 1334 1747 1450 1803; x_wconf 90' lang='lat' dir='ltr'><strong>Sed</strong></span> <span class='ocrx_word' id='word_1_144' title='bbox 1478 1762 1817 1819; x_wconf 80' lang='lat' dir='ltr'><strong>praenomen</strong></span> <span class='ocrx_word' id='word_1_145' title='bbox 1847 1746 2055 1802; x_wconf 82' lang='lat' dir='ltr'><strong>rectius</strong></span> 
     </span>
     <span class='ocr_line' id='line_1_18' title="bbox 243 1831 1088 1903; baseline -0.004 -15"><span class='ocrx_word' id='word_1_146' title='bbox 243 1831 324 1888; x_wconf 87' lang='lat' dir='ltr'><strong>M.</strong></span> <span class='ocrx_word' id='word_1_147' title='bbox 372 1831 642 1887; x_wconf 86' lang='lat' dir='ltr'><strong>scribitur</strong></span> <span class='ocrx_word' id='word_1_148' title='bbox 664 1831 809 1903; x_wconf 84' lang='lat' dir='ltr'><strong>apud</strong></span> <span class='ocrx_word' id='word_1_149' title='bbox 830 1832 1088 1887; x_wconf 85' lang='lat' dir='ltr'><strong>Vaeeam.</strong></span> 
     </span>
    </p>

    <p class='ocr_par' dir='ltr' id='par_1_4' title="bbox 239 1914 2056 2571">
     <span class='ocr_line' id='line_1_19' title="bbox 369 1914 2052 1986; baseline 0.001 -17"><span class='ocrx_word' id='word_1_150' title='bbox 369 1914 525 1982; x_wconf 82' lang='lat' dir='ltr'><strong>Quae</strong></span> <span class='ocrx_word' id='word_1_151' title='bbox 579 1914 659 1969; x_wconf 87' lang='lat' dir='ltr'><strong>de</strong></span> <span class='ocrx_word' id='word_1_152' title='bbox 712 1914 1195 1971; x_wconf 76' lang='lat' dir='ltr'><strong>Institutione</strong></span> <span class='ocrx_word' id='word_1_153' title='bbox 1249 1915 1680 1971; x_wconf 89' lang='lat' dir='ltr'><strong>officiorum</strong></span> <span class='ocrx_word' id='word_1_154' title='bbox 1722 1931 1776 1986; x_wconf 94' lang='lat' dir='ltr'><strong>p.</strong></span> <span class='ocrx_word' id='word_1_155' title='bbox 1818 1918 1953 1983; x_wconf 89' lang='grc'><strong>302,</strong></span> <span class='ocrx_word' id='word_1_156' title='bbox 1989 1920 2052 1973; x_wconf 82' lang='grc'><strong>31</strong></span> 
     </span>
     <span class='ocr_line' id='line_1_20' title="bbox 244 1997 2056 2071; baseline -0.002 -16"><span class='ocrx_word' id='word_1_157' title='bbox 244 2004 577 2071; x_wconf 85' lang='lat' dir='ltr'><strong>supersunt,</strong></span> <span class='ocrx_word' id='word_1_158' title='bbox 620 1997 715 2054; x_wconf 88' lang='lat' dir='ltr'><strong>ubi</strong></span> <span class='ocrx_word' id='word_1_159' title='bbox 745 1997 765 2028; x_wconf 77' lang='lat'>‘</span> <span class='ocrx_word' id='word_1_160' title='bbox 786 1997 1043 2056; x_wconf 78' lang='lat' dir='ltr'><strong>dlversos</strong></span> <span class='ocrx_word' id='word_1_161' title='bbox 1075 2014 1291 2071; x_wconf 87' lang='lat' dir='ltr'><strong>ponens</strong></span> <span class='ocrx_word' id='word_1_162' title='bbox 1320 1999 1488 2056; x_wconf 85' lang='lat' dir='ltr'><strong>usus&#39;</strong></span> <span class='ocrx_word' id='word_1_163' title='bbox 1531 1998 1571 2053; x_wconf 95' lang='lat' dir='ltr'><strong>i.</strong></span> <span class='ocrx_word' id='word_1_164' title='bbox 1619 2016 1667 2056; x_wconf 88' lang='lat' dir='ltr'><strong>e.</strong></span> <span class='ocrx_word' id='word_1_165' title='bbox 1701 1997 1857 2055; x_wconf 85' lang='lat' dir='ltr'><strong>varia</strong></span> <span class='ocrx_word' id='word_1_166' title='bbox 1904 2011 2056 2053; x_wconf 89' lang='lat' dir='ltr'><strong>com-</strong></span> 
     </span>
     <span class='ocr_line' id='line_1_21' title="bbox 242 2080 2054 2155; baseline -0.002 -16"><span class='ocrx_word' id='word_1_167' title='bbox 242 2097 459 2155; x_wconf 87' lang='lat' dir='ltr'><strong>ponens</strong></span> <span class='ocrx_word' id='word_1_168' title='bbox 494 2098 527 2137; x_wconf 92' lang='lat' dir='ltr'><strong>e</strong></span> <span class='ocrx_word' id='word_1_169' title='bbox 558 2081 844 2138; x_wconf 81' lang='lat' dir='ltr'><strong>veteribus</strong></span> <span class='ocrx_word' id='word_1_170' title='bbox 878 2082 1063 2154; x_wconf 82' lang='lat' dir='ltr'><strong>poetis</strong></span> <span class='ocrx_word' id='word_1_171' title='bbox 1103 2082 1420 2140; x_wconf 86' lang='lat' dir='ltr'><strong>testimonia</strong></span> <span class='ocrx_word' id='word_1_172' title='bbox 1460 2080 1761 2139; x_wconf 87' lang='lat' dir='ltr'><strong>Suetonius</strong></span> <span class='ocrx_word' id='word_1_173' title='bbox 1797 2080 2054 2151; x_wconf 82' lang='lat' dir='ltr'><strong>infertur,</strong></span> 
     </span>
     <span class='ocr_line' id='line_1_22' title="bbox 241 2163 2054 2241; baseline -0.001 -21"><span class='ocrx_word' id='word_1_174' title='bbox 241 2173 355 2221; x_wconf 72' lang='lat' dir='ltr'><strong>tum</strong></span> <span class='ocrx_word' id='word_1_175' title='bbox 392 2181 459 2221; x_wconf 86' lang='lat' dir='ltr'><strong>ea</strong></span> <span class='ocrx_word' id='word_1_176' title='bbox 484 2181 627 2237; x_wconf 87' lang='lat' dir='ltr'><strong>quae</strong></span> <span class='ocrx_word' id='word_1_177' title='bbox 659 2165 741 2220; x_wconf 89' lang='lat' dir='ltr'><strong>de</strong></span> <span class='ocrx_word' id='word_1_178' title='bbox 772 2164 814 2221; x_wconf 86' lang='lat' dir='ltr'><strong>R</strong></span> <span class='ocrx_word' id='word_1_179' title='bbox 832 2182 861 2221; x_wconf 90' lang='lat' dir='ltr'><strong>e</strong></span> <span class='ocrx_word' id='word_1_180' title='bbox 879 2165 1090 2241; x_wconf 81' lang='lat' dir='ltr'><strong>gibus</strong></span> <span class='ocrx_word' id='word_1_181' title='bbox 1119 2182 1173 2237; x_wconf 87' lang='lat' dir='ltr'><strong>p.</strong></span> <span class='ocrx_word' id='word_1_182' title='bbox 1205 2172 1323 2229; x_wconf 84' lang='lat'><strong>303,</strong></span> <span class='ocrx_word' id='word_1_183' title='bbox 1357 2172 1422 2227; x_wconf 83' lang='grc'><strong>27</strong></span> <span class='ocrx_word' id='word_1_184' title='bbox 1451 2165 1694 2237; x_wconf 85' lang='lat' dir='ltr'><strong>exempli</strong></span> <span class='ocrx_word' id='word_1_185' title='bbox 1725 2180 1892 2221; x_wconf 83' lang='lat' dir='ltr'><strong>causa</strong></span> <span class='ocrx_word' id='word_1_186' title='bbox 1917 2163 2054 2220; x_wconf 82' lang='lat' dir='ltr'><strong>affe-</strong></span> 
     </span>
     <span class='ocr_line' id='line_1_23' title="bbox 242 2247 2053 2321; baseline -0.001 -16"><span class='ocrx_word' id='word_1_187' title='bbox 242 2256 439 2305; x_wconf 81' lang='lat' dir='ltr'><strong>runtur</strong></span> <span class='ocrx_word' id='word_1_188' title='bbox 475 2265 671 2319; x_wconf 87' lang='lat' dir='ltr'><strong>regum</strong></span> <span class='ocrx_word' id='word_1_189' title='bbox 696 2247 915 2305; x_wconf 88' lang='lat' dir='ltr'><strong>nomina</strong></span> <span class='ocrx_word' id='word_1_190' title='bbox 947 2264 1211 2320; x_wconf 85' lang='lat' dir='ltr'><strong>nusquam</strong></span> <span class='ocrx_word' id='word_1_191' title='bbox 1248 2249 1383 2305; x_wconf 84' lang='lat' dir='ltr'><strong>alibi</strong></span> <span class='ocrx_word' id='word_1_192' title='bbox 1422 2248 1680 2321; x_wconf 88' lang='lat' dir='ltr'><strong>prodita,</strong></span> <span class='ocrx_word' id='word_1_193' title='bbox 1721 2247 2053 2304; x_wconf 79' lang='lat' dir='ltr'><strong>documento</strong></span> 
     </span>
     <span class='ocr_line' id='line_1_24' title="bbox 242 2330 2055 2405; baseline -0.002 -16"><span class='ocrx_word' id='word_1_194' title='bbox 242 2350 373 2389; x_wconf 86' lang='lat' dir='ltr'><strong>esse</strong></span> <span class='ocrx_word' id='word_1_195' title='bbox 410 2337 649 2404; x_wconf 82' lang='lat' dir='ltr'><strong>possunt</strong></span> <span class='ocrx_word' id='word_1_196' title='bbox 679 2348 839 2403; x_wconf 85' lang='lat' dir='ltr'><strong>quam</strong></span> <span class='ocrx_word' id='word_1_197' title='bbox 869 2332 1115 2389; x_wconf 85' lang='lat' dir='ltr'><strong>litterate</strong></span> <span class='ocrx_word' id='word_1_198' title='bbox 1147 2332 1366 2405; x_wconf 87' lang='lat' dir='ltr'><strong>peritus</strong></span> <span class='ocrx_word' id='word_1_199' title='bbox 1399 2338 1455 2387; x_wconf 98' lang='lat' dir='ltr'><strong>et</strong></span> <span class='ocrx_word' id='word_1_200' title='bbox 1484 2331 1652 2403; x_wconf 89' lang='lat' dir='ltr'><strong>patrii</strong></span> <span class='ocrx_word' id='word_1_201' title='bbox 1693 2330 1967 2387; x_wconf 85' lang='lat' dir='ltr'><strong>sermonis</strong></span> <span class='ocrx_word' id='word_1_202' title='bbox 1999 2336 2055 2385; x_wconf 91' lang='lat' dir='ltr'><strong>et</strong></span> 
     </span>
     <span class='ocr_line' id='line_1_25' title="bbox 240 2413 2052 2487; baseline -0.003 -14"><span class='ocrx_word' id='word_1_203' title='bbox 240 2416 519 2473; x_wconf 74' lang='lat' dir='ltr'><strong>historiae</strong></span> <span class='ocrx_word' id='word_1_204' title='bbox 550 2422 866 2472; x_wconf 86' lang='lat' dir='ltr'><strong>exterarum</strong></span> <span class='ocrx_word' id='word_1_205' title='bbox 896 2416 1143 2487; x_wconf 83' lang='lat' dir='ltr'><strong>gentium</strong></span> <span class='ocrx_word' id='word_1_206' title='bbox 1174 2415 1528 2487; x_wconf 86' lang='lat' dir='ltr'><strong>Tranquillus</strong></span> <span class='ocrx_word' id='word_1_207' title='bbox 1569 2413 1738 2470; x_wconf 89' lang='lat' dir='ltr'><strong>fuerit</strong></span> <span class='ocrx_word' id='word_1_208' title='bbox 1782 2428 2052 2484; x_wconf 86' lang='lat' dir='ltr'><strong>quamque</strong></span> 
     </span>
     <span class='ocr_line' id='line_1_26' title="bbox 239 2498 1878 2571; baseline -0.002 -17"><span class='ocrx_word' id='word_1_209' title='bbox 239 2515 473 2571; x_wconf 83' lang='lat' dir='ltr'><strong>gravem</strong></span> <span class='ocrx_word' id='word_1_210' title='bbox 508 2499 776 2555; x_wconf 87' lang='lat' dir='ltr'><strong>iacturam</strong></span> <span class='ocrx_word' id='word_1_211' title='bbox 805 2498 862 2554; x_wconf 87' lang='lat' dir='ltr'><strong>in</strong></span> <span class='ocrx_word' id='word_1_212' title='bbox 892 2498 1132 2571; x_wconf 89' lang='lat' dir='ltr'><strong>singulis</strong></span> <span class='ocrx_word' id='word_1_213' title='bbox 1162 2500 1284 2555; x_wconf 88' lang='lat' dir='ltr'><strong>eius</strong></span> <span class='ocrx_word' id='word_1_214' title='bbox 1316 2498 1529 2555; x_wconf 86' lang='lat' dir='ltr'><strong>libellis</strong></span> <span class='ocrx_word' id='word_1_215' title='bbox 1560 2498 1878 2554; x_wconf 76' lang='lat' dir='ltr'><strong>fecerimus.</strong></span> 
     </span>
    </p>

    <p class='ocr_par' dir='ltr' id='par_1_5' title="bbox 240 2582 2056 3140">
     <span class='ocr_line' id='line_1_27' title="bbox 364 2582 2051 2641; baseline 0 -3"><span class='ocrx_word' id='word_1_216' title='bbox 364 2584 410 2638; x_wconf 89' lang='lat' dir='ltr'>D</span> <span class='ocrx_word' id='word_1_217' title='bbox 429 2600 460 2637; x_wconf 93' lang='lat' dir='ltr'><strong>e</strong></span> <span class='ocrx_word' id='word_1_218' title='bbox 496 2582 634 2639; x_wconf 84' lang='lat' dir='ltr'><strong>Reb</strong></span> <span class='ocrx_word' id='word_1_219' title='bbox 653 2599 730 2639; x_wconf 84' lang='lat' dir='ltr'><strong>us</strong></span> <span class='ocrx_word' id='word_1_220' title='bbox 765 2600 843 2639; x_wconf 80' lang='lat' dir='ltr'><strong>va</strong></span> <span class='ocrx_word' id='word_1_221' title='bbox 860 2583 997 2639; x_wconf 87' lang='lat' dir='ltr'><strong>riis</strong></span> <span class='ocrx_word' id='word_1_222' title='bbox 1029 2584 1215 2641; x_wconf 85' lang='lat' dir='ltr'><strong>Ioeum</strong></span> <span class='ocrx_word' id='word_1_223' title='bbox 1238 2600 1268 2639; x_wconf 90' lang='lat' dir='ltr'><strong>a</strong></span> <span class='ocrx_word' id='word_1_224' title='bbox 1294 2582 1550 2640; x_wconf 77' lang='lat' dir='ltr'><strong>Chai-isio</strong></span> <span class='ocrx_word' id='word_1_225' title='bbox 1573 2587 1854 2639; x_wconf 86' lang='lat' dir='ltr'><strong>servatum</strong></span> <span class='ocrx_word' id='word_1_226' title='bbox 1878 2582 2051 2639; x_wconf 86' lang='lat' dir='ltr'><strong>libra-</strong></span> 
     </span>
     <span class='ocr_line' id='line_1_28' title="bbox 240 2664 2054 2740; baseline -0.002 -17"><span class='ocrx_word' id='word_1_227' title='bbox 240 2666 316 2723; x_wconf 91' lang='lat' dir='ltr'><strong>rii</strong></span> <span class='ocrx_word' id='word_1_228' title='bbox 370 2666 717 2737; x_wconf 79' lang='lat' dir='ltr'><strong>negligentia</strong></span> <span class='ocrx_word' id='word_1_229' title='bbox 776 2673 1096 2739; x_wconf 86' lang='lat' dir='ltr'><strong>corruptum</strong></span> <span class='ocrx_word' id='word_1_230' title='bbox 1147 2673 1309 2740; x_wconf 80' lang='lat' dir='ltr'><strong>puto:</strong></span> <span class='ocrx_word' id='word_1_231' title='bbox 1357 2666 1626 2723; x_wconf 86' lang='lat' dir='ltr'><strong>neminem</strong></span> <span class='ocrx_word' id='word_1_232' title='bbox 1669 2664 1814 2721; x_wconf 89' lang='lat' dir='ltr'><strong>enim</strong></span> <span class='ocrx_word' id='word_1_233' title='bbox 1856 2665 2054 2721; x_wconf 84' lang='lat' dir='ltr'><strong>latebit</strong></span> 
     </span>
     <span class='ocr_line' id='line_1_29' title="bbox 242 2748 2051 2823; baseline 0 -20"><span class='ocrx_word' id='word_1_234' title='bbox 242 2767 298 2823; x_wconf 87' lang='lat' dir='ltr'><strong>p.</strong></span> <span class='ocrx_word' id='word_1_235' title='bbox 329 2756 469 2819; x_wconf 78' lang='grc'><strong>303,</strong></span> <span class='ocrx_word' id='word_1_236' title='bbox 499 2755 567 2809; x_wconf 84' lang='grc'><strong>35</strong></span> <span class='ocrx_word' id='word_1_237' title='bbox 596 2750 654 2804; x_wconf 93' lang='lat' dir='ltr'><strong>in</strong></span> <span class='ocrx_word' id='word_1_238' title='bbox 686 2751 1072 2807; x_wconf 87' lang='lat' dir='ltr'><strong>enumerandis</strong></span> <span class='ocrx_word' id='word_1_239' title='bbox 1114 2751 1412 2806; x_wconf 86' lang='lat' dir='ltr'><strong>secundum</strong></span> <span class='ocrx_word' id='word_1_240' title='bbox 1447 2749 1754 2805; x_wconf 85' lang='lat' dir='ltr'><strong>litterarum</strong></span> <span class='ocrx_word' id='word_1_241' title='bbox 1801 2748 2051 2804; x_wconf 85' lang='lat' dir='ltr'><strong>ordinem</strong></span> 
     </span>
     <span class='ocr_line' id='line_1_30' title="bbox 244 2832 2052 2907; baseline -0.001 -19"><span class='ocrx_word' id='word_1_242' title='bbox 244 2832 763 2907; x_wconf 84' lang='lat' dir='ltr'><strong>praepositionibus</strong></span> <span class='ocrx_word' id='word_1_243' title='bbox 797 2835 987 2890; x_wconf 85' lang='lat' dir='ltr'><strong>turbas</strong></span> <span class='ocrx_word' id='word_1_244' title='bbox 1019 2834 1175 2891; x_wconf 87' lang='lat' dir='ltr'><strong>datas</strong></span> <span class='ocrx_word' id='word_1_245' title='bbox 1214 2850 1376 2903; x_wconf 87' lang='lat' dir='ltr'><strong>esse,</strong></span> <span class='ocrx_word' id='word_1_246' title='bbox 1421 2839 1476 2889; x_wconf 85' lang='lat' dir='ltr'><strong>et</strong></span> <span class='ocrx_word' id='word_1_247' title='bbox 1505 2832 1794 2889; x_wconf 84' lang='lat' dir='ltr'><strong>maximam</strong></span> <span class='ocrx_word' id='word_1_248' title='bbox 1837 2836 2052 2901; x_wconf 87' lang='lat' dir='ltr'><strong>partem</strong></span> 
     </span>
     <span class='ocr_line' id='line_1_31' title="bbox 244 2916 2056 2988; baseline -0.001 -17"><span class='ocrx_word' id='word_1_249' title='bbox 244 2916 365 2972; x_wconf 89' lang='lat' dir='ltr'><strong>eius</strong></span> <span class='ocrx_word' id='word_1_250' title='bbox 395 2932 639 2973; x_wconf 83' lang='lat' dir='ltr'><strong>summae</strong></span> <span class='ocrx_word' id='word_1_251' title='bbox 676 2933 817 2988; x_wconf 88' lang='lat' dir='ltr'><strong>quae</strong></span> <span class='ocrx_word' id='word_1_252' title='bbox 851 2917 1025 2973; x_wconf 87' lang='lat' dir='ltr'>XVIII</span> <span class='ocrx_word' id='word_1_253' title='bbox 1058 2916 1392 2973; x_wconf 82' lang='lat' dir='ltr'><strong>Graecarum</strong></span> <span class='ocrx_word' id='word_1_254' title='bbox 1435 2931 1718 2971; x_wconf 89' lang='lat' dir='ltr'><strong>numerum</strong></span> <span class='ocrx_word' id='word_1_255' title='bbox 1761 2920 2056 2986; x_wconf 79' lang='lat' dir='ltr'><strong>superaret</strong></span> 
     </span>
     <span class='ocr_line' id='line_1_32' title="bbox 242 2998 2052 3071; baseline -0.001 -17"><span class='ocrx_word' id='word_1_256' title='bbox 242 2999 639 3069; x_wconf 73' lang='lat' dir='ltr'><strong>interoidisse.¹</strong></span> <span class='ocrx_word' id='word_1_257' title='bbox 679 2998 811 3056; x_wconf 85' lang='lat' dir='ltr'><strong>Nam</strong></span> <span class='ocrx_word' id='word_1_258' title='bbox 844 3001 1245 3057; x_wconf 79' lang='lat' dir='ltr'><strong>restituendum</strong></span> <span class='ocrx_word' id='word_1_259' title='bbox 1286 3007 1373 3056; x_wconf 86' lang='lat' dir='ltr'><strong>est</strong></span> <span class='ocrx_word' id='word_1_260' title='bbox 1405 3000 1692 3071; x_wconf 80' lang='lat' dir='ltr'><strong>Graecae,</strong></span> <span class='ocrx_word' id='word_1_261' title='bbox 1737 2998 1886 3069; x_wconf 89' lang='lat' dir='ltr'><strong>quod</strong></span> <span class='ocrx_word' id='word_1_262' title='bbox 1928 3004 2052 3054; x_wconf 87' lang='lat' dir='ltr'><strong>ante</strong></span> 
     </span>
     <span class='ocr_line' id='line_1_33' title="bbox 242 3082 1706 3140; baseline -0.001 -1"><span class='ocrx_word' id='word_1_263' title='bbox 242 3082 484 3140; x_wconf 85' lang='lat' dir='ltr'><strong>Keilium</strong></span> <span class='ocrx_word' id='word_1_264' title='bbox 516 3084 801 3140; x_wconf 86' lang='lat' dir='ltr'><strong>edebatur.</strong></span> <span class='ocrx_word' id='word_1_265' title='bbox 1700 3086 1706 3091; x_wconf 83' lang='lat'>&#39;</span> 
     </span>
    </p>

    <p class='ocr_par' dir='ltr' id='par_1_6' title="bbox 241 3166 2054 3657">
     <span class='ocr_line' id='line_1_34' title="bbox 366 3166 2050 3239; baseline -0.002 -17"><span class='ocrx_word' id='word_1_266' title='bbox 366 3167 423 3225; x_wconf 91' lang='lat' dir='ltr'><strong>P.</strong></span> <span class='ocrx_word' id='word_1_267' title='bbox 452 3172 573 3236; x_wconf 76' lang='lat'><strong>304,</strong></span> <span class='ocrx_word' id='word_1_268' title='bbox 611 3172 644 3226; x_wconf 90' lang='grc'>6</span> <span class='ocrx_word' id='word_1_269' title='bbox 675 3167 730 3223; x_wconf 88' lang='lat' dir='ltr'><strong>in</strong></span> <span class='ocrx_word' id='word_1_270' title='bbox 762 3183 831 3225; x_wconf 89' lang='lat' dir='ltr'><strong>eo</strong></span> <span class='ocrx_word' id='word_1_271' title='bbox 868 3168 1017 3239; x_wconf 87' lang='lat' dir='ltr'><strong>quod</strong></span> <span class='ocrx_word' id='word_1_272' title='bbox 1052 3174 1139 3225; x_wconf 85' lang='lat' dir='ltr'><strong>est</strong></span> <span class='ocrx_word' id='word_1_273' title='bbox 1164 3170 1265 3223; x_wconf 80' lang='lat' dir='ltr'><strong>islo</strong></span> <span class='ocrx_word' id='word_1_274' title='bbox 1292 3168 1449 3222; x_wconf 83' lang='lat' dir='ltr'><strong>vilius</strong></span> <span class='ocrx_word' id='word_1_275' title='bbox 1479 3166 1710 3221; x_wconf 79' lang='lat' dir='ltr'><strong>hominis</strong></span> <span class='ocrx_word' id='word_1_276' title='bbox 1742 3167 1849 3221; x_wconf 83' lang='lat' dir='ltr'><strong>erit</strong></span> <span class='ocrx_word' id='word_1_277' title='bbox 1873 3179 2050 3219; x_wconf 84' lang='lat' dir='ltr'><strong>caena</strong></span> 
     </span>
     <span class='ocr_line' id='line_1_35' title="bbox 242 3250 2048 3323; baseline -0.003 -15"><span class='ocrx_word' id='word_1_278' title='bbox 242 3252 395 3308; x_wconf 88' lang='lat' dir='ltr'><strong>multi</strong></span> <span class='ocrx_word' id='word_1_279' title='bbox 429 3250 759 3308; x_wconf 87' lang='lat' dir='ltr'><strong>vocabulum</strong></span> <span class='ocrx_word' id='word_1_280' title='bbox 790 3251 1023 3307; x_wconf 74' lang='lat' dir='ltr'><strong>hominis</strong></span> <span class='ocrx_word' id='word_1_281' title='bbox 1054 3258 1374 3323; x_wconf 88' lang='lat' dir='ltr'><strong>corruptum</strong></span> <span class='ocrx_word' id='word_1_282' title='bbox 1405 3254 1770 3322; x_wconf 83' lang='lat' dir='ltr'><strong>putaverunt,</strong></span> <span class='ocrx_word' id='word_1_283' title='bbox 1805 3263 2048 3321; x_wconf 88' lang='lat' dir='ltr'><strong>repone-</strong></span> 
     </span>
     <span class='ocr_line' id='line_1_36' title="bbox 241 3332 2054 3409; baseline -0.002 -18"><span class='ocrx_word' id='word_1_284' title='bbox 241 3336 486 3409; x_wconf 82' lang='lat' dir='ltr'><strong>bantque</strong></span> <span class='ocrx_word' id='word_1_285' title='bbox 519 3334 677 3390; x_wconf 75' lang='lat' dir='ltr'><strong>hodie</strong></span> <span class='ocrx_word' id='word_1_286' title='bbox 708 3335 1032 3405; x_wconf 81' lang='lat' dir='ltr'><strong>Palmerius,</strong></span> <span class='ocrx_word' id='word_1_287' title='bbox 1068 3334 1225 3391; x_wconf 79' lang='lat' dir='ltr'><strong>hodie</strong></span> <span class='ocrx_word' id='word_1_288' title='bbox 1250 3334 1403 3390; x_wconf 79' lang='lat' dir='ltr'><strong>nobis</strong></span> <span class='ocrx_word' id='word_1_289' title='bbox 1436 3333 1817 3401; x_wconf 82' lang='lat' dir='ltr'><strong>Gasaubonus,</strong></span> <span class='ocrx_word' id='word_1_290' title='bbox 1847 3332 2054 3387; x_wconf 83' lang='lat' dir='ltr'><strong>domini</strong></span> 
     </span>
     <span class='ocr_line' id='line_1_37' title="bbox 243 3415 2047 3489; baseline -0.002 -14"><span class='ocrx_word' id='word_1_291' title='bbox 243 3417 585 3489; x_wconf 84' lang='lat' dir='ltr'><strong>Scriverius,</strong></span> <span class='ocrx_word' id='word_1_292' title='bbox 612 3417 752 3474; x_wconf 74' lang='lat' dir='ltr'><strong>haec</strong></span> <span class='ocrx_word' id='word_1_293' title='bbox 774 3419 907 3475; x_wconf 75' lang='lat' dir='ltr'><strong>mihi</strong></span> <span class='ocrx_word' id='word_1_294' title='bbox 932 3416 1275 3475; x_wconf 85' lang='lat' dir='ltr'><strong>Passeratius</strong></span> <span class='ocrx_word' id='word_1_295' title='bbox 1294 3458 1313 3488; x_wconf 95' lang='lat'><strong>,</strong></span> <span class='ocrx_word' id='word_1_296' title='bbox 1345 3416 1450 3473; x_wconf 74' lang='lat' dir='ltr'><strong>hoc</strong></span> <span class='ocrx_word' id='word_1_297' title='bbox 1481 3423 1562 3473; x_wconf 77' lang='lat' dir='ltr'><strong>est</strong></span> <span class='ocrx_word' id='word_1_298' title='bbox 1589 3415 1902 3481; x_wconf 88' lang='lat' dir='ltr'><strong>Bentleius;</strong></span> <span class='ocrx_word' id='word_1_299' title='bbox 1944 3415 2047 3472; x_wconf 86' lang='lat' dir='ltr'><strong>sed</strong></span> 
     </span>
     <span class='ocr_line' id='line_1_38' title="bbox 242 3498 2048 3574; baseline -0.002 -17"><span class='ocrx_word' id='word_1_300' title='bbox 242 3504 486 3561; x_wconf 85' lang='lat' dir='ltr'><strong>fortasse</strong></span> <span class='ocrx_word' id='word_1_301' title='bbox 517 3501 787 3559; x_wconf 85' lang='lat' dir='ltr'><strong>vicarium</strong></span> <span class='ocrx_word' id='word_1_302' title='bbox 830 3509 917 3559; x_wconf 87' lang='lat' dir='ltr'><strong>est</strong></span> <span class='ocrx_word' id='word_1_303' title='bbox 947 3500 1249 3559; x_wconf 87' lang='lat' dir='ltr'><strong>cuiuslibet</strong></span> <span class='ocrx_word' id='word_1_304' title='bbox 1278 3501 1516 3559; x_wconf 85' lang='lat' dir='ltr'><strong>nominis</strong></span> <span class='ocrx_word' id='word_1_305' title='bbox 1555 3500 1790 3574; x_wconf 89' lang='lat' dir='ltr'><strong>proprii.</strong></span> <span class='ocrx_word' id='word_1_306' title='bbox 1875 3498 2048 3572; x_wconf 88' lang='lat' dir='ltr'><strong>Equi-</strong></span> 
     </span>
     <span class='ocr_line' id='line_1_39' title="bbox 241 3584 1832 3657; baseline -0.003 -16"><span class='ocrx_word' id='word_1_307' title='bbox 241 3587 364 3642; x_wconf 86' lang='lat' dir='ltr'><strong>dem</strong></span> <span class='ocrx_word' id='word_1_308' title='bbox 396 3586 453 3642; x_wconf 94' lang='lat' dir='ltr'><strong>in</strong></span> <span class='ocrx_word' id='word_1_309' title='bbox 483 3584 823 3642; x_wconf 81' lang='lat' dir='ltr'><strong>soloecismo</strong></span> <span class='ocrx_word' id='word_1_310' title='bbox 852 3587 1009 3642; x_wconf 80' lang='lat' dir='ltr'><strong>vilius</strong></span> <span class='ocrx_word' id='word_1_311' title='bbox 1038 3587 1142 3640; x_wconf 81' lang='lat' dir='ltr'><strong>erit</strong></span> <span class='ocrx_word' id='word_1_312' title='bbox 1170 3598 1341 3640; x_wconf 77' lang='lat' dir='ltr'><strong>caena</strong></span> <span class='ocrx_word' id='word_1_313' title='bbox 1376 3584 1553 3657; x_wconf 89' lang='lat' dir='ltr'><strong>magis</strong></span> <span class='ocrx_word' id='word_1_314' title='bbox 1589 3584 1832 3641; x_wconf 78' lang='lat' dir='ltr'><strong>offendo.</strong></span> 
     </span>
    </p>
   </div>
  </div>
 </body>
</html>
