2700 4234
948 311 1159 362 nrvus
1192 311 1564 364 anumus.
2143 303 2263 365 155

250 478 427 530 tatem
457 471 745 547 integram
789 478 1125 547 ostentans,
1172 478 1395 529 mutare
1432 469 1683 531 habitum
1724 471 1960 549 saepius
2003 479 2063 531 et
2093 479 2266 549 prout
2373 513 2380 522 .

250 563 627 616 accusaretur
656 552 1176 631 defenderetnrve,
1210 555 1394 613 iussit.
1438 553 1528 614 De
1551 552 1798 634 quodam
1821 556 1994 614 etiam
2025 557 2263 632 negotio

252 640 331 698 ita
366 655 442 698 ex
472 637 687 697 tabella
730 638 1135 717 pronuntiasse
1168 637 1454 715 creditur,
1496 636 1832 698 secundum
1866 655 1976 698 eos
2013 655 2084 698 se
2123 655 2259 698 sen·

254 723 401 799 tire,
434 723 721 802 quicar-a
742 721 1237 800 proposuissent.
1277 721 1530 800 Propter
1555 738 1704 800 quae
1730 739 1914 800 usque
1937 738 2011 782 eo
2041 722 2261 798 eviluit,

202 820 236 860 ⁵
258 815 317 866 ut
368 807 581 886 passim
632 823 703 865 ac
740 805 1045 884 propa-lam
1082 806 1435 884 contemptui
1463 813 1640 865 esset.
1695 804 1999 865 Excusans
2035 805 2262 884 quidam

252 900 463 952 testem
490 907 524 949 e
552 891 856 969 provincia
878 888 950 949 ab
974 906 1049 949 eo
1072 897 1343 950 vocatum
1365 890 1605 966 negavit
1635 898 1870 967 praesto
1898 907 2032 950 esse
2057 907 2260 969 posse,

252 973 604 1035 dissimulata
634 972 729 1033 diu
762 991 963 1042 causa;
1000 991 1071 1033 ac
1100 981 1237 1052 post
1267 972 1478 1050 longas
1511 972 1734 1034 demum
1768 974 2262 1050 interrogationes

252 1058 539 1120 Mortuus
567 1063 690 1134 est,
720 1059 935 1136 inquit:
962 1061 1147 1135 puto,
1180 1055 1371 1117 licuit.
1415 1055 1583 1116 Alius
1610 1059 1829 1135 gratias
1859 1073 2070 1134 agens,
2107 1055 2263 1137 quod

254 1161 415 1203 reum
446 1140 679 1201 defendi
712 1149 1039 1220 pateretur,
1071 1139 1313 1200 adiecit:
1357 1138 1444 1200 Et
1474 1146 1676 1202 tamen
1701 1141 1844 1219 fieri
1879 1140 2053 1202 solet.
2113 1140 2261 1201 Illud

180 1241 235 1282 ιο
256 1243 489 1306 quoque
518 1242 551 1285 a
582 1223 895 1286 maioribus
922 1233 1059 1285 natu
1088 1223 1422 1301 audiebam,
1459 1224 1608 1285 adeo
1637 1224 1964 1286 causidicos
1987 1226 2264 1304 patientia

254 1313 381 1372 eius
422 1308 629 1370 solitos
678 1308 867 1386 abuti,
920 1317 982 1368 ut
1028 1307 1484 1369 descendentem
1524 1327 1559 1368 e
1605 1308 1873 1370 tribunali
1915 1326 2030 1369 non
2076 1308 2261 1368 solum

251 1411 405 1454 voce
433 1401 812 1470 revocarent,
844 1392 951 1453 scd
978 1401 1039 1452 et
1068 1392 1275 1453 lacinia
1302 1400 1483 1470 togae
1510 1401 1766 1469 retenta,
1800 1392 2081 1453 interdum
2109 1392 2261 1471 pede

254 1477 623 1558 apprehenso
640 1476 983 1538 detinerent.
1012 1476 1105 1537 Ac
1118 1494 1190 1536 ne
1207 1477 1299 1536 cui
1314 1475 1462 1536 haec
1473 1476 1616 1536 mira
1631 1478 1760 1553 sint,
1789 1477 2066 1554 litigatori
2082 1474 2259 1538 Grae·

257 1561 389 1622 culo
418 1578 535 1620 vox
549 1562 607 1620 in
622 1560 1003 1624 altercatione
1032 1559 1277 1621 excidit:
1313 1553 1448 1620 Καὶ
1470 1548 1558 1620 σύ
1581 1555 1800 1640 γέρων
1825 1553 2004 1622 εἶκαὶ
2016 1552 2258 1640 amoos.

182 1665 235 1706 ιτ,
253 1645 521 1724 Equitem
550 1645 777 1722 quidem
807 1645 1127 1705 Romanum
1157 1643 1540 1704 obscenitatis
1568 1644 1627 1703 in
1657 1643 1900 1705 feminas
1929 1661 2124 1720 reum,
2155 1643 2262 1703 sed

252 1729 407 1789 falso
444 1736 503 1787 et
532 1727 604 1787 ab
638 1728 1048 1808 impotentibus
1079 1729 1321 1788 inimicis
1356 1729 1609 1788 conficto
1640 1730 1909 1806 crimine,
1955 1730 2095 1788 satis
2124 1744 2260 1787 con-

254 1821 395 1888 stat,
442 1827 568 1870 cum
608 1821 803 1873 scorta
846 1813 1141 1872 meritoria
1182 1812 1345 1872 citari
1389 1811 1670 1872 adversus
1711 1830 1779 1872 se
1821 1821 1880 1872 et
1923 1811 2107 1872 audiri
2152 1827 2260 1890 pro

252 1896 585 1956 testimonio
611 1894 852 1972 videret,
880 1896 1184 1975 graphium
1209 1904 1268 1955 et
1286 1895 1542 1973 libellos,
1569 1913 1716 1975 quos
1735 1897 1970 1956 tenebat
1992 1897 2050 1956 in
2071 1913 2259 1972 manu,

252 1981 333 2040 ita
364 1996 490 2039 cum
519 1979 1034 2056 magna-stultitiae
1066 1989 1126 2040 et
1159 1981 1436 2040 saevitiae
1469 1979 1926 2059 exprobratione
1957 1980 2172 2040 iecisse
2202 1980 2260 2038 in

174 2075 236 2116 20
253 2064 464 2125 faciem
500 2064 653 2140 eius,
692 2071 753 2123 ut
780 2081 989 2141 genam
1020 2080 1135 2124 non
1168 2063 1380 2123 leviter
1410 2064 1833 2142 perstrinxerit.

379 2147 573 2210 Gessit
584 2156 644 2208 et
666 2165 967 2208 censuram
982 2191 999 2224 ,
1024 2147 1405 2208 intermissam
1423 2147 1516 2207 diu
1544 2155 1680 2226 post
1701 2148 1974 2208 Plancum
1995 2145 2256 2206 Paulum·
2279 2153 2345 2208 16

255 2249 369 2310 que
409 2247 723 2300 censores:
775 2231 881 2292 sed
922 2230 1070 2292 banc
1112 2246 1347 2310 quoque
1401 2230 1844 2310 inaequabiliter
1879 2232 2160 2309 varioque
2203 2237 2262 2288 et

254 2317 442 2376 animo
473 2324 533 2374 et
561 2322 793 2374 eventu.
859 2315 1290 2392 Recognitione
1322 2315 1575 2393 equitum
1607 2315 1874 2376 iuvenem
1904 2313 2104 2393 probri
2135 2313 2259 2391 ple·

253 2407 421 2474 num,
476 2397 581 2457 sed
631 2415 802 2476 quem
844 2407 1011 2476 pater
1051 2398 1518 2479 probatissimum
1564 2397 1676 2458 sibi
1721 2396 2076 2473 affirmabat,
2135 2398 2260 2455 sine

171 2501 233 2542 25
254 2481 570 2562 ignominia
592 2478 830 2557 dimisit,
861 2479 1090 2542 habere
1110 2483 1312 2543 dicens
1342 2499 1658 2543 censorem
1680 2500 1897 2554 suum‚·
1931 2480 2101 2542 alium
2131 2497 2260 2539 cor-

252 2564 498 2644 ruptelis
544 2564 957 2644 adulteriisque
1006 2565 1287 2627 famosum
1312 2567 1466 2626 nihil
1511 2567 1756 2646 amplius
1803 2585 1970 2646 quam
2023 2565 2258 2639 monuit,

252 2657 322 2710 ut
352 2655 465 2709 aut
480 2648 749 2727 parcius
779 2649 1096 2712 aetatulae
1128 2651 1477 2731 indulqeret
1504 2657 1615 2712 aut
1639 2658 1804 2712 certe
1833 2649 2077 2713 cautius
2091 2673 2120 2719 ‚·
2163 2646 2258 2707 ad-

254 2733 540 2811 diditque:
585 2730 801 2807 Quare
830 2734 987 2794 enim
1020 2752 1132 2815 eqo
1160 2734 1322 2809 scic,
1358 2751 1542 2813 quam
1573 2736 1838 2797 amicam
1866 2733 2148 2795 habeas?
2185 2729 2262 2792 Et

256 2833 417 2894 cum,
469 2818 763 2877 orantibus
806 2818 1214 2896 familiaribus,
1272 2818 1622 2898 dempsisset
1672 2819 1895 2879 cuidam
1936 2817 2262 2896 appositam

174 2916 233 2958 so
254 2911 477 2977 notam,
504 2897 726 2962 Littera
749 2908 982 2977 tamen,
1010 2901 1217 2982 inquit,
1251 2906 1453 2962 extet!
1478 2902 1853 2981 Splendidam
1875 2903 2057 2961 virum
2084 2898 2260 2962 Grae-

254 2987 498 3064 ciaeque
536 2987 876 3065 provinciae
918 2987 1271 3064 principem,
1320 3003 1524 3046 verum
1568 2986 1748 3046 Latini
1781 2985 2063 3046 sermonis
2099 2984 2259 3061 igna-

249 3087 405 3147 rum,
452 3086 569 3129 non
610 3069 785 3132 modo
829 3069 965 3130 albo
1011 3069 1259 3130 iudicum
1305 3071 1509 3147 erasit,
1559 3069 1750 3130 sedin
1787 3068 2261 3150 peregrinitatem

250 3153 501 3231 redegit.
538 3151 668 3214 Nec
699 3171 1043 3233 quemquam
1070 3154 1177 3214 nisi
1208 3171 1309 3214 sua
1338 3171 1510 3230 voce,
1539 3163 1845 3233 utcumque
1877 3154 2002 3232 quis
2033 3157 2260 3231 posset,

251 3253 322 3298 ac
350 3239 475 3297 sine
508 3246 755 3316 patrono
794 3240 1077 3298 rationem
1122 3239 1271 3298 vitae
1306 3255 1512 3316 passus
1558 3247 1650 3298 est
1691 3237 1959 3298 reddere.
2003 3235 2262 3298 Notavit·

177 3338 233 3379 ss
254 3338 367 3399 que
396 3321 640 3398 multos,
673 3330 732 3381 et
762 3321 1040 3400 quosdam
1067 3322 1417 3400 inopinantis
1445 3329 1508 3380 et
1536 3340 1611 3382 ex
1636 3341 1810 3384 causa
1835 3323 1974 3382 novi
1997 3322 2260 3400 generis,

252 3405 407 3483 quod
438 3423 505 3464 se
536 3405 721 3466 inscio
752 3423 826 3465 ac
859 3408 985 3466 sine
1029 3413 1350 3467 commeatu
1397 3405 1564 3467 Italia
1601 3408 2027 3477 excessissent;
2085 3423 2262 3488 quen·

250 3489 380 3548 dam
409 3506 555 3550 vero
589 3498 648 3549 et
680 3489 837 3568 quod
866 3506 1065 3550 comes
1093 3489 1255 3565 regis
1284 3489 1341 3548 in
1376 3491 1677 3568 provincia
1705 3491 1942 3568 fuisset,
1973 3489 2262 3563 referens,

249 3573 528 3633 maiorum
560 3573 919 3652 tempori-bus
958 3572 1197 3634 Rabirio
1229 3571 1539 3652 Postumo,
1588 3574 1980 3636 Ptolemaeum
2007 3573 2262 3634 Alexan-
