2700 4234
1094 319 1301 368 NERO.
2066 307 2187 372 173

209 474 407 550 floruit,
461 483 516 534 ut
573 484 867 535 emanaret
910 476 965 535 in
1017 474 1253 553 vulgus,
1309 477 1519 537 missos
1573 494 1605 536 a
1640 476 1951 539 Messalina
2002 496 2187 541 uxore

209 557 436 635 Claudii,
480 560 576 638 qui
633 577 761 618 eum
810 559 1236 636 meridiantem,
1290 562 1455 639 quasi
1511 559 1823 622 Britannici
1884 563 2185 640 aemulum,

205 642 628 719 strangulat-ent.
681 642 950 702 Additum
978 642 1232 719 fabulae,
1257 651 1314 703 at
1341 643 1582 703 eosdem
1612 645 1865 705 dracone
1893 664 1926 705 e
1946 645 2183 726 pulvino

203 744 260 787 se
290 725 622 804 proferente
657 728 1006 789 conterritos
1048 726 1361 804 refugisse.
1411 727 1572 803 Quae
1608 728 1803 791 fabula
1834 739 2041 790 exorta
2071 736 2183 807 est,
2286 780 2301 791 .

161 810 489 888 sdeprensis
527 811 586 869 in
622 810 780 871 lecto
817 813 940 871 eins
971 812 1186 872 circum
1235 811 1550 873 cervicalia
1592 814 1884 892 serpentis
1927 816 2181 883 exuviis3

199 910 330 973 quas
361 902 550 955 tamen
580 912 793 955 aureae
823 895 1084 956 armillae
1116 913 1191 953 ex
1215 894 1510 955 voluntate
1531 899 1730 958 matris
1762 896 2014 957 inclusas
2045 896 2183 957 dex-

197 987 278 1038 tro
307 976 542 1038 brachio
584 979 836 1055 gestavit
878 978 1233 1059 aliquandiu,
1281 996 1350 1039 ac
1394 978 1585 1039 taedio
1628 979 1855 1040 tandem
1888 989 2183 1041 maternae

195 1063 492 1121 memoriae
521 1061 764 1138 abiecit,
797 1080 1112 1142 rursusque
1143 1064 1415 1122 extremis
1458 1064 1577 1123 suis
1625 1065 1802 1124 rebus
1834 1064 2049 1125 frustra
2091 1083 2181 1124 re·

197 1146 396 1225 quisiit.

139 1247 180 1289 ιο
313 1230 504 1291 Tener
557 1230 744 1291 adhuc
795 1229 1038 1292 necdum
1079 1239 1298 1301 matura
1339 1232 1584 1310 pueritia
1638 1230 1995 1292 circensibus
2036 1231 2235 1291 ludis?

195 1313 414 1375 Troiam
444 1314 910 1375 constantissime
941 1313 1456 1393 favorabiliterque
1485 1315 1637 1376 lusit.
1684 1315 2003 1377 Undecimo
2030 1326 2182 1377 aeta-

194 1399 261 1457 tis
307 1415 452 1459 anno
501 1416 537 1458 a
588 1396 832 1459 Claudio
875 1398 1180 1478 adoptatus
1225 1408 1313 1459 est
1357 1398 1717 1478 Annaeoque
1770 1400 2035 1461 Senecae
2076 1400 2185 1461 iam

195 1490 318 1541 tunc
341 1482 600 1543 senatori
623 1483 680 1541 in
698 1481 1058 1561 disciplinam
1073 1483 1331 1544 traditus.
1358 1482 1598 1560 Ferunt,
1622 1483 1906 1543 Senecam
1921 1486 2185 1563 proxima

195 1574 356 1626 nocte
385 1568 576 1627 visum
607 1564 716 1626 sibi
748 1584 857 1645 per
877 1567 1129 1647 quietem
1153 1565 1218 1628 G.
1253 1564 1491 1627 Caesari
1523 1568 1896 1645 praecipere,
1926 1576 1986 1627 et
2014 1568 2185 1627 fidem

138 1668 180 1709 ιε
198 1652 406 1709 somnio
434 1650 601 1711 Nero
639 1648 804 1710 brevi
835 1650 1004 1728 fecit,
1055 1650 1281 1731 prodita
1322 1649 1670 1711 immanitate
1708 1658 1943 1709 naturae
1979 1650 2185 1728 quibus

196 1735 422 1812 primum
469 1734 658 1814 potuit
697 1735 1128 1812 experimentis.
1191 1733 1455 1811 Namque
1499 1732 1885 1809 Britannicum
1930 1732 2184 1810 fratrem,

197 1818 341 1895 quod
363 1836 426 1877 se
450 1826 592 1897 post
610 1817 978 1897 adoptionem
1002 1817 1103 1878 Ae
1120 1834 1206 1877 no
1224 1817 1260 1876 b
1276 1836 1309 1878 a
1325 1817 1407 1877 rb
1425 1835 1527 1877 um
1559 1835 1635 1878 ex
1660 1816 2073 1878 consuetudine
2096 1835 2184 1878 sa-

196 1900 448 1980 lutasset,
511 1909 571 1961 ut
621 1900 968 1961 subditivum
1017 1900 1167 1982 apud
1226 1910 1449 1980 patrem
1492 1918 1741 1979 arguere
1792 1910 2033 1962 conatus
2074 1910 2184 1961 est.

195 1984 426 2045 Amitam
455 1993 648 2045 autem
677 1984 950 2065 Lepidam
979 2004 1137 2047 ream
1166 1987 1496 2046 testimonio
1542 2002 1740 2046 coram
1783 1985 2015 2063 afflixit,
2054 2002 2185 2062 gra-

149 2069 412 2131 totiiicans
439 2071 644 2146 matri,
676 2088 709 2130 a
743 2088 854 2149 qua
886 2088 986 2131 rea
1019 2068 1406 2149 premebatur.

309 2152 611 2215 Deductus
643 2155 700 2212 in
728 2153 917 2213 forum
947 2154 1060 2214 tiro
1102 2153 1324 2233 populo
1370 2153 1757 2230 congiarium,
1802 2152 1962 2212 militi
2004 2151 2182 2212 dona·

194 2237 736 2317 tivum-proposuit,
783 2238 1110 2317 indictaque
1153 2237 1501 2298 decursione
1536 2236 1921 2315 praetorianis
1963 2244 2186 2295 scutum

195 2340 288 2382 sua
318 2340 487 2382 manu
525 2321 822 2400 praetulit;
876 2323 1008 2380 exin
1051 2321 1198 2401 patri
1229 2321 1449 2399 gratias
1482 2322 1539 2378 in
1573 2328 1777 2379 senatu
1808 2319 1951 2397 egit.
2015 2317 2188 2398 Apud

196 2405 424 2465 eundem
457 2405 764 2465 consulem
799 2421 905 2485 pro
933 2403 1395 2466 Bononiensibus
1427 2402 1657 2482 Latine,
1705 2421 1814 2482 pro
1843 2400 2065 2464 Rhodis
2105 2411 2186 2461 at-

135 2500 180 2543 25
199 2504 307 2565 que
339 2488 650 2550 Iliensibus
698 2487 922 2551 Graece
965 2487 1146 2549 verba
1191 2489 1351 2548 fecit.
1416 2487 1768 2567 Auspicatus
1810 2494 1899 2547 est
1946 2494 2004 2545 et
2046 2486 2187 2545 iuris

199 2570 500 2634 dictionem
527 2573 866 2653 praefectus
897 2571 1022 2633 urbi
1059 2589 1228 2635 sacro
1258 2571 1609 2651 Latinarum,
1658 2570 2052 2632 celeberrimis
2087 2588 2185 2649 pa-

198 2659 370 2716 tronis
397 2674 521 2719 non
555 2656 870 2717 tralaticias
901 2665 960 2717 ut
991 2657 1211 2717 assolet
1241 2665 1298 2716 et
1335 2657 1563 2732 breviS,
1611 2656 1717 2717 sed
1748 2655 2021 2717 maximas
2062 2654 2184 2734 plu·

196 2740 478 2819 rimasque
515 2740 938 2819 postulationes
970 2740 1229 2801 certatim
1261 2738 1689 2818 ingerentibus,
1724 2740 1985 2818 quamvis
2010 2740 2184 2797 inter·

198 2820 395 2884 dictum
431 2843 463 2885 a
508 2822 747 2885 Claudio
786 2833 964 2885 esset.
1019 2821 1146 2883 Nec
1177 2824 1355 2885 multo
1393 2831 1527 2903 post
1558 2822 1717 2883 duxit
1744 2839 1986 2882 uxorem
2018 2820 2186 2880 Octa-

135 2908 370 2983 soviam,
406 2907 704 2986 ediditque
744 2926 851 2987 pro
887 2906 1088 2968 Claudi
1125 2907 1310 2968 salute
1351 2909 1649 2967 circenses
1701 2913 1759 2966 et
1802 2906 2186 2965 venationem.

315 2991 744 3072 Septemdecim
786 3000 952 3052 natus
995 3008 1206 3068 annos,
1267 3000 1326 3051 ut
1366 2990 1438 3051 de
1472 2988 1711 3051 Claudio
1756 2989 1945 3069 palam
1979 2988 2189 3048 factum
2218 2998 2255 3055 8

197 3082 312 3152 est,
341 3076 495 3135 inter
521 3075 726 3135 horam
757 3084 978 3136 sextam
1011 3075 1427 3154 septimamque
1462 3074 1755 3152 processit
1787 3072 1857 3134 ad
1892 3068 2188 3132 excubito-

197 3177 318 3236 res,
349 3177 480 3220 cum
512 3158 588 3220 ob
621 3161 796 3219 totius
830 3159 944 3220 diei
973 3159 1255 3219 diritatem
1279 3175 1395 3218 non
1427 3157 1579 3217 aliud
1609 3156 2189 3236 auspicandi-tempus

198 3243 682 3304 accommodatius
717 3241 1036 3312 videi-etun
1092 3259 1315 3321 proque
1354 3240 1533 3303 Palati
1576 3239 1854 3319 gradibus
1876 3242 2191 3318 imperator

135 3327 616 3405 &consalutatum
662 3326 871 3388 lectica
906 3327 962 3385 in
997 3335 1187 3388 castra
1215 3335 1273 3387 et
1299 3324 1431 3385 inde
1464 3326 1670 3404 raptim
1702 3324 2013 3405 appellatis
2047 3323 2189 3382 mili-

198 3407 342 3470 tibus
374 3412 433 3469 in
467 3412 680 3471 curiam
713 3410 936 3471 delatus
972 3419 1090 3487 est,
1123 3410 1513 3489 discessitque
1546 3412 1657 3471 iam
1688 3408 1952 3488 vesperi,
1986 3426 2061 3467 ex
2090 3408 2187 3465 im-

196 3494 442 3571 mensis,
481 3493 686 3573 quibus
715 3493 1134 3571 cumulabatur,
1167 3492 1486 3553 honoribus
1514 3502 1726 3554 tantum
1756 3493 1934 3572 patris
1967 3490 2187 3569 patriae

199 3578 428 3637 nomine
466 3587 733 3639 recusato
768 3587 1010 3658 propter
1042 3585 1308 3639 aetatem.
