2700 4234
900 287 1111 340 mvus
1156 287 1542 342 aueusrus.
1975 353 1982 360 .
2135 279 2208 343 81

319 447 577 506 Sumenti
621 445 851 505 virilem
896 451 1096 521 togam
1138 446 1333 505 tunica
1365 445 1467 505 lati
1502 446 1682 524 clavi,
1727 455 1924 508 resuta
1955 465 2031 506 ex
2063 455 2215 508 utra·

197 548 307 610 que
342 538 541 608 parte,
592 529 666 590 ad
711 529 923 608 pedes
941 527 1173 588 decidit.
1236 527 1494 593 Fuerunt
1536 532 1632 608 qui
1675 532 2213 611 interpretarentur,

193 632 307 676 non
351 611 510 675 aliud
544 614 913 714 significare,
957 630 1127 691 quam
1152 621 1216 673 ιιι
1246 615 1297 672 is
1329 613 1476 674 ordo
1511 615 1674 674 cuius
1703 617 1932 694 insigne
1968 615 2027 675 id
2056 625 2215 676 esset

192 697 543 778 quandoque
576 700 632 758 ei
662 697 1042 762 subiceretur

146 803 172 844 5
302 782 487 862 Apud
526 777 801 845 Mundam
839 781 1033 846 Divus
1062 780 1271 858 Iulius,
1320 782 1530 843 castris
1569 783 1763 844 locum
1804 784 2044 863 capiens
2088 801 2216 844 cum

186 867 399 928 silvam
458 866 768 943 caederet,
820 866 1092 927 arborem
1147 865 1376 945 palmae
1415 876 1711 947 repertam
1764 868 2104 929 conservari
2154 876 2215 928 ut

186 969 361 1012 omen
406 952 694 1013 victoriae
735 951 929 1020 iussit;
976 968 1052 1010 ex
1094 967 1165 1010 ea
1194 951 1470 1011 continuo
1503 961 1672 1013 enata
1707 952 1949 1014 suboles
1978 952 2175 1013 adeo
2159 970 2215 1011 ιιι

187 1037 393 1116 paucis
425 1036 633 1096 diebus
660 1034 953 1111 adolevit,
996 1043 1058 1094 ut
1096 1051 1214 1094 non
1244 1035 1658 1115 aequiperaret
1685 1036 1861 1098 modo
1893 1036 2213 1115 matricem,

182 1139 389 1181 verum
455 1129 517 1180 et
574 1119 889 1198 obtegeret
948 1119 1538 1201 frequentareturque
1593 1120 1988 1182 columbarum
2040 1120 2211 1197 nidis,

120 1223 167 1264 ιο
187 1205 454 1284 quamvis
498 1203 557 1264 id
600 1205 788 1266 avium
832 1222 1019 1281 genus
1053 1203 1249 1264 duram
1284 1211 1342 1263 et
1373 1222 1643 1286 asperam
1671 1206 1937 1266 frondem
1965 1206 2212 1266 maxime

180 1291 347 1349 vitet.
410 1287 525 1350 Illo
558 1297 619 1348 et
660 1289 981 1368 praecipue
1014 1296 1247 1348 ostento
1278 1297 1494 1350 motum
1527 1289 1843 1352 Caesarem
1871 1292 2093 1367 ferunt,
2137 1309 2211 1350 ne

182 1391 356 1452 quem
387 1373 561 1434 alium
592 1373 704 1433 sibi
733 1371 1059 1433 succedere
1094 1389 1265 1450 quam
1296 1375 1520 1434 sororis
1551 1383 1827 1454 nepotem
1858 1375 2060 1436 vellet.

182 1509 187 1512 .
301 1457 369 1518 In
416 1473 666 1519 secessu
704 1457 1061 1536 Apolloniae
1096 1455 1434 1533 Theogenis
1477 1456 1864 1521 mathematici
1907 1458 2210 1559 pergulam

182 1544 394 1603 comite
424 1542 703 1622 Agrippa
748 1539 1125 1610 ascenderat;
1174 1558 1302 1600 cum
1332 1541 1674 1622 Agrippae,
1723 1545 1821 1622 qui
1865 1545 2024 1622 prior
2073 1543 2210 1603 con'·

121 1643 165 1684 15
184 1625 444 1704 sulebat,
466 1643 693 1725 ‚magna
728 1635 789 1686 et
816 1644 1005 1707 paene
1038 1622 1400 1686 incredibilia
1429 1627 1927 1705 praedicerentur,
1957 1628 2209 1687 reticere

180 1705 307 1789 ipse
340 1711 674 1789 genituram
704 1728 865 1771 suam
894 1727 1007 1770 nec
1038 1709 1204 1770 velle
1240 1710 1420 1772 edere
1451 1709 1908 1790 perseverabat,
1951 1719 2107 1770 metu
2139 1729 2210 1772 ac

180 1793 403 1875 pudore
436 1812 519 1854 ne
553 1795 739 1855 minor
768 1795 1143 1854 inveniretur.
1207 1794 1333 1869 Qua
1367 1804 1558 1859 tamen
1594 1804 1730 1875 post
1759 1794 1968 1856 multas
1998 1793 2210 1855 adhor-

180 1880 431 1940 tationes
459 1879 567 1939 vix
597 1887 658 1939 et
686 1881 1023 1939 cunctanter
1059 1878 1244 1955 edita,
1278 1879 1502 1939 exilivit
1534 1879 1888 1958 Theogenes
1923 1880 2208 1940 adoravit-

184 1981 295 2043 que
339 1981 493 2024 eum.
571 1962 810 2041 Tantam
849 1980 988 2024 mox
1039 1961 1303 2024 fiduciam
1355 1963 1460 2025 fati
1512 1963 1814 2042 Augustus
1864 1963 2094 2040 habuit,
2151 1971 2211 2022 ut

118 2062 166 2102 ιο
184 2047 371 2109 thema
415 2065 585 2109 suum
624 2047 956 2126 vulgaverit
996 2061 1395 2127 nummumque
1437 2057 1778 2126 argenteum
1820 2058 1956 2110 nota
2000 2047 2208 2109 sideris

184 2130 564 2214 Capricorni,
600 2149 717 2211 quo
747 2141 913 2193 natus
945 2141 1069 2210 est,
1102 2133 1481 2212 percusserit.
1711 2175 1716 2180 -

303 2217 445 2277 Post
474 2234 687 2277 necem
720 2215 995 2277 Caesaris
1024 2232 1271 2276 reverso
1306 2216 1379 2276 ab
1403 2215 1724 2297 Apollonia
1755 2224 1816 2275 et
1845 2215 2209 2293 ingrediente
2224 2225 2321 2280 95.

186 2319 254 2362 eo
296 2301 537 2379 urbem,
580 2311 824 2381 repente
866 2300 1084 2379 liquido
1129 2318 1200 2360 ac
1233 2317 1384 2380 puro
1428 2317 1640 2361 sereno
1675 2298 1930 2361 circulus
1971 2299 2042 2360 ad
2073 2316 2206 2377 spe-

189 2386 330 2445 ciem
372 2385 657 2447 caelestis
702 2404 873 2446 arcus
918 2385 1121 2444 orbem
1164 2385 1307 2446 solis
1353 2385 1580 2462 ambiit,
1633 2403 1704 2445 ac
1745 2381 1989 2447 subinde
2026 2381 2207 2442 Iuliae

123 2482 173 2523 ²⁵
190 2468 457 2531 Caesaris
509 2469 663 2531 filiae
697 2472 1103 2530 monimentum
1143 2469 1384 2529 fulmine
1427 2472 1601 2530 ictum
1631 2477 1740 2529 est.
1793 2469 1984 2530 Primo
2017 2475 2206 2528 autem

192 2555 490 2615 consulatu
542 2563 605 2615 et
642 2555 940 2632 augurium
981 2555 1240 2633 ,capienti
1273 2554 1578 2614 duodecim
1607 2572 1676 2614 se
1706 2553 1966 2613 vultures
1995 2560 2057 2612 ιιι
2089 2552 2206 2611 Ro-

190 2637 337 2699 mulo
374 2637 788 2716 ostenderunt,
830 2647 889 2698 et
924 2637 1239 2698 immolanti
1276 2638 1528 2698 omnium
1557 2639 1915 2698 victimarum
1945 2636 2208 2699 iocinera

192 2722 465 2800 replicata
488 2724 839 2784 intrinsecus
869 2721 984 2782 ab
966 2739 1077 2782 rma
1100 2721 1245 2782 libra
1268 2731 1606 2802 paruerunt,
1637 2723 1866 2782 nemine
1888 2721 2208 2800 peritorum

199 2803 360 2864 aliter
388 2808 715 2868 coiectante
746 2825 915 2886 quam
945 2807 1099 2866 laeta
1129 2824 1238 2885 per
1262 2807 1413 2867 haec
1444 2815 1502 2866 et
1531 2824 1740 2883 magna
1769 2802 2056 2886 portendi.

130 2909 181 2950 ³0
316 2888 462 2963 Quin
504 2900 566 2950 et
596 2890 887 2953 bellorum
922 2891 1171 2952 omnium
1203 2900 1449 2951 eventus
1477 2899 1610 2950 ante
1641 2889 1989 2968 praesensit.
2054 2885 2202 2949 Con·
2219 2902 2290 2958 96

198 2974 391 3033 tractis
418 2974 488 3034 ad
516 2974 837 3036 Bononiam
865 2975 1289 3034 triumvirorum
1322 2975 1546 3056 copiis,
1579 2974 1773 3052 aquila
1797 2972 2048 3033 tentorio
2082 2972 2205 3031 eius

198 3058 582 3133 supersedens
609 3059 757 3121 duos
788 3076 1001 3119 corvos
1029 3057 1163 3118 hinc
1192 3068 1253 3118 et
1282 3058 1414 3119 inde
1444 3059 1770 3118 infestantis
1803 3056 2010 3118 afflixit
2044 3064 2104 3116 et
2136 3053 2207 3116 ad

198 3147 404 3201 terram
432 3142 617 3214 dedit;
652 3152 890 3204 notante
920 3142 1073 3204 omni
1104 3144 1387 3220 exercitu,
1419 3142 1662 3203 futuram
1688 3140 2035 3222 quandoque
2059 3142 2208 3200 inter

204 3222 457 3302 collegas
491 3226 836 3288 discordiam
866 3227 1042 3288 talem
1075 3226 1263 3305 qualis
1295 3235 1498 3287 secuta
1527 3236 1648 3304 est,
1692 3235 1750 3287 et
1788 3227 2002 3287 exitum
2037 3242 2204 3304 prae-

137 3317 187 3362 as
206 3308 477 3382 sagiente.
524 3311 807 3393 Philippis
838 3309 1159 3372 Thessalus
1191 3309 1418 3390 quidam
1449 3311 1523 3372 de
1553 3311 1742 3372 futura
1773 3309 2019 3370 victoria
2065 3327 2203 3368 nun-

205 3387 356 3450 tiavit
395 3404 633 3457 auctore
663 3395 815 3458 Divo
846 3393 1141 3478 Caesare,
1186 3397 1345 3455 cuius
1391 3395 1503 3454 sibi
1542 3398 1780 3475 species
1823 3395 2032 3454 itinere
2075 3392 2191 3453 avi(

206 3478 561 3539 occurrisset.

327 3556 495 3622 Circa
524 3563 852 3641 Perusiam,
902 3564 1191 3624 sacrificio
1226 3580 1343 3625 non
1372 3562 1555 3624 litanti
1595 3582 1723 3624 cum
1755 3563 1960 3640 augeri
1988 3559 2206 3621 hostia»

227 3656 516 3706 suarourus.
1753 3647 1792 3707 6
