<?xml version="1.0" encoding="UTF-8"?>
<!DOCTYPE html PUBLIC "-//W3C//DTD XHTML 1.0 Transitional//EN"
    "http://www.w3.org/TR/xhtml1/DTD/xhtml1-transitional.dtd">
<html xmlns="http://www.w3.org/1999/xhtml" xml:lang="en" lang="en">
 <head>
  <title>
</title>
<meta http-equiv="Content-Type" content="text/html;charset=utf-8" />
  <meta name='ocr-system' content='tesseract 3.04.00' />
  <meta name='ocr-capabilities' content='ocr_page ocr_carea ocr_par ocr_line ocrx_word'/>
</head>
<body>
  <div class='ocr_page' id='page_1' title='image "./csuetonitranqui05rothgoog_0232.png"; bbox 0 0 2700 4234; ppageno 0'>
   <div class='ocr_carea' id='block_1_1' title="bbox 559 313 2487 380">
    <p class='ocr_par' dir='ltr' id='par_1_1' title="bbox 559 313 2487 380">
     <span class='ocr_line' id='line_1_1' title="bbox 559 313 2487 380; baseline -0.004 -6"><span class='ocrx_word' id='word_1_1' title='bbox 559 313 680 375; x_wconf 84' lang='lat'><strong>122</strong></span> <span class='ocrx_word' id='word_1_2' title='bbox 743 325 801 372; x_wconf 86' lang='lat' dir='ltr'><strong>e.</strong></span> <span class='ocrx_word' id='word_1_3' title='bbox 831 322 1133 371; x_wconf 73' lang='lat' dir='ltr'><strong>sumom</strong></span> <span class='ocrx_word' id='word_1_4' title='bbox 1163 321 1421 380; x_wconf 75' lang='lat' dir='ltr'><strong>TRANQ.</strong></span> <span class='ocrx_word' id='word_1_5' title='bbox 1452 321 1547 368; x_wconf 71' lang='lat' dir='ltr'><strong>ms</strong></span> <span class='ocrx_word' id='word_1_6' title='bbox 1575 319 1743 368; x_wconf 76' lang='lat' dir='ltr'><strong>vrrA</strong></span> <span class='ocrx_word' id='word_1_7' title='bbox 1776 318 2149 367; x_wconf 71' lang='lat' dir='ltr'><strong>cfflsAntm</strong></span> <span class='ocrx_word' id='word_1_8' title='bbox 2182 318 2323 366; x_wconf 77' lang='lat' dir='ltr'><strong>Lm.</strong></span> <span class='ocrx_word' id='word_1_9' title='bbox 2347 318 2487 366; x_wconf 87' lang='lat' dir='ltr'><strong>m1.</strong></span> 
     </span>
    </p>
   </div>
   <div class='ocr_carea' id='block_1_2' title="bbox 479 407 2660 3654">
    <p class='ocr_par' dir='ltr' id='par_1_2' title="bbox 479 407 2660 3654">
     <span class='ocr_line' id='line_1_2' title="bbox 557 407 2649 560; baseline -0.005 -20"><span class='ocrx_word' id='word_1_10' title='bbox 557 489 722 540; x_wconf 83' lang='lat' dir='ltr'><strong>natus</strong></span> <span class='ocrx_word' id='word_1_11' title='bbox 765 477 1110 539; x_wconf 76' lang='lat' dir='ltr'><strong>Germanico</strong></span> <span class='ocrx_word' id='word_1_12' title='bbox 1158 475 1308 536; x_wconf 79' lang='lat' dir='ltr'><strong>filius</strong></span> <span class='ocrx_word' id='word_1_13' title='bbox 1354 475 1549 536; x_wconf 86' lang='lat' dir='ltr'><strong>Tiburi</strong></span> <span class='ocrx_word' id='word_1_14' title='bbox 1588 474 1808 550; x_wconf 80' lang='lat' dir='ltr'><strong>fuerat,</strong></span> <span class='ocrx_word' id='word_1_15' title='bbox 1862 473 2197 553; x_wconf 82' lang='lat' dir='ltr'><strong>appellatus</strong></span> <span class='ocrx_word' id='word_1_16' title='bbox 2240 481 2299 533; x_wconf 90' lang='lat' dir='ltr'><strong>et</strong></span> <span class='ocrx_word' id='word_1_17' title='bbox 2328 473 2465 552; x_wconf 89' lang='lat' dir='ltr'><strong>ipse</strong></span> <span class='ocrx_word' id='word_1_18' title='bbox 2502 473 2562 534; x_wconf 87' lang='lat' dir='ltr'><strong>C.</strong></span> <span class='ocrx_word' id='word_1_19' title='bbox 2646 407 2649 560; x_wconf 50' lang='grc' dir='ltr'>ἵ</span> 
     </span>
     <span class='ocr_line' id='line_1_3' title="bbox 560 556 2648 638; baseline -0.004 -14"><span class='ocrx_word' id='word_1_20' title='bbox 560 562 808 631; x_wconf 71' lang='lat' dir='ltr'><strong>caesai-3</strong></span> <span class='ocrx_word' id='word_1_21' title='bbox 854 561 928 621; x_wconf 87' lang='lat' dir='ltr'><strong>de</strong></span> <span class='ocrx_word' id='word_1_22' title='bbox 969 563 1129 620; x_wconf 83' lang='lat' dir='ltr'><strong>cuius</strong></span> <span class='ocrx_word' id='word_1_23' title='bbox 1163 559 1392 620; x_wconf 75' lang='lat' dir='ltr'><strong>amabili</strong></span> <span class='ocrx_word' id='word_1_24' title='bbox 1439 559 1683 638; x_wconf 83' lang='lat' dir='ltr'><strong>pueritia</strong></span> <span class='ocrx_word' id='word_1_25' title='bbox 1725 559 2145 635; x_wconf 84' lang='lat' dir='ltr'><strong>immaturoque</strong></span> <span class='ocrx_word' id='word_1_26' title='bbox 2190 556 2349 616; x_wconf 88' lang='lat' dir='ltr'><strong>obitu</strong></span> <span class='ocrx_word' id='word_1_27' title='bbox 2393 575 2564 636; x_wconf 86' lang='lat' dir='ltr'><strong>supra</strong></span> <span class='ocrx_word' id='word_1_28' title='bbox 2646 565 2648 598; x_wconf 65' lang='lat'>⁹</span> 
     </span>
     <span class='ocr_line' id='line_1_4' title="bbox 557 639 2559 721; baseline -0.004 -13"><span class='ocrx_word' id='word_1_29' title='bbox 557 648 818 708; x_wconf 78' lang='lat' dir='ltr'>diximus.</span> <span class='ocrx_word' id='word_1_30' title='bbox 883 644 1123 705; x_wconf 88' lang='lat' dir='ltr'><strong>Plinium</strong></span> <span class='ocrx_word' id='word_1_31' title='bbox 1154 645 1348 721; x_wconf 87' lang='lat' dir='ltr'><strong>arguit</strong></span> <span class='ocrx_word' id='word_1_32' title='bbox 1386 644 1534 703; x_wconf 87' lang='lat' dir='ltr'><strong>ratio</strong></span> <span class='ocrx_word' id='word_1_33' title='bbox 1572 651 1921 720; x_wconf 79' lang='lat' dir='ltr'><strong>temporum.</strong></span> <span class='ocrx_word' id='word_1_34' title='bbox 1982 639 2133 700; x_wconf 79' lang='lat' dir='ltr'><strong>Nam</strong></span> <span class='ocrx_word' id='word_1_35' title='bbox 2175 641 2271 719; x_wconf 86' lang='lat' dir='ltr'><strong>qui</strong></span> <span class='ocrx_word' id='word_1_36' title='bbox 2313 657 2415 700; x_wconf 85' lang='lat' dir='ltr'><strong>res</strong></span> <span class='ocrx_word' id='word_1_37' title='bbox 2448 641 2559 700; x_wconf 92' lang='lat' dir='ltr'><strong>Au-</strong></span> 
     </span>
     <span class='ocr_line' id='line_1_5' title="bbox 557 723 2563 810; baseline -0.004 -19"><span class='ocrx_word' id='word_1_38' title='bbox 557 732 712 810; x_wconf 87' lang='lat' dir='ltr'><strong>gusti</strong></span> <span class='ocrx_word' id='word_1_39' title='bbox 749 729 1062 790; x_wconf 81' lang='lat' dir='ltr'>memoriae</span> <span class='ocrx_word' id='word_1_40' title='bbox 1102 727 1454 804; x_wconf 87' lang='lat' dir='ltr'><strong>mandarunt,</strong></span> <span class='ocrx_word' id='word_1_41' title='bbox 1497 724 1895 786; x_wconf 85' lang='lat' dir='ltr'><strong>Germanicum</strong></span> <span class='ocrx_word' id='word_1_42' title='bbox 1928 733 2143 786; x_wconf 84' lang='lat' dir='ltr'><strong>exacto</strong></span> <span class='ocrx_word' id='word_1_43' title='bbox 2174 723 2483 784; x_wconf 70' lang='lat' dir='ltr'><strong>consulatu</strong></span> <span class='ocrx_word' id='word_1_44' title='bbox 2512 726 2563 783; x_wconf 89' lang='lat' dir='ltr'><strong>in</strong></span> 
     </span>
     <span class='ocr_line' id='line_1_6' title="bbox 525 806 2650 887; baseline -0.004 -11"><span class='ocrx_word' id='word_1_45' title='bbox 525 815 799 877; x_wconf 78' lang='lat' dir='ltr'><strong>&#39;Galliam</strong></span> <span class='ocrx_word' id='word_1_46' title='bbox 828 814 1058 871; x_wconf 82' lang='lat' dir='ltr'><strong>missum</strong></span> <span class='ocrx_word' id='word_1_47' title='bbox 1091 813 1472 886; x_wconf 88' lang='lat' dir='ltr'><strong>consentiunt,</strong></span> <span class='ocrx_word' id='word_1_48' title='bbox 1494 812 1606 870; x_wconf 89' lang='lat' dir='ltr'><strong>iam</strong></span> <span class='ocrx_word' id='word_1_49' title='bbox 1633 819 1771 870; x_wconf 86' lang='lat' dir='ltr'><strong>nato</strong></span> <span class='ocrx_word' id='word_1_50' title='bbox 1798 808 1963 869; x_wconf 87' lang='lat' dir='ltr'><strong>Gaio.</strong></span> <span class='ocrx_word' id='word_1_51' title='bbox 1995 806 2126 868; x_wconf 89' lang='lat' dir='ltr'><strong>Nec</strong></span> <span class='ocrx_word' id='word_1_52' title='bbox 2160 808 2307 868; x_wconf 82' lang='lat' dir='ltr'>Plini</span> <span class='ocrx_word' id='word_1_53' title='bbox 2342 810 2593 887; x_wconf 81' lang='lat' dir='ltr'><strong>opinio-5</strong></span> <span class='ocrx_word' id='word_1_54' title='bbox 2648 851 2650 868; x_wconf 74' lang='grc'>,</span> 
     </span>
     <span class='ocr_line' id='line_1_7' title="bbox 559 890 2559 974; baseline -0.005 -15"><span class='ocrx_word' id='word_1_55' title='bbox 559 916 690 959; x_wconf 89' lang='lat' dir='ltr'><strong>nem</strong></span> <span class='ocrx_word' id='word_1_56' title='bbox 717 896 1021 974; x_wconf 82' lang='lat' dir='ltr'><strong>inscriptio</strong></span> <span class='ocrx_word' id='word_1_57' title='bbox 1053 913 1188 954; x_wconf 84' lang='lat' dir='ltr'><strong>arae</strong></span> <span class='ocrx_word' id='word_1_58' title='bbox 1223 896 1531 973; x_wconf 84' lang='lat' dir='ltr'><strong>quicquam</strong></span> <span class='ocrx_word' id='word_1_59' title='bbox 1561 893 1875 970; x_wconf 83' lang='lat' dir='ltr'><strong>adiuverit,</strong></span> <span class='ocrx_word' id='word_1_60' title='bbox 1946 910 2074 951; x_wconf 88' lang='lat' dir='ltr'><strong>cum</strong></span> <span class='ocrx_word' id='word_1_61' title='bbox 2108 890 2445 972; x_wconf 83' lang='lat' dir='ltr'><strong>Agrippina</strong></span> <span class='ocrx_word' id='word_1_62' title='bbox 2478 891 2559 951; x_wconf 86' lang='lat' dir='ltr'><strong>bis</strong></span> 
     </span>
     <span class='ocr_line' id='line_1_8' title="bbox 559 976 2556 1056; baseline -0.004 -15"><span class='ocrx_word' id='word_1_63' title='bbox 559 984 617 1042; x_wconf 92' lang='lat' dir='ltr'><strong>in</strong></span> <span class='ocrx_word' id='word_1_64' title='bbox 659 999 729 1041; x_wconf 87' lang='lat' dir='ltr'><strong>ea</strong></span> <span class='ocrx_word' id='word_1_65' title='bbox 769 979 1018 1056; x_wconf 80' lang='lat' dir='ltr'><strong>regione</strong></span> <span class='ocrx_word' id='word_1_66' title='bbox 1060 979 1207 1038; x_wconf 85' lang='lat' dir='ltr'><strong>filias</strong></span> <span class='ocrx_word' id='word_1_67' title='bbox 1255 979 1425 1037; x_wconf 86' lang='lat' dir='ltr'><strong>enixa</strong></span> <span class='ocrx_word' id='word_1_68' title='bbox 1468 978 1577 1052; x_wconf 89' lang='lat' dir='ltr'><strong>sit,</strong></span> <span class='ocrx_word' id='word_1_69' title='bbox 1626 985 1687 1036; x_wconf 90' lang='lat' dir='ltr'><strong>et</strong></span> <span class='ocrx_word' id='word_1_70' title='bbox 1734 976 2169 1056; x_wconf 85' lang='lat' dir='ltr'><strong>qualiscumque</strong></span> <span class='ocrx_word' id='word_1_71' title='bbox 2205 985 2412 1055; x_wconf 90' lang='lat' dir='ltr'><strong>partus</strong></span> <span class='ocrx_word' id='word_1_72' title='bbox 2442 979 2556 1036; x_wconf 89' lang='lat' dir='ltr'><strong>sine</strong></span> 
     </span>
     <span class='ocr_line' id='line_1_9' title="bbox 558 1059 2652 1140; baseline -0.003 -15"><span class='ocrx_word' id='word_1_73' title='bbox 558 1062 680 1125; x_wconf 92' lang='lat' dir='ltr'><strong>ullo</strong></span> <span class='ocrx_word' id='word_1_74' title='bbox 710 1081 887 1124; x_wconf 87' lang='lat' dir='ltr'><strong>sexus</strong></span> <span class='ocrx_word' id='word_1_75' title='bbox 911 1061 1237 1122; x_wconf 80' lang='lat' dir='ltr'><strong>discrimine</strong></span> <span class='ocrx_word' id='word_1_76' title='bbox 1258 1062 1629 1140; x_wconf 81' lang='lat' dir='ltr'><strong>puerperium</strong></span> <span class='ocrx_word' id='word_1_77' title='bbox 1658 1070 1926 1136; x_wconf 82' lang='lat' dir='ltr'><strong>vocetur,</strong></span> <span class='ocrx_word' id='word_1_78' title='bbox 1960 1059 2118 1138; x_wconf 84' lang='lat' dir='ltr'><strong>quod</strong></span> <span class='ocrx_word' id='word_1_79' title='bbox 2148 1061 2368 1140; x_wconf 80' lang='lat' dir='ltr'><strong>antiqui</strong></span> <span class='ocrx_word' id='word_1_80' title='bbox 2399 1063 2557 1120; x_wconf 89' lang='lat' dir='ltr'><strong>etiam</strong></span> <span class='ocrx_word' id='word_1_81' title='bbox 2650 1137 2652 1140; x_wconf 10' lang='grc' dir='ltr'><em>Α</em></span> 
     </span>
     <span class='ocr_line' id='line_1_10' title="bbox 563 1143 2652 1227; baseline -0.003 -19"><span class='ocrx_word' id='word_1_82' title='bbox 563 1147 787 1227; x_wconf 84' lang='lat' dir='ltr'><strong>puellas</strong></span> <span class='ocrx_word' id='word_1_83' title='bbox 818 1161 1050 1225; x_wconf 84' lang='lat' dir='ltr'><strong>pueras,</strong></span> <span class='ocrx_word' id='word_1_84' title='bbox 1082 1146 1232 1205; x_wconf 85' lang='lat' dir='ltr'><strong>siout</strong></span> <span class='ocrx_word' id='word_1_85' title='bbox 1259 1152 1316 1203; x_wconf 83' lang='lat' dir='ltr'><strong>et</strong></span> <span class='ocrx_word' id='word_1_86' title='bbox 1356 1160 1574 1224; x_wconf 90' lang='lat' dir='ltr'><strong>pueros</strong></span> <span class='ocrx_word' id='word_1_87' title='bbox 1603 1143 1836 1222; x_wconf 87' lang='lat' dir='ltr'><strong>puellos</strong></span> <span class='ocrx_word' id='word_1_88' title='bbox 1862 1144 2212 1204; x_wconf 80' lang='lat' dir='ltr'><strong>dictitarent.</strong></span> <span class='ocrx_word' id='word_1_89' title='bbox 2286 1143 2467 1204; x_wconf 80' lang='lat' dir='ltr'><strong>Extat</strong></span> <span class='ocrx_word' id='word_1_90' title='bbox 2508 1152 2557 1203; x_wconf 87' lang='lat' dir='ltr'><strong>et</strong></span> <span class='ocrx_word' id='word_1_91' title='bbox 2650 1187 2652 1190; x_wconf 14' lang='grc' dir='ltr'><em>Α</em></span> 
     </span>
     <span class='ocr_line' id='line_1_11' title="bbox 561 1227 2607 1308; baseline -0.004 -18"><span class='ocrx_word' id='word_1_92' title='bbox 561 1231 809 1308; x_wconf 81' lang='lat' dir='ltr'><strong>Augusti</strong></span> <span class='ocrx_word' id='word_1_93' title='bbox 844 1229 1111 1307; x_wconf 82' lang='lat' dir='ltr'><strong>epistula,</strong></span> <span class='ocrx_word' id='word_1_94' title='bbox 1135 1236 1274 1289; x_wconf 75' lang='lat' dir='ltr'><strong>&#39;ante</strong></span> <span class='ocrx_word' id='word_1_95' title='bbox 1302 1245 1527 1307; x_wconf 85' lang='lat' dir='ltr'><strong>paucos</strong></span> <span class='ocrx_word' id='word_1_96' title='bbox 1558 1245 1729 1306; x_wconf 84' lang='lat' dir='ltr'><strong>quam</strong></span> <span class='ocrx_word' id='word_1_97' title='bbox 1757 1227 1949 1288; x_wconf 88' lang='lat' dir='ltr'><strong>obiret</strong></span> <span class='ocrx_word' id='word_1_98' title='bbox 1978 1244 2214 1286; x_wconf 87' lang='lat' dir='ltr'><strong>menses</strong></span> <span class='ocrx_word' id='word_1_99' title='bbox 2246 1227 2321 1288; x_wconf 88' lang='lat' dir='ltr'><strong>ad</strong></span> <span class='ocrx_word' id='word_1_100' title='bbox 2350 1227 2553 1306; x_wconf 86' lang='lat' dir='ltr'><strong>Agrip·</strong></span> <span class='ocrx_word' id='word_1_101' title='bbox 2572 1242 2607 1282; x_wconf 83' lang='grc' dir='ltr'><strong>ιο</strong></span> 
     </span>
     <span class='ocr_line' id='line_1_12' title="bbox 562 1311 2557 1392; baseline -0.002 -20"><span class='ocrx_word' id='word_1_102' title='bbox 562 1316 752 1392; x_wconf 88' lang='lat' dir='ltr'><strong>pinam</strong></span> <span class='ocrx_word' id='word_1_103' title='bbox 781 1311 1014 1390; x_wconf 80' lang='lat' dir='ltr'><strong>neptem</strong></span> <span class='ocrx_word' id='word_1_104' title='bbox 1041 1313 1120 1372; x_wconf 88' lang='lat' dir='ltr'><strong>ita</strong></span> <span class='ocrx_word' id='word_1_105' title='bbox 1149 1313 1369 1391; x_wconf 88' lang='lat' dir='ltr'><strong>scripta</strong></span> <span class='ocrx_word' id='word_1_106' title='bbox 1399 1312 1472 1371; x_wconf 92' lang='lat' dir='ltr'><strong>de</strong></span> <span class='ocrx_word' id='word_1_107' title='bbox 1504 1311 1647 1372; x_wconf 83' lang='lat' dir='ltr'><strong>Gaio</strong></span> <span class='ocrx_word' id='word_1_108' title='bbox 1679 1311 1797 1372; x_wconf 89' lang='lat' dir='ltr'><strong>hoc</strong></span> <span class='ocrx_word' id='word_1_109' title='bbox 1828 1313 2053 1392; x_wconf 85' lang='lat' dir='ltr'><strong>(neque</strong></span> <span class='ocrx_word' id='word_1_110' title='bbox 2082 1313 2234 1369; x_wconf 89' lang='lat' dir='ltr'><strong>enim</strong></span> <span class='ocrx_word' id='word_1_111' title='bbox 2267 1313 2557 1391; x_wconf 87' lang='lat' dir='ltr'><strong>quisquam</strong></span> 
     </span>
     <span class='ocr_line' id='line_1_13' title="bbox 559 1393 2654 1475; baseline -0.001 -19"><span class='ocrx_word' id='word_1_112' title='bbox 559 1399 671 1457; x_wconf 86' lang='lat' dir='ltr'><strong>iam</strong></span> <span class='ocrx_word' id='word_1_113' title='bbox 708 1397 854 1455; x_wconf 86' lang='lat' dir='ltr'><strong>alius</strong></span> <span class='ocrx_word' id='word_1_114' title='bbox 883 1395 1072 1454; x_wconf 81' lang='lat' dir='ltr'><strong>infans</strong></span> <span class='ocrx_word' id='word_1_115' title='bbox 1087 1397 1320 1455; x_wconf 83' lang='lat' dir='ltr'><strong>nomine</strong></span> <span class='ocrx_word' id='word_1_116' title='bbox 1351 1397 1477 1475; x_wconf 88' lang='lat' dir='ltr'><strong>pari</strong></span> <span class='ocrx_word' id='word_1_117' title='bbox 1502 1404 1637 1456; x_wconf 87' lang='lat' dir='ltr'><strong>tunc</strong></span> <span class='ocrx_word' id='word_1_118' title='bbox 1662 1394 2027 1474; x_wconf 66' lang='lat' dir='ltr'><strong>superes-att)</strong></span> <span class='ocrx_word' id='word_1_119' title='bbox 2053 1393 2325 1455; x_wconf 79' lang='lat' dir='ltr'><strong>Puerum</strong></span> <span class='ocrx_word' id='word_1_120' title='bbox 2348 1395 2556 1456; x_wconf 75' lang='lat' dir='ltr'><strong>Gaium</strong></span> <span class='ocrx_word' id='word_1_121' title='bbox 2652 1417 2654 1448; x_wconf 93' lang='lat'><strong>:</strong></span> 
     </span>
     <span class='ocr_line' id='line_1_14' title="bbox 562 1475 2554 1541; baseline -0.001 -1"><span class='ocrx_word' id='word_1_122' title='bbox 562 1477 695 1540; x_wconf 84' lang='lat' dir='ltr'><strong>XV.</strong></span> <span class='ocrx_word' id='word_1_123' title='bbox 733 1477 834 1540; x_wconf 83' lang='lat' dir='ltr'><strong>Kl.</strong></span> <span class='ocrx_word' id='word_1_124' title='bbox 872 1476 1010 1540; x_wconf 83' lang='lat' dir='ltr'><strong>Iun.</strong></span> <span class='ocrx_word' id='word_1_125' title='bbox 1044 1480 1103 1540; x_wconf 77' lang='lat' dir='ltr'><strong>si</strong></span> <span class='ocrx_word' id='word_1_126' title='bbox 1149 1479 1240 1540; x_wconf 77' lang='lat' dir='ltr'><strong>dii</strong></span> <span class='ocrx_word' id='word_1_127' title='bbox 1277 1481 1486 1541; x_wconf 76' lang='lat' dir='ltr'><strong>volent</strong></span> <span class='ocrx_word' id='word_1_128' title='bbox 1522 1485 1593 1540; x_wconf 80' lang='lat' dir='ltr'><strong>ut</strong></span> <span class='ocrx_word' id='word_1_129' title='bbox 1630 1478 1925 1539; x_wconf 79' lang='lat' dir='ltr'><strong>ducerent</strong></span> <span class='ocrx_word' id='word_1_130' title='bbox 1972 1475 2271 1539; x_wconf 77' lang='lat' dir='ltr'><strong>Talarius</strong></span> <span class='ocrx_word' id='word_1_131' title='bbox 2311 1487 2373 1540; x_wconf 83' lang='lat' dir='ltr'><strong>et</strong></span> <span class='ocrx_word' id='word_1_132' title='bbox 2402 1477 2554 1540; x_wconf 80' lang='lat' dir='ltr'><strong>Asil-</strong></span> 
     </span>
     <span class='ocr_line' id='line_1_15' title="bbox 561 1561 2557 1640; baseline -0.001 -16"><span class='ocrx_word' id='word_1_133' title='bbox 561 1564 684 1624; x_wconf 78' lang='lat' dir='ltr'><strong>lius</strong></span> <span class='ocrx_word' id='word_1_134' title='bbox 698 1609 714 1640; x_wconf 99' lang='lat'><strong>,</strong></span> <span class='ocrx_word' id='word_1_135' title='bbox 754 1563 889 1624; x_wconf 76' lang='lat' dir='ltr'><strong>heri</strong></span> <span class='ocrx_word' id='word_1_136' title='bbox 923 1582 1059 1624; x_wconf 80' lang='lat' dir='ltr'><strong>cum</strong></span> <span class='ocrx_word' id='word_1_137' title='bbox 1102 1563 1186 1624; x_wconf 72' lang='lat' dir='ltr'><strong>iis</strong></span> <span class='ocrx_word' id='word_1_138' title='bbox 1224 1562 1531 1624; x_wconf 73' lang='lat' dir='ltr'><strong>constitui.</strong></span> <span class='ocrx_word' id='word_1_139' title='bbox 1619 1561 1797 1623; x_wconf 74' lang='lat' dir='ltr'><strong>Mitto</strong></span> <span class='ocrx_word' id='word_1_140' title='bbox 1827 1568 2168 1640; x_wconf 78' lang='lat' dir='ltr'><strong>praeterea</strong></span> <span class='ocrx_word' id='word_1_141' title='bbox 2203 1581 2343 1624; x_wconf 79' lang='lat' dir='ltr'><strong>eum</strong></span> <span class='ocrx_word' id='word_1_142' title='bbox 2388 1581 2460 1624; x_wconf 89' lang='lat' dir='ltr'><strong>eo</strong></span> <span class='ocrx_word' id='word_1_143' title='bbox 2490 1581 2557 1622; x_wconf 73' lang='lat' dir='ltr'><strong>ex</strong></span> 
     </span>
     <span class='ocr_line' id='line_1_16' title="bbox 559 1645 2656 1726; baseline -0.002 -18"><span class='ocrx_word' id='word_1_144' title='bbox 559 1647 763 1708; x_wconf 80' lang='lat' dir='ltr'><strong>servis</strong></span> <span class='ocrx_word' id='word_1_145' title='bbox 788 1648 942 1708; x_wconf 77' lang='lat' dir='ltr'><strong>meis</strong></span> <span class='ocrx_word' id='word_1_146' title='bbox 976 1648 1296 1723; x_wconf 72' lang='lat' dir='ltr'><strong>medicum,</strong></span> <span class='ocrx_word' id='word_1_147' title='bbox 1329 1665 1504 1726; x_wconf 74' lang='lat' dir='ltr'><strong>quem</strong></span> <span class='ocrx_word' id='word_1_148' title='bbox 1541 1646 1775 1724; x_wconf 76' lang='lat' dir='ltr'><strong>scripsi</strong></span> <span class='ocrx_word' id='word_1_149' title='bbox 1802 1645 2171 1707; x_wconf 73' lang='lat' dir='ltr'><strong>Germanico</strong></span> <span class='ocrx_word' id='word_1_150' title='bbox 2198 1648 2258 1706; x_wconf 81' lang='lat' dir='ltr'><strong>si</strong></span> <span class='ocrx_word' id='word_1_151' title='bbox 2290 1647 2477 1708; x_wconf 76' lang='lat' dir='ltr'><strong>vellet</strong></span> <span class='ocrx_word' id='word_1_152' title='bbox 2500 1651 2561 1706; x_wconf 80' lang='lat' dir='ltr'><strong>ut</strong></span> <span class='ocrx_word' id='word_1_153' title='bbox 2576 1657 2607 1695; x_wconf 90' lang='lat'><strong>¹⁵</strong></span> <span class='ocrx_word' id='word_1_154' title='bbox 2654 1685 2656 1696; x_wconf 80' lang='lat'>·</span> 
     </span>
     <span class='ocr_line' id='line_1_17' title="bbox 561 1728 2563 1809; baseline -0.002 -17"><span class='ocrx_word' id='word_1_155' title='bbox 561 1732 871 1792; x_wconf 73' lang='lat' dir='ltr'><strong>retineret.</strong></span> <span class='ocrx_word' id='word_1_156' title='bbox 945 1729 1228 1806; x_wconf 79' lang='lat' dir='ltr'><strong>Valebis,</strong></span> <span class='ocrx_word' id='word_1_157' title='bbox 1275 1749 1415 1790; x_wconf 84' lang='lat' dir='ltr'><strong>mea</strong></span> <span class='ocrx_word' id='word_1_158' title='bbox 1450 1728 1834 1809; x_wconf 63' lang='lat' dir='ltr'><strong>Agrippina,</strong></span> <span class='ocrx_word' id='word_1_159' title='bbox 1876 1735 1935 1790; x_wconf 76' lang='lat' dir='ltr'><strong>et</strong></span> <span class='ocrx_word' id='word_1_160' title='bbox 1976 1728 2165 1790; x_wconf 68' lang='lat' dir='ltr'><strong>dabis</strong></span> <span class='ocrx_word' id='word_1_161' title='bbox 2200 1747 2465 1808; x_wconf 82' lang='lat' dir='ltr'><strong>operam</strong></span> <span class='ocrx_word' id='word_1_162' title='bbox 2503 1735 2563 1789; x_wconf 74' lang='lat' dir='ltr'><strong>ut</strong></span> 
     </span>
     <span class='ocr_line' id='line_1_18' title="bbox 559 1812 2557 1894; baseline -0.003 -18"><span class='ocrx_word' id='word_1_163' title='bbox 559 1816 782 1876; x_wconf 79' lang='lat' dir='ltr'><strong>valens</strong></span> <span class='ocrx_word' id='word_1_164' title='bbox 811 1815 1151 1892; x_wconf 72' lang='lat' dir='ltr'><strong>pervenias</strong></span> <span class='ocrx_word' id='word_1_165' title='bbox 1191 1814 1280 1874; x_wconf 79' lang='lat' dir='ltr'><strong>ad</strong></span> <span class='ocrx_word' id='word_1_166' title='bbox 1325 1813 1760 1874; x_wconf 72' lang='lat' dir='ltr'><strong>Germanicum</strong></span> <span class='ocrx_word' id='word_1_167' title='bbox 1805 1819 1989 1874; x_wconf 76' lang='lat' dir='ltr'><strong>tuam.</strong></span> <span class='ocrx_word' id='word_1_168' title='bbox 2059 1812 2309 1874; x_wconf 87' lang='lat' dir='ltr'><strong>Abunde</strong></span> <span class='ocrx_word' id='word_1_169' title='bbox 2352 1831 2557 1894; x_wconf 85' lang='lat' dir='ltr'><strong>parere</strong></span> 
     </span>
     <span class='ocr_line' id='line_1_19' title="bbox 563 1894 2658 1977; baseline -0.001 -19"><span class='ocrx_word' id='word_1_170' title='bbox 563 1897 849 1974; x_wconf 76' lang='lat' dir='ltr'><strong>arbitror,</strong></span> <span class='ocrx_word' id='word_1_171' title='bbox 892 1913 1010 1956; x_wconf 86' lang='lat' dir='ltr'><strong>non</strong></span> <span class='ocrx_word' id='word_1_172' title='bbox 1047 1900 1308 1975; x_wconf 88' lang='lat' dir='ltr'><strong>potuisse</strong></span> <span class='ocrx_word' id='word_1_173' title='bbox 1345 1897 1425 1956; x_wconf 91' lang='lat' dir='ltr'><strong>ihi</strong></span> <span class='ocrx_word' id='word_1_174' title='bbox 1473 1900 1635 1956; x_wconf 88' lang='lat' dir='ltr'><strong>nasci</strong></span> <span class='ocrx_word' id='word_1_175' title='bbox 1672 1896 1899 1974; x_wconf 86' lang='lat' dir='ltr'><strong>Gaium,</strong></span> <span class='ocrx_word' id='word_1_176' title='bbox 1947 1913 2063 1975; x_wconf 86' lang='lat' dir='ltr'><strong>quo</strong></span> <span class='ocrx_word' id='word_1_177' title='bbox 2097 1894 2287 1977; x_wconf 86' lang='lat' dir='ltr'><strong>prope</strong></span> <span class='ocrx_word' id='word_1_178' title='bbox 2318 1897 2558 1957; x_wconf 88' lang='lat' dir='ltr'><strong>bimulus</strong></span> <span class='ocrx_word' id='word_1_179' title='bbox 2656 1955 2658 1962; x_wconf 82' lang='grc'>,</span> 
     </span>
     <span class='ocr_line' id='line_1_20' title="bbox 565 1975 2658 2060; baseline -0.001 -19"><span class='ocrx_word' id='word_1_180' title='bbox 565 1981 788 2041; x_wconf 79' lang='lat' dir='ltr'><strong>demum</strong></span> <span class='ocrx_word' id='word_1_181' title='bbox 835 1979 1148 2057; x_wconf 88' lang='lat' dir='ltr'><strong>perductus</strong></span> <span class='ocrx_word' id='word_1_182' title='bbox 1189 1980 1262 2041; x_wconf 87' lang='lat' dir='ltr'><strong>ab</strong></span> <span class='ocrx_word' id='word_1_183' title='bbox 1299 1981 1443 2040; x_wconf 89' lang='lat' dir='ltr'><strong>urbe</strong></span> <span class='ocrx_word' id='word_1_184' title='bbox 1486 1981 1577 2039; x_wconf 90' lang='lat' dir='ltr'><strong>sit.</strong></span> <span class='ocrx_word' id='word_1_185' title='bbox 1643 1980 2082 2041; x_wconf 81' lang='lat' dir='ltr'><strong>versiculorum</strong></span> <span class='ocrx_word' id='word_1_186' title='bbox 2118 1999 2353 2060; x_wconf 87' lang='lat' dir='ltr'><strong>quoque</strong></span> <span class='ocrx_word' id='word_1_187' title='bbox 2399 1981 2558 2043; x_wconf 85' lang='lat' dir='ltr'><strong>fidem</strong></span> <span class='ocrx_word' id='word_1_188' title='bbox 2656 1975 2658 1986; x_wconf 58' lang='lat'><em>³</em></span> 
     </span>
     <span class='ocr_line' id='line_1_21' title="bbox 561 2062 2660 2160; baseline -0.003 -36"><span class='ocrx_word' id='word_1_189' title='bbox 561 2063 768 2124; x_wconf 88' lang='lat' dir='ltr'><strong>eadem</strong></span> <span class='ocrx_word' id='word_1_190' title='bbox 796 2062 944 2122; x_wconf 84' lang='lat' dir='ltr'><strong>haec</strong></span> <span class='ocrx_word' id='word_1_191' title='bbox 977 2063 1210 2124; x_wconf 83' lang='lat' dir='ltr'><strong>elevant</strong></span> <span class='ocrx_word' id='word_1_192' title='bbox 1245 2073 1306 2125; x_wconf 87' lang='lat' dir='ltr'><strong>et</strong></span> <span class='ocrx_word' id='word_1_193' title='bbox 1329 2081 1401 2125; x_wconf 90' lang='lat' dir='ltr'><strong>eo</strong></span> <span class='ocrx_word' id='word_1_194' title='bbox 1432 2063 1681 2141; x_wconf 81' lang='lat' dir='ltr'><strong>facilius,</strong></span> <span class='ocrx_word' id='word_1_195' title='bbox 1729 2064 1884 2144; x_wconf 86' lang='lat' dir='ltr'><strong>quod</strong></span> <span class='ocrx_word' id='word_1_196' title='bbox 1911 2067 1951 2124; x_wconf 89' lang='lat' dir='ltr'><strong>ii</strong></span> <span class='ocrx_word' id='word_1_197' title='bbox 1983 2068 2109 2125; x_wconf 89' lang='lat' dir='ltr'><strong>sine</strong></span> <span class='ocrx_word' id='word_1_198' title='bbox 2140 2074 2383 2126; x_wconf 85' lang='lat' dir='ltr'><strong>auctore</strong></span> <span class='ocrx_word' id='word_1_199' title='bbox 2418 2072 2609 2126; x_wconf 72' lang='lat' dir='ltr'><strong>suntw</strong></span> <span class='ocrx_word' id='word_1_200' title='bbox 2659 2102 2660 2160; x_wconf 31' lang='grc'>1</span> 
     </span>
     <span class='ocr_line' id='line_1_22' title="bbox 567 2145 2660 2228; baseline 0 -21"><span class='ocrx_word' id='word_1_201' title='bbox 567 2145 874 2226; x_wconf 81' lang='lat' dir='ltr'><strong>Sequenda</strong></span> <span class='ocrx_word' id='word_1_202' title='bbox 906 2157 996 2208; x_wconf 89' lang='lat' dir='ltr'><strong>est</strong></span> <span class='ocrx_word' id='word_1_203' title='bbox 1023 2149 1218 2227; x_wconf 81' lang='lat' dir='ltr'><strong>igitur,</strong></span> <span class='ocrx_word' id='word_1_204' title='bbox 1265 2166 1413 2227; x_wconf 86' lang='lat' dir='ltr'><strong>quae</strong></span> <span class='ocrx_word' id='word_1_205' title='bbox 1446 2147 1574 2208; x_wconf 83' lang='lat' dir='ltr'><strong>sola</strong></span> <span class='ocrx_word' id='word_1_206' title='bbox 1601 2156 1785 2209; x_wconf 86' lang='lat' dir='ltr'><strong>restat</strong></span> <span class='ocrx_word' id='word_1_207' title='bbox 1814 2148 2031 2228; x_wconf 79' lang='lat' dir='ltr'><strong>publici</strong></span> <span class='ocrx_word' id='word_1_208' title='bbox 2072 2150 2437 2210; x_wconf 83' lang='lat' dir='ltr'><strong>instrumenti</strong></span> <span class='ocrx_word' id='word_1_209' title='bbox 2472 2167 2557 2208; x_wconf 87' lang='lat' dir='ltr'><strong>au·</strong></span> <span class='ocrx_word' id='word_1_210' title='bbox 2659 2163 2660 2188; x_wconf 62' lang='lat'>¹</span> 
     </span>
     <span class='ocr_line' id='line_1_23' title="bbox 567 2231 2559 2314; baseline 0 -24"><span class='ocrx_word' id='word_1_211' title='bbox 567 2233 830 2308; x_wconf 83' lang='lat' dir='ltr'><strong>ctoritas,</strong></span> <span class='ocrx_word' id='word_1_212' title='bbox 853 2235 1198 2310; x_wconf 81' lang='lat' dir='ltr'><strong>praesertim</strong></span> <span class='ocrx_word' id='word_1_213' title='bbox 1229 2251 1358 2293; x_wconf 91' lang='lat' dir='ltr'><strong>cum</strong></span> <span class='ocrx_word' id='word_1_214' title='bbox 1385 2231 1557 2293; x_wconf 84' lang='lat' dir='ltr'><strong>Gaius</strong></span> <span class='ocrx_word' id='word_1_215' title='bbox 1579 2231 1833 2310; x_wconf 88' lang='lat' dir='ltr'><strong>Antium,</strong></span> <span class='ocrx_word' id='word_1_216' title='bbox 1864 2233 2125 2293; x_wconf 86' lang='lat' dir='ltr'><strong>omnibus</strong></span> <span class='ocrx_word' id='word_1_217' title='bbox 2152 2251 2391 2314; x_wconf 84' lang='lat' dir='ltr'><strong>semper</strong></span> <span class='ocrx_word' id='word_1_218' title='bbox 2422 2234 2559 2294; x_wconf 85' lang='lat' dir='ltr'><strong>locis</strong></span> 
     </span>
     <span class='ocr_line' id='line_1_24' title="bbox 565 2316 2561 2395; baseline -0.001 -19"><span class='ocrx_word' id='word_1_219' title='bbox 565 2325 739 2395; x_wconf 85' lang='lat' dir='ltr'><strong>atque</strong></span> <span class='ocrx_word' id='word_1_220' title='bbox 777 2316 1115 2376; x_wconf 84' lang='lat' dir='ltr'><strong>secessibus</strong></span> <span class='ocrx_word' id='word_1_221' title='bbox 1157 2317 1505 2395; x_wconf 87' lang='lat' dir='ltr'><strong>praelatum,</strong></span> <span class='ocrx_word' id='word_1_222' title='bbox 1553 2333 1668 2376; x_wconf 89' lang='lat' dir='ltr'><strong>non</strong></span> <span class='ocrx_word' id='word_1_223' title='bbox 1710 2316 1877 2376; x_wconf 89' lang='lat' dir='ltr'><strong>aliter</strong></span> <span class='ocrx_word' id='word_1_224' title='bbox 1922 2334 2092 2395; x_wconf 87' lang='lat' dir='ltr'><strong>quam</strong></span> <span class='ocrx_word' id='word_1_225' title='bbox 2130 2318 2324 2378; x_wconf 87' lang='lat' dir='ltr'><strong>natale</strong></span> <span class='ocrx_word' id='word_1_226' title='bbox 2381 2318 2561 2378; x_wconf 87' lang='lat' dir='ltr'><strong>solum</strong></span> 
     </span>
     <span class='ocr_line' id='line_1_25' title="bbox 521 2399 2555 2481; baseline 0 -21"><span class='ocrx_word' id='word_1_227' title='bbox 521 2430 528 2436; x_wconf 90' lang='lat'><strong>·</strong></span> <span class='ocrx_word' id='word_1_228' title='bbox 567 2399 837 2460; x_wconf 88' lang='lat' dir='ltr'><strong>dilexerit</strong></span> <span class='ocrx_word' id='word_1_229' title='bbox 864 2399 1233 2480; x_wconf 84' lang='lat' dir='ltr'><strong>tradaturque</strong></span> <span class='ocrx_word' id='word_1_230' title='bbox 1276 2401 1447 2462; x_wconf 86' lang='lat' dir='ltr'><strong>etiam</strong></span> <span class='ocrx_word' id='word_1_231' title='bbox 1477 2399 1678 2460; x_wconf 83' lang='lat' dir='ltr'><strong>sedem</strong></span> <span class='ocrx_word' id='word_1_232' title='bbox 1705 2418 1776 2461; x_wconf 89' lang='lat' dir='ltr'><strong>ac</strong></span> <span class='ocrx_word' id='word_1_233' title='bbox 1805 2400 2157 2461; x_wconf 80' lang='lat' dir='ltr'><strong>domicilium</strong></span> <span class='ocrx_word' id='word_1_234' title='bbox 2184 2402 2416 2481; x_wconf 89' lang='lat' dir='ltr'><strong>imperii</strong></span> <span class='ocrx_word' id='word_1_235' title='bbox 2443 2411 2555 2462; x_wconf 85' lang='lat' dir='ltr'><strong>tae·</strong></span> 
     </span>
     <span class='ocr_line' id='line_1_26' title="bbox 568 2481 2613 2544; baseline -0.001 -1"><span class='ocrx_word' id='word_1_236' title='bbox 568 2483 663 2543; x_wconf 91' lang='lat' dir='ltr'><strong>dio</strong></span> <span class='ocrx_word' id='word_1_237' title='bbox 693 2481 854 2542; x_wconf 88' lang='lat' dir='ltr'><strong>urbis</strong></span> <span class='ocrx_word' id='word_1_238' title='bbox 885 2484 1202 2544; x_wconf 81' lang='lat' dir='ltr'><strong>transferre</strong></span> <span class='ocrx_word' id='word_1_239' title='bbox 1240 2501 1312 2544; x_wconf 91' lang='lat' dir='ltr'><strong>eo</strong></span> <span class='ocrx_word' id='word_1_240' title='bbox 1345 2484 1690 2544; x_wconf 84' lang='lat' dir='ltr'><strong>destinasse.</strong></span> <span class='ocrx_word' id='word_1_241' title='bbox 2573 2501 2613 2540; x_wconf 79' lang='lat'><strong>25</strong></span> 
     </span>
     <span class='ocr_line' id='line_1_27' title="bbox 501 2564 2555 2650; baseline 0.001 -25"><span class='ocrx_word' id='word_1_242' title='bbox 501 2578 539 2632; x_wconf 82' lang='lat'><strong>9</strong></span> <span class='ocrx_word' id='word_1_243' title='bbox 693 2564 996 2642; x_wconf 80' lang='lat' dir='ltr'><strong>Caligulae</strong></span> <span class='ocrx_word' id='word_1_244' title='bbox 1027 2583 1351 2644; x_wconf 80' lang='lat' dir='ltr'><strong>cognomen</strong></span> <span class='ocrx_word' id='word_1_245' title='bbox 1378 2569 1659 2628; x_wconf 87' lang='lat' dir='ltr'><strong>castrensi</strong></span> <span class='ocrx_word' id='word_1_246' title='bbox 1691 2569 1825 2628; x_wconf 90' lang='lat' dir='ltr'><strong>ioco</strong></span> <span class='ocrx_word' id='word_1_247' title='bbox 1858 2570 2048 2646; x_wconf 84' lang='lat' dir='ltr'><strong>traxit,</strong></span> <span class='ocrx_word' id='word_1_248' title='bbox 2084 2569 2215 2648; x_wconf 84' lang='lat' dir='ltr'><strong>quia</strong></span> <span class='ocrx_word' id='word_1_249' title='bbox 2250 2569 2555 2650; x_wconf 85' lang='lat' dir='ltr'><strong>manipula·</strong></span> 
     </span>
     <span class='ocr_line' id='line_1_28' title="bbox 565 2648 2558 2732; baseline 0.002 -24"><span class='ocrx_word' id='word_1_250' title='bbox 565 2651 654 2709; x_wconf 92' lang='lat' dir='ltr'><strong>rio</strong></span> <span class='ocrx_word' id='word_1_251' title='bbox 686 2648 881 2709; x_wconf 80' lang='lat' dir='ltr'><strong>habitu</strong></span> <span class='ocrx_word' id='word_1_252' title='bbox 912 2651 1061 2710; x_wconf 81' lang='lat' dir='ltr'><strong>inter</strong></span> <span class='ocrx_word' id='word_1_253' title='bbox 1081 2650 1291 2711; x_wconf 79' lang='lat' dir='ltr'><strong>milites</strong></span> <span class='ocrx_word' id='word_1_254' title='bbox 1314 2650 1681 2712; x_wconf 87' lang='lat' dir='ltr'><strong>educabatur.</strong></span> <span class='ocrx_word' id='word_1_255' title='bbox 1725 2651 1897 2731; x_wconf 86' lang='lat' dir='ltr'><strong>Apud</strong></span> <span class='ocrx_word' id='word_1_256' title='bbox 1922 2669 2073 2730; x_wconf 87' lang='lat' dir='ltr'><strong>quos</strong></span> <span class='ocrx_word' id='word_1_257' title='bbox 2098 2660 2368 2732; x_wconf 86' lang='lat' dir='ltr'><strong>quantum</strong></span> <span class='ocrx_word' id='word_1_258' title='bbox 2396 2671 2558 2732; x_wconf 88' lang='lat' dir='ltr'><strong>prae·</strong></span> 
     </span>
     <span class='ocr_line' id='line_1_29' title="bbox 565 2734 2558 2814; baseline 0.002 -23"><span class='ocrx_word' id='word_1_259' title='bbox 565 2739 729 2792; x_wconf 84' lang='lat' dir='ltr'><strong>terea</strong></span> <span class='ocrx_word' id='word_1_260' title='bbox 762 2751 870 2812; x_wconf 87' lang='lat' dir='ltr'><strong>per</strong></span> <span class='ocrx_word' id='word_1_261' title='bbox 895 2734 1046 2794; x_wconf 87' lang='lat' dir='ltr'><strong>hanc</strong></span> <span class='ocrx_word' id='word_1_262' title='bbox 1079 2736 1549 2796; x_wconf 88' lang='lat' dir='ltr'><strong>nutrimentorum</strong></span> <span class='ocrx_word' id='word_1_263' title='bbox 1595 2735 2068 2814; x_wconf 82' lang='lat' dir='ltr'><strong>consuetudinem</strong></span> <span class='ocrx_word' id='word_1_264' title='bbox 2110 2753 2311 2796; x_wconf 88' lang='lat' dir='ltr'><strong>amore</strong></span> <span class='ocrx_word' id='word_1_265' title='bbox 2344 2746 2405 2798; x_wconf 87' lang='lat' dir='ltr'><strong>et</strong></span> <span class='ocrx_word' id='word_1_266' title='bbox 2433 2755 2558 2814; x_wconf 84' lang='lat' dir='ltr'><strong>gra·</strong></span> 
     </span>
     <span class='ocr_line' id='line_1_30' title="bbox 564 2817 2557 2899; baseline 0.002 -23"><span class='ocrx_word' id='word_1_267' title='bbox 564 2819 644 2877; x_wconf 89' lang='lat' dir='ltr'><strong>tia</strong></span> <span class='ocrx_word' id='word_1_268' title='bbox 672 2817 948 2896; x_wconf 85' lang='lat' dir='ltr'><strong>valuerit,</strong></span> <span class='ocrx_word' id='word_1_269' title='bbox 984 2822 1228 2880; x_wconf 81' lang='lat' dir='ltr'><strong>maxime</strong></span> <span class='ocrx_word' id='word_1_270' title='bbox 1261 2822 1554 2897; x_wconf 84' lang='lat' dir='ltr'><strong>cognitum</strong></span> <span class='ocrx_word' id='word_1_271' title='bbox 1580 2829 1671 2880; x_wconf 85' lang='lat' dir='ltr'><strong>est</strong></span> <span class='ocrx_word' id='word_1_272' title='bbox 1705 2837 1831 2881; x_wconf 90' lang='lat' dir='ltr'><strong>cum</strong></span> <span class='ocrx_word' id='word_1_273' title='bbox 1861 2828 1997 2899; x_wconf 89' lang='lat' dir='ltr'><strong>post</strong></span> <span class='ocrx_word' id='word_1_274' title='bbox 2024 2837 2333 2880; x_wconf 88' lang='lat' dir='ltr'><strong>excessum</strong></span> <span class='ocrx_word' id='word_1_275' title='bbox 2365 2820 2557 2897; x_wconf 88' lang='lat' dir='ltr'><strong>Augu·</strong></span> 
     </span>
     <span class='ocr_line' id='line_1_31' title="bbox 569 2901 2615 2983; baseline 0.001 -23"><span class='ocrx_word' id='word_1_276' title='bbox 569 2901 643 2960; x_wconf 88' lang='lat' dir='ltr'><strong>sti</strong></span> <span class='ocrx_word' id='word_1_277' title='bbox 668 2902 1058 2964; x_wconf 85' lang='lat' dir='ltr'><strong>tumultuantis</strong></span> <span class='ocrx_word' id='word_1_278' title='bbox 1081 2913 1138 2964; x_wconf 81' lang='lat' dir='ltr'><strong>et</strong></span> <span class='ocrx_word' id='word_1_279' title='bbox 1165 2905 1221 2965; x_wconf 91' lang='lat' dir='ltr'><strong>in</strong></span> <span class='ocrx_word' id='word_1_280' title='bbox 1247 2904 1503 2965; x_wconf 83' lang='lat' dir='ltr'><strong>furorem</strong></span> <span class='ocrx_word' id='word_1_281' title='bbox 1529 2921 1714 2982; x_wconf 84' lang='lat' dir='ltr'><strong>usque</strong></span> <span class='ocrx_word' id='word_1_282' title='bbox 1744 2905 2099 2983; x_wconf 86' lang='lat' dir='ltr'><strong>praecipites</strong></span> <span class='ocrx_word' id='word_1_283' title='bbox 2124 2905 2288 2964; x_wconf 87' lang='lat' dir='ltr'><strong>solus</strong></span> <span class='ocrx_word' id='word_1_284' title='bbox 2310 2905 2447 2965; x_wconf 90' lang='lat' dir='ltr'><strong>haut</strong></span> <span class='ocrx_word' id='word_1_285' title='bbox 2468 2903 2557 2964; x_wconf 88' lang='lat' dir='ltr'><strong>du·</strong></span> <span class='ocrx_word' id='word_1_286' title='bbox 2573 2911 2615 2955; x_wconf 81' lang='lat'><strong>³⁰</strong></span> 
     </span>
     <span class='ocr_line' id='line_1_32' title="bbox 568 2985 2559 3069; baseline -0.001 -24"><span class='ocrx_word' id='word_1_287' title='bbox 568 2985 665 3045; x_wconf 89' lang='lat' dir='ltr'><strong>bie</strong></span> <span class='ocrx_word' id='word_1_288' title='bbox 699 2993 758 3046; x_wconf 90' lang='lat' dir='ltr'><strong>et</strong></span> <span class='ocrx_word' id='word_1_289' title='bbox 791 2996 1113 3066; x_wconf 85' lang='lat' dir='ltr'><strong>conspectu</strong></span> <span class='ocrx_word' id='word_1_290' title='bbox 1141 3006 1249 3048; x_wconf 84' lang='lat' dir='ltr'><strong>suo</strong></span> <span class='ocrx_word' id='word_1_291' title='bbox 1280 2989 1462 3048; x_wconf 86' lang='lat' dir='ltr'><strong>flexit.</strong></span> <span class='ocrx_word' id='word_1_292' title='bbox 1491 2985 1624 3047; x_wconf 88' lang='lat' dir='ltr'><strong>Non</strong></span> <span class='ocrx_word' id='word_1_293' title='bbox 1654 2989 1805 3047; x_wconf 90' lang='lat' dir='ltr'><strong>enim</strong></span> <span class='ocrx_word' id='word_1_294' title='bbox 1828 2990 1989 3066; x_wconf 89' lang='lat' dir='ltr'><strong>prius</strong></span> <span class='ocrx_word' id='word_1_295' title='bbox 2013 2987 2376 3066; x_wconf 86' lang='lat' dir='ltr'><strong>destiterunt,</strong></span> <span class='ocrx_word' id='word_1_296' title='bbox 2399 3003 2559 3069; x_wconf 85' lang='lat' dir='ltr'><strong>quam</strong></span> 
     </span>
     <span class='ocr_line' id='line_1_33' title="bbox 569 3069 2558 3150; baseline 0 -20"><span class='ocrx_word' id='word_1_297' title='bbox 569 3069 831 3148; x_wconf 87' lang='lat' dir='ltr'><strong>ablegari</strong></span> <span class='ocrx_word' id='word_1_298' title='bbox 868 3088 996 3131; x_wconf 90' lang='lat' dir='ltr'><strong>eum</strong></span> <span class='ocrx_word' id='word_1_299' title='bbox 1039 3073 1114 3133; x_wconf 90' lang='lat' dir='ltr'><strong>ob</strong></span> <span class='ocrx_word' id='word_1_300' title='bbox 1145 3073 1446 3132; x_wconf 86' lang='lat' dir='ltr'><strong>seditionis</strong></span> <span class='ocrx_word' id='word_1_301' title='bbox 1478 3071 1802 3150; x_wconf 89' lang='lat' dir='ltr'><strong>periculum</strong></span> <span class='ocrx_word' id='word_1_302' title='bbox 1830 3081 1889 3132; x_wconf 89' lang='lat' dir='ltr'><strong>et</strong></span> <span class='ocrx_word' id='word_1_303' title='bbox 1921 3073 1978 3131; x_wconf 89' lang='lat' dir='ltr'><strong>in</strong></span> <span class='ocrx_word' id='word_1_304' title='bbox 2013 3073 2338 3150; x_wconf 85' lang='lat' dir='ltr'><strong>proximam</strong></span> <span class='ocrx_word' id='word_1_305' title='bbox 2370 3075 2558 3133; x_wconf 82' lang='lat' dir='ltr'><strong>civita·</strong></span> 
     </span>
     <span class='ocr_line' id='line_1_34' title="bbox 568 3154 2557 3236; baseline 0 -24"><span class='ocrx_word' id='word_1_306' title='bbox 568 3163 685 3213; x_wconf 86' lang='lat' dir='ltr'><strong>tem</strong></span> <span class='ocrx_word' id='word_1_307' title='bbox 729 3154 1060 3216; x_wconf 89' lang='lat' dir='ltr'><strong>demandari</strong></span> <span class='ocrx_word' id='word_1_308' title='bbox 1101 3155 1666 3225; x_wconf 79' lang='lat' dir='ltr'><strong>animadvertissent3</strong></span> <span class='ocrx_word' id='word_1_309' title='bbox 1715 3164 1851 3215; x_wconf 88' lang='lat' dir='ltr'><strong>tunc</strong></span> <span class='ocrx_word' id='word_1_310' title='bbox 1897 3154 2121 3215; x_wconf 89' lang='lat' dir='ltr'><strong>demum</strong></span> <span class='ocrx_word' id='word_1_311' title='bbox 2156 3155 2228 3216; x_wconf 86' lang='lat' dir='ltr'><strong>ad</strong></span> <span class='ocrx_word' id='word_1_312' title='bbox 2268 3157 2557 3236; x_wconf 90' lang='lat' dir='ltr'><strong>paeniten-</strong></span> 
     </span>
     <span class='ocr_line' id='line_1_35' title="bbox 479 3236 2558 3319; baseline -0 -24"><span class='ocrx_word' id='word_1_313' title='bbox 479 3279 498 3296; x_wconf 92' lang='lat'><em>.</em></span> <span class='ocrx_word' id='word_1_314' title='bbox 569 3238 702 3296; x_wconf 84' lang='lat' dir='ltr'><strong>tiam</strong></span> <span class='ocrx_word' id='word_1_315' title='bbox 732 3241 888 3298; x_wconf 83' lang='lat' dir='ltr'><strong>versi</strong></span> <span class='ocrx_word' id='word_1_316' title='bbox 931 3257 1218 3318; x_wconf 79' lang='lat' dir='ltr'><strong>reprenso</strong></span> <span class='ocrx_word' id='word_1_317' title='bbox 1249 3257 1319 3300; x_wconf 90' lang='lat' dir='ltr'><strong>ac</strong></span> <span class='ocrx_word' id='word_1_318' title='bbox 1353 3247 1583 3299; x_wconf 86' lang='lat' dir='ltr'><strong>retento</strong></span> <span class='ocrx_word' id='word_1_319' title='bbox 1615 3239 1925 3314; x_wconf 84' lang='lat' dir='ltr'><strong>vehiculo,</strong></span> <span class='ocrx_word' id='word_1_320' title='bbox 1958 3239 2228 3299; x_wconf 84' lang='lat' dir='ltr'><strong>invidiam</strong></span> <span class='ocrx_word' id='word_1_321' title='bbox 2260 3256 2415 3319; x_wconf 79' lang='lat' dir='ltr'><strong>quae</strong></span> <span class='ocrx_word' id='word_1_322' title='bbox 2454 3236 2558 3297; x_wconf 88' lang='lat' dir='ltr'><strong>sibi</strong></span> 
     </span>
     <span class='ocr_line' id='line_1_36' title="bbox 482 3320 2611 3402; baseline -0.001 -20"><span class='ocrx_word' id='word_1_323' title='bbox 482 3329 554 3382; x_wconf 88' lang='lat'><strong>10</strong></span> <span class='ocrx_word' id='word_1_324' title='bbox 574 3321 742 3379; x_wconf 77' lang='lat' dir='ltr'><strong>lieret</strong></span> <span class='ocrx_word' id='word_1_325' title='bbox 770 3320 1070 3399; x_wconf 88' lang='lat' dir='ltr'><strong>deprecati</strong></span> <span class='ocrx_word' id='word_1_326' title='bbox 1112 3331 1260 3383; x_wconf 88' lang='lat' dir='ltr'><strong>sunt.</strong></span> <span class='ocrx_word' id='word_1_327' title='bbox 1348 3321 1665 3385; x_wconf 81' lang='lat' dir='ltr'><strong>Comitatus</strong></span> <span class='ocrx_word' id='word_1_328' title='bbox 1706 3332 1797 3384; x_wconf 89' lang='lat' dir='ltr'><strong>est</strong></span> <span class='ocrx_word' id='word_1_329' title='bbox 1829 3331 2051 3402; x_wconf 86' lang='lat' dir='ltr'><strong>patrem</strong></span> <span class='ocrx_word' id='word_1_330' title='bbox 2094 3330 2154 3383; x_wconf 86' lang='lat' dir='ltr'><strong>et</strong></span> <span class='ocrx_word' id='word_1_331' title='bbox 2190 3324 2431 3398; x_wconf 73' lang='lat' dir='ltr'><strong>Syriaca</strong></span> <span class='ocrx_word' id='word_1_332' title='bbox 2462 3333 2611 3382; x_wconf 67' lang='lat' dir='ltr'><strong>‹ex-³⁵</strong></span> 
     </span>
     <span class='ocr_line' id='line_1_37' title="bbox 571 3401 2554 3485; baseline 0.001 -23"><span class='ocrx_word' id='word_1_333' title='bbox 571 3401 882 3482; x_wconf 88' lang='lat' dir='ltr'><strong>peditione.</strong></span> <span class='ocrx_word' id='word_1_334' title='bbox 942 3405 1112 3465; x_wconf 88' lang='lat' dir='ltr'><strong>Unde</strong></span> <span class='ocrx_word' id='word_1_335' title='bbox 1153 3425 1432 3466; x_wconf 84' lang='lat' dir='ltr'><strong>reversus</strong></span> <span class='ocrx_word' id='word_1_336' title='bbox 1463 3407 1700 3485; x_wconf 89' lang='lat' dir='ltr'><strong>primum</strong></span> <span class='ocrx_word' id='word_1_337' title='bbox 1728 3408 1785 3467; x_wconf 91' lang='lat' dir='ltr'><strong>in</strong></span> <span class='ocrx_word' id='word_1_338' title='bbox 1816 3406 2034 3484; x_wconf 86' lang='lat' dir='ltr'><strong>matris,</strong></span> <span class='ocrx_word' id='word_1_339' title='bbox 2068 3405 2276 3468; x_wconf 89' lang='lat' dir='ltr'><strong>deinde</strong></span> <span class='ocrx_word' id='word_1_340' title='bbox 2309 3424 2380 3468; x_wconf 88' lang='lat' dir='ltr'><strong>ea</strong></span> <span class='ocrx_word' id='word_1_341' title='bbox 2411 3405 2554 3466; x_wconf 90' lang='lat' dir='ltr'><strong>rele-</strong></span> 
     </span>
     <span class='ocr_line' id='line_1_38' title="bbox 568 3486 2551 3570; baseline 0.005 -25"><span class='ocrx_word' id='word_1_342' title='bbox 568 3495 702 3564; x_wconf 82' lang='lat' dir='ltr'><strong>gata</strong></span> <span class='ocrx_word' id='word_1_343' title='bbox 745 3487 803 3546; x_wconf 91' lang='lat' dir='ltr'><strong>in</strong></span> <span class='ocrx_word' id='word_1_344' title='bbox 842 3486 1038 3548; x_wconf 84' lang='lat' dir='ltr'><strong>Liviae</strong></span> <span class='ocrx_word' id='word_1_345' title='bbox 1067 3489 1367 3567; x_wconf 78' lang='lat' dir='ltr'><strong>Augustae</strong></span> <span class='ocrx_word' id='word_1_346' title='bbox 1406 3492 1684 3570; x_wconf 83' lang='lat' dir='ltr'><strong>proaviae</strong></span> <span class='ocrx_word' id='word_1_347' title='bbox 1730 3507 1868 3551; x_wconf 87' lang='lat' dir='ltr'><strong>suae</strong></span> <span class='ocrx_word' id='word_1_348' title='bbox 1916 3489 2297 3552; x_wconf 88' lang='lat' dir='ltr'><strong>contubernio</strong></span> <span class='ocrx_word' id='word_1_349' title='bbox 2326 3489 2551 3554; x_wconf 85' lang='lat' dir='ltr'><strong>mansit;</strong></span> 
     </span>
     <span class='ocr_line' id='line_1_39' title="bbox 569 3569 2551 3654; baseline -0.001 -25"><span class='ocrx_word' id='word_1_350' title='bbox 569 3585 736 3649; x_wconf 84' lang='lat' dir='ltr'><strong>quam</strong></span> <span class='ocrx_word' id='word_1_351' title='bbox 765 3569 1093 3634; x_wconf 82' lang='lat' dir='ltr'><strong>defunctam</strong></span> <span class='ocrx_word' id='word_1_352' title='bbox 1128 3582 1525 3653; x_wconf 86' lang='lat' dir='ltr'><strong>praetextatus</strong></span> <span class='ocrx_word' id='word_1_353' title='bbox 1556 3575 1725 3634; x_wconf 90' lang='lat' dir='ltr'><strong>etiam</strong></span> <span class='ocrx_word' id='word_1_354' title='bbox 1751 3584 1887 3635; x_wconf 90' lang='lat' dir='ltr'><strong>tunc</strong></span> <span class='ocrx_word' id='word_1_355' title='bbox 1906 3590 2027 3654; x_wconf 84' lang='lat' dir='ltr'><strong>-pro</strong></span> <span class='ocrx_word' id='word_1_356' title='bbox 2050 3576 2260 3634; x_wconf 84' lang='lat' dir='ltr'><strong>rostris</strong></span> <span class='ocrx_word' id='word_1_357' title='bbox 2290 3571 2551 3634; x_wconf 81' lang='lat' dir='ltr'><strong>laudavit.</strong></span> 
     </span>
    </p>
   </div>
   <div class='ocr_carea' id='block_1_3' title="bbox 2648 690 2654 1416">
    <p class='ocr_par' dir='ltr' id='par_1_3' title="bbox 2648 690 2654 1416">
     <span class='ocr_line' id='line_1_40' title="bbox 2648 690 2654 1416; baseline 0 0"><span class='ocrx_word' id='word_1_358' title='bbox 2648 690 2654 1416; x_wconf 95' lang='lat' dir='ltr'><strong> </strong></span> 
     </span>
    </p>
   </div>
   <div class='ocr_carea' id='block_1_4' title="bbox 2648 690 2656 1678">
    <p class='ocr_par' dir='ltr' id='par_1_4' title="bbox 2648 690 2656 1678">
     <span class='ocr_line' id='line_1_41' title="bbox 2648 690 2656 1678; baseline 0 0"><span class='ocrx_word' id='word_1_359' title='bbox 2648 690 2656 1678; x_wconf 95' lang='lat' dir='ltr'><strong> </strong></span> 
     </span>
    </p>
   </div>
  </div>
 </body>
</html>
