2700 4234
487 238 614 302 246
663 248 721 298 c.
757 248 1059 297 suurom
1092 230 1471 308 'rumorum
1507 248 1672 295 VITA
1706 246 2075 296 CAESARUM
2108 248 2246 295 Lm.
2272 249 2423 298 vm.

487 421 650 465 more
686 404 892 463 veteri.
967 402 1111 463 Nam
1151 420 1277 463 cum
1308 401 1566 463 Oculatis
1600 401 1922 480 sororibus,
1953 403 2090 463 item
2118 401 2489 465 Varronillae

487 488 732 549 liberum
769 488 970 547 mortis
1009 487 1369 566 permisisset
1409 486 1700 546 arbitrium
1745 495 2242 566 corruptoresque
2290 504 2489 548 earum

485 572 849 649 relegasset,
897 587 1034 630 mox
1078 569 1411 632 Corneliam
1458 572 1759 631 maximam
1802 572 2115 647 virginem,
2164 569 2492 633 absolutam

490 654 651 731 olim,
689 654 822 714 dein
851 655 1030 731 longo
1061 653 1372 714 intervallo
1397 656 1703 732 repetitam
1734 662 1907 732 atque
1933 656 2265 714 convictam
2289 653 2491 714 defodi

487 740 815 817 imperavit,
853 746 1332 817 stupratoresque
1364 739 1547 814 virgis
1583 740 1641 797 in
1670 738 1903 797 comitio
1942 735 2015 797 ad
2046 754 2253 797 necem
2297 737 2487 813 caedi,
2510 744 2535 783 ⁵

492 830 746 901 excepto
776 823 1074 900 praetorio
1107 824 1266 891 vii-03
1301 820 1621 897 cui,-dubia
1655 822 1825 879 etiam
1854 828 1969 879 tum
2002 837 2177 880 causa
2210 828 2271 879 et
2300 821 2488 881 incer·

489 909 565 965 tis
595 904 1033 984 quaestionibus
1065 913 1239 984 atque
1266 906 1565 965 tormentis
1596 904 1669 963 de
1700 912 1885 963 semet
1918 904 2219 981 professo,
2252 903 2491 963 exilium

490 988 743 1049 indulsit.
817 988 910 1048 Ac
947 1006 1023 1049 ne
1067 1006 1179 1066 qua
1222 988 1434 1065 religio
1473 986 1641 1047 deum
1687 990 1916 1065 impune
1974 988 2489 1064 contaminaretur,

489 1074 914 1148 monimentum,
949 1071 1103 1151 quod
1129 1071 1373 1131 libertus
1415 1071 1539 1130 eius
1582 1088 1616 1131 e
1654 1070 1943 1150 lapidibus
1984 1070 2207 1151 templo
2250 1069 2491 1151 Capito·

489 1156 591 1217 lini
630 1154 787 1215 Iovis
827 1154 1126 1215 destinatis
1157 1154 1276 1215 filio
1307 1162 1707 1231 exstruxerat,
1742 1154 1911 1214 diruit
1958 1172 2067 1233 per
2104 1155 2352 1232 milites,
2391 1173 2487 1216 os·
2512 1168 2561 1210 ιο

491 1257 672 1318 saque
706 1247 763 1297 et
795 1237 1074 1317 reliquias
1108 1256 1258 1317 quae
1288 1240 1513 1299 inerant
1541 1239 1683 1299 mari
1721 1240 1943 1298 mersit.

431 1330 467 1385 9
609 1321 766 1381 Inter
794 1322 954 1381 initia
982 1340 1166 1399 usque
1199 1321 1348 1382 adeo
1376 1321 1448 1383 ab
1482 1324 1633 1386 omni
1669 1321 1851 1383 caede
1883 1320 2263 1398 abhorrebat,
2297 1329 2361 1380 ut
2389 1320 2490 1383 ab·

489 1415 654 1466 sente
687 1404 872 1465 adhuc
905 1414 1070 1484 patre
1099 1404 1442 1466 recordatus
1478 1405 1714 1483 Virgilii
1749 1424 2009 1466 versum:

657 1486 863 1568 Impia
892 1506 1077 1568 quam
1110 1489 1315 1551 caesis
1337 1507 1491 1569 qens
1520 1494 1614 1549 est
1643 1488 1899 1567 epulata
1921 1488 2217 1563 iuvencis,

489 1572 724 1633 edicere
760 1572 1082 1649 destinarit,
1123 1592 1196 1633 ne
1235 1572 1426 1634 boves
1456 1572 1901 1633 immolarentur.
1968 1570 2309 1651 cupiditatis
2344 1588 2489 1650 quo·
2511 1583 2557 1626 ιε

491 1676 604 1737 que
632 1666 808 1735 atque
839 1658 1112 1718 avaritiae
1153 1660 1254 1717 vix
1292 1658 1667 1736 suspitionem
1708 1655 1883 1716 ullam
1922 1663 2017 1716 aut
2062 1657 2323 1734 privatus
2369 1673 2489 1714 um-

492 1759 659 1820 quam
687 1750 785 1800 aut
813 1742 1090 1819 princeps
1123 1739 1452 1819 aliquandiu
1487 1739 1675 1816 dedit,
1724 1742 1895 1799 immo
1934 1757 1967 1798 e
2002 1736 2239 1799 diverso
2278 1756 2490 1816 magna

489 1842 670 1901 saepe
701 1840 816 1882 non
845 1822 1226 1891 abstinentiae
1257 1824 1433 1883 modo
1488 1822 1595 1884 sed
1642 1824 1813 1885 etiam
1864 1821 2226 1883 liberalitatis
2256 1823 2488 1903 experi-

486 1915 698 1965 menta.
779 1904 977 1965 Omnis
1024 1908 1180 1966 circa
1223 1924 1291 1965 se
1337 1906 1670 1983 largissime
1730 1914 2109 1985 prosecutus,
2147 1904 2287 1965 nihil
2328 1906 2491 1984 prius

485 1998 583 2051 aut
627 1989 818 2049 acrius
855 1992 1074 2048 monuit
1112 2006 1282 2065 quam
1319 2007 1394 2049 ne
1440 1988 1576 2068 quid
1612 1991 1847 2052 sordide
1879 1991 2160 2050 facerent.
2222 1988 2490 2049 Relictas
2508 2000 2559 2041 2⁰

487 2072 599 2149 sibi
631 2071 990 2133 hereditates
1019 2070 1089 2132 ab
1118 2074 1210 2149 iis,
1249 2073 1454 2151 quibus
1490 2072 1661 2134 liberi
1693 2083 1883 2152 erant,
1913 2090 2028 2134 non
2056 2074 2307 2152 recepit.
2379 2071 2489 2133 Le‘-

487 2165 682 2235 gatum
713 2159 884 2218 etiam
911 2174 987 2217 ex
1014 2165 1360 2217 testamento
1394 2157 1572 2217 Rusci
1612 2155 1961 2238 Caepionis,
2008 2159 2105 2237 qui
2150 2165 2391 2219 caverat
2423 2164 2487 2215 ut

489 2249 630 2320 quot
683 2242 847 2301 annis
897 2239 1358 2319 ingredientibus
1412 2243 1627 2302 curiam
1668 2241 2033 2303 senatoribus
2076 2248 2292 2300 certam
2334 2256 2489 2300 sum-

489 2343 634 2385 mam
666 2324 875 2384 viritim
908 2332 1233 2402 praestaret
1260 2324 1435 2385 heres
1464 2342 1630 2403 suus,
1666 2325 1885 2385 irritum
1918 2325 2077 2385 fecit.
2144 2324 2340 2400 Reos,
2390 2324 2488 2403 qui

488 2416 619 2468 ante
663 2408 1107 2485 quinquennium
1150 2410 1469 2487 proximum
1510 2408 1663 2488 apud
1702 2410 1985 2469 aerarium
2042 2406 2487 2487 pependissent,
2506 2420 2555 2461 2³

486 2492 794 2549 universos
827 2490 1156 2551 discrimine
1196 2490 1504 2570 liberavit,
1550 2511 1661 2553 nec
1707 2493 1901 2572 repeti
1937 2492 2048 2551 nisi
2088 2494 2238 2551 intra
2278 2508 2488 2551 annum

487 2590 672 2651 eaque
707 2571 1035 2633 conditione
1081 2576 1370 2654 permisit,
1412 2584 1474 2636 ut
1508 2578 1833 2637 accusatori
1860 2576 1957 2655 qui
1990 2592 2223 2636 causam
2252 2592 2372 2635 non
2402 2584 2487 2634 te-

485 2665 653 2717 neret
681 2656 916 2717 exilium
935 2675 1140 2737 poena
1179 2665 1357 2719 esset.
1430 2660 1665 2721 Scribas
1698 2660 2064 2740 quaestorios
2106 2659 2486 2735 negotiantis,

487 2760 563 2801 ex
595 2738 1010 2802 consuetudine
1043 2739 1148 2801 sed
1181 2750 1382 2803 contra
1406 2741 1667 2804 Clodiam
1700 2744 1915 2821 legem,
1947 2742 2117 2803 venia
2139 2743 2197 2801 in
2224 2750 2489 2821 praeter-

485 2827 624 2886 itum
670 2816 920 2887 donavit
993 2824 1330 2903 Subsiciva,
1390 2844 1539 2904 quae
1581 2826 1783 2887 divisis
1817 2844 1923 2906 per
1966 2834 2284 2886 veteranos
2326 2826 2489 2903 agris
2506 2837 2559 2879 ao

487 2909 729 2989 carptim
761 2909 1201 2989 superfuerunt,
1232 2909 1531 2970 veteribus
1575 2909 2016 2989 possessoribus
2058 2918 2119 2969 ut
2162 2926 2269 2969 usu
2317 2918 2491 2987 capta

487 2993 798 3053 concessit.
870 2990 1134 3054 Fiscales
1173 2992 1485 3054 calumnias
1528 3012 1737 3072 magna
1784 2993 2243 3056 calumniantium
2293 3009 2493 3071 poena

483 3080 801 3156 repressit,
844 3074 1257 3156 ferebaturque
1298 3094 1419 3137 vox
1461 3077 1615 3137 eius:
1666 3076 1969 3156 Princeps
2012 3076 2121 3157 qui
2168 3074 2492 3153 delatores

483 3177 608 3220 non
635 3160 924 3240 castiqat,
955 3150 1184 3222 irritat.

400 3247 470 3300 10
611 3242 728 3301 Sed
777 3260 969 3322 neque
1009 3246 1070 3305 in
1114 3243 1454 3306 clementiae
1493 3260 1685 3322 neque
1740 3244 1797 3303 in
1846 3243 2231 3305 abstinentiae
2275 3251 2490 3305 tenore
2510 3255 2561 3295 3⁵

484 3326 830 3403 permansit,
851 3336 924 3385 *et
954 3334 1143 3387 tamen
1169 3328 1464 3408 aliquanto
1499 3327 1747 3388 celerius
1780 3325 1852 3388 ad
1896 3329 2196 3389 saevitiam
2240 3324 2494 3387 descivit

483 3425 662 3487 quam.
695 3406 766 3469 ad
813 3408 1202 3488 cupiditatem.
1270 3410 1629 3491 Discipulum
1661 3409 1883 3471 Paridis
1925 3406 2256 3491 pantomimi
2302 3410 2489 3489 impu-

480 3490 682 3552 berem
725 3491 911 3553 adhuc
951 3501 1010 3553 et
1053 3511 1177 3554 cum
1220 3496 1465 3555 maxime
1504 3512 1779 3573 aegrum,
1829 3492 1987 3573 quod
2026 3503 2150 3555 arte
2181 3492 2491 3573 formaque
