2700 4234
910 315 1120 364 mvus
1166 316 1545 364 AUGUSTUS.
2150 301 2231 361 47

223 483 574 555 potestatem
617 490 853 552 semper
901 470 1162 532 omnibus
1206 471 1383 548 fecit,
1428 473 1695 550 quotiens
1738 470 1963 532 vellent
1992 470 2231 533 obsides

221 558 561 637 recipiendi.
627 556 835 636 Neque
881 564 976 616 aut
1009 555 1274 614 crebrius
1320 564 1416 614 aut
1472 554 1841 634 perfidiosius
1890 554 2229 616 rebellantis

219 645 493 720 graviore
523 657 789 719 umquam
821 639 974 698 ultus
1007 647 1098 698 est
1121 657 1345 717 poena,
1380 655 1547 717 quam
1576 649 1637 699 ut
1662 641 1927 717 captivos
1955 639 2061 699 sub
2092 640 2229 716 lege

159 791 168 798 ,
215 725 614 803 venundaret,
647 734 723 783 n'e
755 726 811 783 in
847 725 1036 782 vicina
1065 725 1308 800 regione
1341 725 1632 783 servirent
1662 741 1813 782 neve
1838 727 1985 784 intra
2016 725 2229 783 tricen-

173 828 197 867 5
222 813 424 870 simum
481 826 686 868 annum
749 807 1152 866 liberarentur.
1243 807 1369 882 Qua
1419 809 1643 867 virtutis
1700 807 2231 886 moderationisque

213 896 369 956 fama
398 892 576 954 Indos
609 894 781 952 etiam
811 909 881 951 ac
914 890 1196 967 ScythaS,
1232 890 1422 950 auditu
1452 890 1624 951 modo
1656 893 1946 969 cognitos,
1984 891 2231 969 pellexit

216 979 288 1038 ad
323 979 632 1039 amicitiam
675 977 838 1036 snam
881 974 1200 1054 populique
1242 973 1408 1034 Rom.
1442 975 1591 1035 ultro
1622 993 1733 1054 per
1762 975 1996 1052 legatos
2027 983 2228 1052 peten-

217 1064 368 1122 dam.
445 1060 642 1122 Parthi
687 1076 920 1138 quoque
966 1067 1024 1117 et
1065 1058 1396 1117 Armeniam
1442 1059 1755 1122 vindicanti
1806 1059 1981 1119 facile
2030 1075 2227 1118 cesse-

214 1154 352 1206 runt
381 1155 441 1204 et
470 1146 638 1220 signa
664 1143 964 1217 militaria,
999 1149 1152 1220 quae
1179 1141 1256 1202 M.
1273 1139 1489 1202 Crasso
1520 1153 1579 1202 et
1604 1143 1681 1204 M.
1714 1141 1969 1202 Antonio
2000 1141 2229 1202 ademe-

145 1247 196 1288 ιο
220 1239 389 1304 rant,
424 1229 764 1306 reposcenti
806 1225 1176 1286 reddiderunt
1220 1225 1569 1305 obsidesque
1604 1230 1844 1305 insuper
1872 1226 2227 1306 optulerunt,

222 1314 508 1390 denique,
541 1311 800 1390 pluribus
836 1309 1121 1389 quondam
1149 1309 1224 1369 de
1255 1327 1443 1386 regno
1465 1311 1934 1371 concertantibus
1953 1356 1970 1387 ,
2000 1309 2229 1369 nonnisi

223 1397 295 1457 ab
331 1398 462 1474 ipso
497 1394 748 1454 electum
777 1394 1190 1473 probaverunt.

348 1479 547 1540 Ianum
578 1479 902 1555 Quirinum,
936 1473 1117 1538 semel
1149 1487 1320 1557 atque
1354 1480 1557 1537 iterum
1587 1497 1620 1538 a
1654 1479 1883 1539 condita
1914 1477 2057 1538 urbe
2094 1485 2227 1536 ante
2242 1493 2313 1546 22

222 1565 556 1625 memoriam
591 1579 750 1622 suam
785 1562 1072 1637 clausum,
1115 1563 1172 1620 in
1202 1562 1381 1620 multo
1422 1561 1696 1624 breviore
1728 1564 2007 1641 temporis
2038 1563 2225 1639 spatio

147 1670 200 1710 15
223 1658 380 1708 terra
409 1649 670 1724 marique
702 1663 851 1725 pace
883 1655 1049 1724 parta
1081 1652 1171 1704 ter
1205 1645 1393 1704 clusit.
1454 1645 1552 1706 Bis
1584 1661 1765 1705 ovans
1798 1648 2098 1722 ingressus
2139 1653 2231 1703 est

224 1732 457 1808 urbem,
488 1739 626 1809 post
659 1730 1036 1808 Philippense
1068 1737 1127 1788 et
1154 1747 1354 1789 rursus
1388 1738 1525 1809 post
1555 1728 1807 1789 Siculum
1837 1728 2071 1788 bellum.
2120 1725 2227 1786 Cu-

223 1816 364 1876 rulis
397 1813 720 1892 triumphos
753 1817 856 1873 tris
890 1815 1043 1889 egit,
1079 1813 1479 1890 Delmaticum,
1513 1813 1847 1890 Actiacum,
1884 1810 2228 1872 Alexandri-

223 1917 389 1976 num,
437 1899 710 1958 continuo
753 1897 939 1956 triduo
981 1913 1202 1970 omnes.
1267 1897 1493 1957 Graves
1535 1899 1879 1974 ignominias
1912 1892 2315 1974 cladesque23

227 1984 366 2043 duas
401 1984 630 2042 omnino
659 1999 771 2040 nec
808 1979 942 2040 alibi
974 1999 1142 2059 quam
1175 1982 1231 2040 in
1263 1980 1568 2042 Germania
1610 1984 1871 2061 accepit,
1914 1979 2229 2041 Lollianam

150 2077 288 2128 20et
342 2067 688 2141 Varianam,
748 2063 852 2124 sed
899 2062 1156 2126 Lolliana
1259 2067 1490 2126 maioris
1537 2066 1804 2126 infamiae
1848 2083 2017 2145 quam
2049 2063 2227 2124 detri-

225 2152 431 2225 menti,
475 2150 783 2210 Varianam
825 2166 1015 2228 paene
1059 2151 1178 2208 exit
1202 2148 1446 2227 abilem,
1494 2149 1677 2209 tribus
1724 2148 2055 2226 legionibus
2100 2163 2230 2206 cum

226 2235 374 2295 duce
405 2233 736 2311 legatisque
771 2241 829 2291 et
863 2232 1087 2292 auxiliis
1119 2231 1380 2293 omnihus
1418 2236 1626 2293 caesis
1686 2231 1808 2292 Hac
1838 2234 2091 2291 nuntiata
2128 2247 2227 2289 ex-

227 2318 426 2378 cubias
457 2334 568 2395 per
596 2316 798 2376 urbem
830 2315 1050 2392 indixit,
1084 2335 1157 2376 ne
1195 2318 1320 2395 quis
1356 2316 1625 2377 tumultus
1651 2319 1947 2391 existeret,
1979 2322 2039 2373 et
2062 2329 2228 2392 prae-

229 2401 446 2463 sidibus
497 2403 946 2478 provinciarum
969 2402 1322 2479 propagavit
1359 2402 1690 2480 imperium,
1736 2409 1797 2459 ut
1850 2417 1883 2460 a
1924 2399 2128 2478 peritis
2173 2404 2233 2454 et

155 2505 208 2544 25
228 2486 476 2547 assuetis
533 2485 679 2548 socii
735 2487 1183 2568 continerentur.
1255 2486 1435 2546 Vovit
1481 2493 1541 2544 et
1592 2501 1834 2562 magnos
1894 2484 2062 2543 ludos
2103 2479 2230 2539 Iovi

227 2570 458 2649 Optimo
471 2567 741 2645 Maximo,
780 2569 827 2627 si
857 2584 954 2627 res
988 2586 1046 2646 p.
1079 2571 1135 2628 in
1165 2568 1465 2628 meliorem
1497 2578 1700 2629 statum
1733 2569 2037 2628 vertisset:
2077 2562 2230 2645 quod

225 2655 440 2714 factum
471 2649 765 2713 Cimbrico
800 2651 1170 2732 Marsicoque
1201 2652 1361 2713 bello
1382 2663 1536 2715 erat.
1610 2652 1780 2713 Adeo
1810 2653 2061 2730 denique
2091 2665 2228 2708 con·

227 2739 542 2798 sternatu‘m
584 2737 804 2813 ferunt,
853 2745 915 2796 ut
948 2754 1056 2813 per
1099 2739 1401 2797 continuos
1424 2755 1655 2796 menses
1687 2735 1868 2796 barba
1898 2733 2228 2813 capilloque

228 2822 531 2882 summisso
569 2830 742 2898 caput
771 2820 1054 2880 interdum
1076 2820 1296 2880 foribus
1326 2821 1607 2896 illideret,
1648 2819 2005 2884 vociferans:
2040 2812 2225 2888 Quin-

157 2923 207 2964 so
229 2905 324 2966 tili
365 2902 559 2981 Vare,
613 2904 887 2984 leqiones
918 2900 1162 2974 Jedde!
1207 2904 1473 2983 diemque
1508 2904 1687 2980 cladis
1720 2911 1857 2983 quot
1886 2902 2047 2961 annis
2076 2915 2228 2958 mae-

228 2999 376 3050 stum
436 2988 703 3048 hahuerit
746 3006 813 3048 ac
857 2987 1182 3064 lugubrem.
1254 2988 1431 3048 In're
1476 2989 1703 3048 militari
1751 2992 1811 3046 et
1832 3034 1844 3044 ..
1865 2982 2314 3044 commutavit24

226 3072 406 3132 multa
447 3082 508 3132 et
549 3074 821 3148 instituit,
867 3080 1040 3150 atque
1083 3075 1162 3132 eti
1199 3091 1255 3132 m
1285 3072 1357 3132 ad
1386 3075 1673 3151 antiquum
1705 3087 1926 3130 morem
1954 3065 2229 3127 nonnulla

226 3158 551 3217 revocavit.

351 3239 730 3319 Disciplinam
773 3243 1143 3302 severissime
1171 3243 1357 3302 rexit:
1395 3259 1469 3300 ne
1498 3239 1824 3317 legatorum
1858 3235 2084 3316 quidem
2114 3235 2228 3294 cui-

139 3337 210 3404 x35
233 3341 433 3402 quam,
478 3327 588 3385 nisi
632 3335 876 3402 gravate
923 3324 1295 3404 hibernisque
1338 3324 1562 3384 demum
1599 3322 1924 3397 mensibus,
1973 3320 2232 3400 permisit

230 3425 475 3467 uxorem
516 3410 880 3470 intervisere.
955 3409 1224 3489 Equitem
1269 3409 1376 3485 R„
1420 3406 1573 3486 quod
1614 3406 1836 3467 duobus
1877 3405 2009 3465 filiis
2037 3402 2228 3464 adule-

232 3491 528 3551 scentibus
578 3510 750 3554 causa
786 3493 1145 3554 detrectandi
1187 3495 1529 3554 sacramenti
1571 3491 1823 3570 pollices
1859 3492 2229 3567 amputasset,

231 3573 421 3652 ipsum
450 3573 720 3656 bonaque
764 3576 1009 3638 subiecit
1038 3577 1269 3647 hastae;
1316 3593 1493 3655 quem,
1520 3585 1739 3653 tamen,
1772 3572 1925 3652 quod
1955 3570 2231 3631 inminere
