2700 4234
476 334 599 396 164
682 345 743 394 c.
774 344 1075 394 sumom
1107 344 1364 404 ramo.
1395 345 1490 392 ns
1521 345 1683 392 vrrs
1717 345 2086 394 cansarum
2117 347 2254 396 mn.
2284 347 2352 396 V.

386 507 457 563 32
602 500 883 563 Convivia
912 498 1150 575 agitavit
1188 507 1247 558 et
1276 498 1467 578 ampla
1495 507 1555 557 et
1583 498 1842 577 assidua,
1881 518 1950 560 ac
1982 501 2110 560 fere
2150 503 2470 579 patentissi-

472 589 579 646 mis
622 585 773 644 locis
812 591 871 642 ut
912 581 1250 662 plerumque
1290 584 1521 642 sesceni
1554 582 1718 642 simul
1751 583 2196 644 discumberent.
2264 583 2469 646 Convi-

473 677 638 732 vatus
668 676 759 728 est
788 675 847 728 et
888 684 1067 745 super
1110 667 1461 726 emissarium
1503 665 1704 726 Fucini
1744 667 1934 744 lacus,
1981 685 2052 727 ac
2096 685 2283 747 paene
2329 687 2470 730 sum-

472 771 731 828 mersus,
786 769 915 812 cum
960 751 1171 810 emissa
1224 751 1440 827 impetu
1488 767 1636 828 aqua
1682 748 2080 812 redundasset.
2146 751 2474 814 Adhibebat

474 839 627 898 omni
662 853 883 897 caenae
916 841 976 893 et
1006 833 1231 894 liberos
1260 851 1398 894 suos
1433 851 1558 893 cum
1583 835 1780 914 pueris
1812 835 2141 914 puellisque
2165 835 2470 913 nobilibus,
2496 861 2521 900 5

474 923 570 1002 qui
620 937 781 980 more
840 918 1023 978 veteri
1064 916 1136 978 ad
1176 917 1364 978 fulcra
1421 917 1705 977 lectorum
1753 917 2028 978 sedentes
2072 930 2470 980 vescerentur.

476 1004 804 1080 Convivae,
849 1004 944 1080 qui
986 1000 1173 1081 pridie
1206 1001 1488 1080 scyphum
1521 1019 1755 1061 aureum
1783 1001 2146 1080 subripuisse
2183 1005 2470 1064 existima-

474 1090 673 1166 batur,
703 1095 985 1147 revocato
1004 1087 1077 1144 eiu
1107 1085 1257 1146 diem
1287 1094 1588 1163 posterum
1629 1086 1871 1146 calicem
1915 1087 2150 1146 fictilem
2181 1089 2470 1166 apposuit.

471 1173 695 1233 Dicitur
742 1172 909 1231 etiam
951 1169 1253 1229 meditatus
1300 1169 1583 1246 edictum,
1646 1187 1760 1248 quo
1805 1171 2032 1230 veniam
2070 1169 2234 1230 daret
2282 1171 2472 1233 flatum

476 1257 877 1336 crepitumque
907 1253 1125 1313 ventris
1167 1254 1225 1312 in
1259 1255 1530 1312 convivio
1564 1253 1890 1330 emittendi,
1930 1273 2056 1314 cum
2089 1255 2538 1334 periclitaturum

475 1339 757 1420 quendam
788 1355 929 1417 prae
961 1336 1183 1416 pudore
1224 1353 1299 1397 ex
1332 1337 1684 1397 continentia
1716 1339 2100 1416 repperisset.

387 1433 459 1488 33
605 1421 733 1484 cibi
761 1421 997 1500 vinique
1030 1438 1390 1500 quocumque
1421 1429 1478 1480 et
1509 1429 1774 1499 tempore
1805 1429 1863 1480 et
1900 1421 2035 1482 loco
2067 1423 2470 1500 appetentissi-

472 1526 630 1584 mus,
678 1522 1051 1584 cognoscens
1081 1504 1368 1584 quondam
1396 1506 1452 1563 in
1483 1504 1733 1582 Augusti
1763 1505 1928 1583 foro,
1973 1507 2236 1584 ictusque
2269 1505 2472 1566 nidore

471 1591 724 1671 prandii,
784 1589 941 1670 quod
992 1589 1050 1647 in
1098 1592 1362 1669 proxima
1401 1588 1602 1650 Martis
1652 1589 1799 1649 aede
1844 1590 2016 1650 Saliis
2067 1589 2472 1668 apparabatur,

472 1676 707 1736 deserto
749 1672 1019 1734 tribunali
1070 1673 1333 1734 ascendit
1389 1672 1460 1733 ad
1511 1671 1852 1733 sacerdotes
1909 1691 2137 1752 unaque
2182 1672 2472 1734 decubuit.
2498 1687 2542 1727 ιτ»

472 1759 601 1820 Nec
628 1768 848 1818 temere
878 1774 1145 1835 umquam
1176 1756 1429 1817 triclinio
1468 1755 1753 1818 abscessit
1788 1759 1894 1816 nisi
1937 1755 2218 1817 distentus
2257 1775 2327 1816 ac
2358 1775 2472 1817 ma-

475 1844 651 1920 dens,
686 1852 743 1902 et
777 1851 837 1901 ut
866 1842 1053 1900 statim
1094 1843 1302 1921 supino
1347 1858 1416 1901 ac
1466 1859 1574 1920 per
1605 1858 1862 1900 somnum
1907 1840 2082 1901 hianti
2113 1843 2285 1918 pinna
2315 1843 2372 1900 in
2403 1858 2474 1900 os

474 1927 770 1988 inderetur
798 1924 867 1985 ad
896 1922 1327 1984 exonerandum
1357 1924 1728 1985 stomachum.
1763 1926 1958 1985 Somni
1990 1924 2315 1984 brevissimi
2348 1933 2475 1984 erat

474 2013 635 2092 (nam
677 2018 809 2070 aute
848 2007 1092 2068 mediam
1133 2017 1365 2069 noctem
1410 2007 1748 2088 plerumque
1790 2007 2141 2086 evigilabat)
2184 2018 2474 2069 attamen

473 2093 719 2154 interdiu
752 2108 1174 2170 nonnumquam
1202 2093 1260 2150 in
1289 2093 1414 2152 iure
1445 2092 1691 2152 dicendo
1727 2092 2216 2169 obdormisceret,
2256 2094 2475 2170 vixque
2493 2111 2546 2152 20

472 2177 543 2238 ab
575 2175 872 2238 advocatis
902 2174 975 2236 de
1009 2174 1287 2236 industria
1323 2193 1533 2236 vocem
1573 2175 1916 2253 augentibus
1951 2177 2319 2236 excitaretur.
2383 2175 2476 2236 Li-

468 2260 679 2324 bidinis
738 2261 794 2320 in
843 2259 1084 2320 feminas
1150 2259 1616 2339 profusissimae,
1675 2257 1896 2320 ¹marum
1950 2261 2178 2321 omniuo
2236 2277 2476 2338 expers.

470 2345 677 2406 Aleam
716 2343 1135 2406 studiosissime
1165 2344 1333 2414 lusit:
1368 2342 1440 2404 de
1479 2346 1639 2405 cuius
1675 2353 1799 2404 arte
1834 2344 2037 2405 librum
2073 2353 2305 2422 quoque
2335 2345 2477 2402 emi·

472 2431 571 2499 sit;
618 2427 823 2490 solitus
867 2430 1037 2488 etiam
1078 2429 1133 2487 in
1169 2429 1496 2506 gestatione
1537 2428 1771 2505 ludere,
1811 2430 1889 2488 ita
1930 2426 2141 2488 essedo
2181 2427 2478 2506 alveoque

471 2512 753 2593 adaptatis
784 2530 857 2571 ne
887 2510 1047 2572 lusus
1086 2512 1553 2572 confunderetur.
2495 2535 2548 2575 25

386 2605 457 2661 34
595 2597 844 2655 Saevum
875 2604 933 2654 et
975 2595 1400 2672 sanguinarium
1439 2604 1639 2656 natura
1678 2595 1893 2672 fuisse,
1935 2596 2160 2672 magnis
2199 2595 2474 2654 minimis·

472 2697 585 2759 que
618 2678 884 2758 apparuit
917 2678 1112 2738 rebus.
1171 2679 1482 2740 Tormenta
1533 2681 1930 2757 quaestionum
1964 2696 2303 2759 poenasque
2338 2696 2476 2757 par·

469 2760 779 2823 ricidarum
808 2763 1287 2842 repraesentabat
1319 2762 1711 2841 exigebatque
1743 2779 1958 2824 coram.
2021 2762 2161 2823 Cum
2197 2770 2478 2841 spectare

469 2847 687 2926 antiqui
721 2846 899 2907 moris
941 2847 1284 2927 supplicium
1316 2845 1513 2906 Tiburi
1559 2848 1962 2925 concupisset,
2007 2856 2067 2907 et
2096 2845 2370 2924 deligatis
2399 2846 2478 2906 ad

470 2929 663 3011 palum
710 2931 901 2990 noxiis
949 2931 1209 2991 carnifex
1252 2929 1517 3006 deesset,
1572 2931 1818 2991 accitum
1865 2929 1936 2991 ab
1979 2930 2124 2991 urbe
2159 2944 2552 3009 vesperamao

471 3032 654 3093 usquc
686 3015 946 3094 opperiri
980 3014 1402 3091 perseveravit.
1435 3013 1812 3094 Quocumque
1836 3013 2180 3092 gladiatorio
2209 3032 2480 3091 munere,

470 3098 564 3157 vel
601 3114 705 3157 suo
739 3096 835 3157 vel
880 3097 1103 3176 alieno,
1150 3100 1319 3158 etiam
1365 3097 1518 3158 forte
1562 3098 1878 3177 prolapsos
1922 3098 2168 3176 iugulari
2210 3097 2479 3175 iubebat,

470 3183 713 3242 maxime
753 3183 1050 3259 retiarios,
1104 3189 1166 3242 ut
1206 3180 1588 3260 expirantium
1633 3181 1819 3242 facies
1860 3181 2105 3242 videret.
2175 3180 2319 3242 Cum
2366 3199 2483 3261 par

471 3263 756 3342 quoddam
785 3266 991 3325 mutuis
1035 3264 1245 3325 ictibus
1296 3264 1682 3342 concidisset,
1731 3264 2000 3326 cultellos
2043 3266 2152 3327 sibi
2191 3265 2482 3345 parvulos

472 3364 549 3406 ex
598 3355 846 3426 utroque
886 3349 1046 3409 ferro
1091 3350 1148 3409 in
1195 3367 1358 3411 usum
1399 3349 1522 3409 fieri
1565 3350 1688 3409 sine
1729 3365 1890 3410 mora
1932 3351 2117 3411 iussit.
2187 3347 2562 3410 Bestiarisss

471 3429 916 3509 meridianisque
948 3431 1095 3492 adeo
1128 3432 1554 3509 delectabatur,
1587 3441 1646 3492 ut
1679 3441 1736 3492 et
1761 3435 1942 3512 prima
1973 3434 2104 3495 luce
2134 3438 2204 3494 ad
2237 3441 2483 3513 specta-

473 3511 659 3571 culum
690 3511 1075 3574 descenderet
1118 3524 1177 3575 et
1216 3515 1487 3593 meridie,
1530 3515 1764 3577 dimisso
1792 3516 1863 3579 ad
1895 3517 2190 3598 prandium
2222 3517 2482 3596 populo,

471 3593 848 3671 persederet,
911 3605 1259 3677 praeterque
1302 3597 1622 3660 destinatos
1663 3602 1834 3662 etiam
1875 3602 1996 3663 levi
2047 3602 2353 3681 subitaque
2400 3601 2486 3662 de
