2700 4234
469 321 591 384 304
820 291 828 299 ⁷
1032 331 1091 379 c.
1139 331 1469 381 summm
1504 330 1939 391 TRANQUILLI

471 488 621 551 enim
650 484 1020 566 Tranquillus
1051 486 1459 565 praeverbium
1506 494 1667 565 putat
1700 485 1813 545 dici
1864 483 2085 545 debere
2132 482 2290 563 quod
2330 492 2486 561 ante,

470 572 567 634 vel
621 571 962 633 adverbium
1007 570 1163 649 quod
1202 580 1340 649 post
1380 568 1621 629 verbum
1664 568 2120 648 appellationem
2171 569 2349 628 etiam
2384 586 2487 628 no-

469 674 720 736 menque
752 664 1018 734 ponatur.
1045 652 1250 715 Iulius
1264 653 1589 715 Romanus
1618 652 1794 731 apud
1823 650 2181 713 Chat-isium
2201 670 2267 730 p.
2291 651 2485 712 175P.

600 741 723 802 Isto
756 740 950 819 vilius]
997 738 1127 799 Rex
1181 740 1278 816 qui
1324 737 1577 798 vocabat
1620 736 1693 797 ad
1737 754 2003 813 caenam,
2052 738 2102 795 si
2146 735 2257 795 sibi
2289 752 2361 793 ea
2390 754 2490 795 res

474 824 801 888 exhibenda
845 822 1194 883 indiceretur
1225 840 1395 901 quam
1426 821 1707 881 exhibere
1736 837 1853 880 non
1892 828 2130 898 posset,
2161 821 2487 898 respondit,
2513 850 2536 888 5

475 921 535 972 ut
565 906 929 987 Tranquillus
975 906 1190 967 refert.
1248 908 1362 966 isto
1392 906 1563 966 vilius
1595 905 1841 966 bominis
1872 906 1985 964 erit
2025 922 2225 963 caena.
2289 901 2491 964 Iulius

474 996 794 1057 Romanus
823 992 999 1069 apud
1027 988 1382 1051 charisium
1400 1008 1466 1067 p.
1500 998 1613 1050 180
1644 987 1713 1048 P.

606 1078 780 1127 Potest
802 1074 887 1125 hic
910 1076 1087 1126 titulus
1103 1112 1117 1136 ,
1171 1074 1258 1138 qui
1283 1082 1362 1124 est
1386 1074 1450 1123 de
1475 1072 1647 1123 Rebus
1680 1073 1853 1135 variis,
1899 1088 2012 1122 cum
2038 1074 2353 1136 insequenti,
2406 1074 2494 1135 qui

474 1156 551 1199 est
578 1146 788 1197 Pratum
811 1144 921 1195 sive
942 1145 1118 1204 Prata,
1149 1144 1220 1191 ita
1243 1142 1408 1193 videri
1435 1143 1733 1191 coniunctus
1758 1142 1920 1192 fuisse
1933 1180 1949 1204 ,
1972 1150 2029 1191 ut
2052 1143 2352 1207 inscriptum
2378 1140 2493 1189 fue-
2657 1198 2658 1203 Ἰ

472 1218 563 1267 rit:
603 1214 659 1267 O.
695 1212 904 1264 Suetoni
927 1211 1206 1274 Tranquilli
1241 1211 1449 1260 Pratum
1483 1211 1593 1261 sive
1628 1211 1693 1260 de
1728 1210 1898 1261 Rebus
1934 1211 2091 1260 variis
2128 1209 2287 1260 libri.
2311 1245 2324 1258 .
2352 1245 2364 1259 .
2390 1209 2490 1259 Ta-
2510 1228 2559 1269 10

472 1300 590 1335 men
613 1284 770 1334 tutius
795 1280 920 1330 duxi
945 1279 1217 1345 separatim
1241 1294 1450 1345 ponere.

599 1347 752 1409 xvl.
817 1347 964 1420 Quia
1021 1348 1241 1407 variam
1291 1356 1351 1407 et
1394 1347 1717 1407 miscellam
1765 1356 1825 1406 et
1866 1348 2033 1425 quasi
2080 1346 2495 1405 confusaneam

474 1435 789 1496 doctrinam
821 1432 1329 1510 conquisiverant,
1364 1448 1438 1491 eo
1470 1430 1667 1492 titulos
1699 1449 1933 1510 quoque
1979 1431 2051 1490 ad
2094 1448 2221 1491 eam
2255 1438 2490 1501 senten-

475 1520 607 1580 tiam
640 1516 1126 1594 exquisitissimos
1157 1516 1502 1575 indiderunt.
1535 1513 1795 1593 Namque
1827 1514 1924 1574 alii
1954 1512 2245 1575 Musarum
2289 1515 2493 1574 inscri-

475 1609 764 1683 pserunt.
853 1600 1106 1678 .partim
1142 1596 1584 1679 Λειμῶνας..
1619 1597 1787 1657 .Est
1830 1607 2145 1677 praeterea
2191 1601 2288 1677 qui
2338 1599 2559 1663 rra-1⁵

476 1698 635 1748 tum.
677 1683 912 1745 Gellius
934 1682 1336 1763 praefatione
1368 1693 1502 1743 5—-
1517 1690 1574 1743 8.
1610 1680 1691 1759 cf.
1724 1699 1924 1762 supra
1948 1701 2013 1761 p.
2049 1690 2181 1757 294,
2222 1690 2319 1745 26.
2376 1681 2496 1743 Pli-

476 1772 621 1833 m‘us
646 1774 778 1830 nat.
812 1766 953 1829 hist.
978 1765 1385 1845 praefatione
1418 1774 1508 1827 23.
1566 1764 1805 1826 Suidas
1832 1785 1884 1825 s.
1916 1784 1975 1825 v.
2007 1758 2395 1846 Πάμφιλος.

607 1855 786 1929 Signa
847 1860 1036 1911 autem
1093 1860 1500 1931 tempestatum
1562 1850 1965 1928 navigantibus
2009 1848 2384 1928 Tranquillus
2442 1852 2499 1909 iu

466 1939 608 1998 .Pra
626 1938 720 1995 tis
749 1936 837 1993 sic
855 1933 1022 1995 dicit.
1041 1934 1277 1995 Mutatio
1307 1935 1672 2012 tempestatis
1700 1934 2099 2012 exspectanda
2122 1938 2296 1994 estin
2324 1952 2494 2013 aspe-

477 2022 632 2096 riuS,
683 2034 812 2077 cum
854 2019 909 2076 in
949 2026 1229 2078 nocturna
1276 2019 1648 2094 navigatione
1693 2017 1968 2078 scintillat
1998 2018 2069 2078 ad
2110 2036 2309 2078 remos
2341 2028 2407 2077 et
2426 2018 2556 2079 ad2o

478 2100 874 2183 gubernacula
904 2119 1072 2179 aqua.
1133 2100 1198 2161 In
1229 2110 1481 2162 austrum
1526 2102 1685 2161 venti
1729 2104 1967 2162 mutatio
1998 2110 2121 2177 est,
2177 2121 2307 2163 cum
2347 2101 2493 2163 lulli·

477 2191 646 2267 gines
704 2185 1074 2246 irundinesve
1110 2185 1342 2262 volant,
1393 2194 1490 2245 aut
1521 2204 1649 2245 cum
1689 2185 1886 2246 delfini
1936 2194 2092 2247 totos
2145 2205 2211 2246 se
2254 2186 2496 2247 saltibus

481 2270 791 2333 ostendunt
821 2279 918 2331 aut
951 2269 1150 2331 caudis
1179 2287 1383 2348 aquam
1416 2269 1656 2339 feriunt;
1699 2288 1827 2329 nam
1860 2288 2095 2349 semper
2126 2280 2332 2331 ventus
2362 2270 2496 2329 inde

484 2358 696 2430 oritur,
729 2372 845 2432 quo
874 2354 959 2413 illi
990 2354 1270 2415 feruntur.
1332 2352 1459 2413 Nec
1488 2356 1689 2413 mirum
1721 2362 1811 2413 est
1850 2363 2002 2414 muta
2040 2354 2307 2414 animalia
2354 2354 2494 2414 divi·

482 2438 760 2501 nare‘sub
792 2440 1055 2515 gurgite;
1088 2456 1324 2515 semper
1355 2438 1506 2496 enim
1555 2439 1882 2517 incipientis
1915 2455 2091 2497 aurae
2124 2448 2281 2498 motu
2308 2451 2561 2515 aquae25

481 2522 854 2596 inclinantur,
903 2539 1071 2600 quam
1102 2522 1583 2599 permutationem
1612 2523 1785 2582 maris
1827 2524 1993 2600 primi
2023 2522 2297 2585 undarum
2330 2524 2495 2582 inco-

481 2608 575 2667 lae
600 2604 866 2663 sentiunt.
935 2603 1139 2682 Itaque
1176 2614 1424 2683 propter
1454 2606 1727 2683 impetum
1758 2615 2043 2684 pugnant,
2077 2608 2203 2665 sive
2237 2615 2397 2666 metu
2426 2623 2501 2664 ne

484 2690 818 2751 deferantur
853 2690 910 2747 in
944 2688 1145 2767 litora,
1179 2688 1303 2747 sive
1337 2698 1537 2749 natura
1566 2708 1639 2748 ne
1670 2706 2007 2750 aversorum
2049 2692 2315 2750 cervices
2347 2690 2503 2750 unda

483 2773 848 2853 praecipitet.
912 2771 1198 2851 Numquid
1243 2790 1387 2849 ergo
1437 2772 1635 2834 delfini
1679 2782 1893 2833 tantum
1940 2773 2087 2834 banc
2127 2775 2389 2834 iniuriam
2433 2774 2501 2833 ti·

483 2852 684 2917 ment?
748 2855 925 2916 Immo
972 2868 1031 2917 et
1065 2858 1247 2917 ceteri
1279 2858 1519 2935 pisces,
1564 2856 1670 2917 sed
1700 2856 1756 2916 bi
1792 2866 2009 2917 tantum
2047 2866 2332 2936 apparent
2362 2860 2501 2936 quia
2518 2878 2568 2919 30

487 2942 744 3012 exiliunt.
812 2939 1100 3003 Isidorus
1131 2941 1210 3003 de
1236 2949 1472 3003 natura
1502 2959 1709 3001 rerum
1744 2948 1937 3017 38,1.

611 3025 702 3084 De
737 3026 1055 3085 nominibus
1088 3028 1261 3085 maris
1307 3036 1367 3085 et
1407 3026 1695 3086 fluminum
1736 3026 1795 3083 in
1834 2988 2076 3086 ’Pratis
2125 3025 2503 3105 Tranquillus

486 3111 570 3169 sic
598 3098 854 3169 adseruit
892 3109 1124 3170 dicens:
1167 3108 1483 3169 Externum
1526 3128 1717 3169 mare
1750 3108 2018 3170 Oceanus
2055 3120 2167 3188 est,
2213 3111 2507 3171 internum

486 3193 641 3270 quod
667 3211 742 3252 ex
773 3192 1011 3254 Oceano
1049 3193 1192 3267 fluit,
1231 3211 1505 3272 superum
1554 3203 1613 3253 et
1655 3192 1900 3254 inferum
1940 3194 2145 3273 quibus
2187 3194 2355 3256 Italia
2401 3195 2504 3256 ad-

486 3276 677 3335 luitur.
716 3275 850 3335 Ex
833 3279 902 3335 lis
925 3296 1196 3355 superum
1267 3331 1623 3391 Adriaticum
1652 3349 1924 3409 superum
1952 3340 2215 3407 vocatur,
2241 3330 2503 3406 Tyn-he-
2522 3352 2569 3392 35

1270 3433 1399 3473 num
1416 3414 1683 3491 inferum,
1700 3422 1759 3473 ut
1785 3412 2023 3475 Iunilius
2052 3424 2109 3475 et
2126 3414 2505 3494 Tranquillus

1271 3498 1487 3573 dicunt,
1514 3497 1721 3576 quibus
1752 3498 2001 3557 adluitur
2022 3498 2204 3559 ltalia.
2240 3498 2507 3560 Scholia

1271 3578 1620 3641 Ber-nevasia
1650 3580 1738 3641 ad
1774 3579 1948 3661 Ver-9.
1981 3582 2203 3661 Georq.
2246 3592 2296 3659 2,
2333 3592 2461 3645 158.

487 3358 842 3418 Adriaticum
905 3362 1111 3421 dicitur
1142 3371 1198 3419 et

487 3440 739 3501 Tuscum
755 3444 1015 3503 inferum.
1035 3443 1080 3502 F
1095 3462 1124 3502 r
1139 3461 1194 3502 e-

487 3534 558 3583 tu
577 3542 631 3583 m
662 3524 984 3603 angustum,
1037 3528 1201 3606 quasi

486 3607 758 3685 fervenS,
788 3626 985 3688 mare,
1021 3620 1081 3669 ut
1109 3611 1196 3669 Si-
