2700 4234
448 275 571 339 266
954 285 1015 334 ο.
1042 286 1427 336 sum-omns
1461 287 1954 348 rnmqmnnus

449 441 869 518 inscribuntur,
932 458 1286 520 componere
1322 441 1592 518 instituit,
1633 440 2005 522 absolvitque
2041 442 2088 504 C
2125 453 2185 504 et
2221 443 2298 522 L,
2348 446 2476 524 qui·

452 529 560 587 bus
594 535 655 586 et
700 526 849 586 alios
889 523 1106 585 diversi
1153 527 1357 624 ope-ris
1387 533 1591 604 postea
1635 525 1866 586 addidit.
1942 525 2110 587 Fecit
2153 536 2212 586 et
2258 545 2474 588 novum

453 627 639 689 genus
662 617 986 685 togatarum
1010 609 1421 688 inscripsitque
1443 617 1473 668 t
1489 627 1518 666 ι·
1535 627 1566 668 3
1581 607 1616 667 b
1634 626 1666 668 e
1681 627 1711 669 a
1727 619 1749 669 t
1763 628 1794 669 a
1809 630 1858 668 s.
2665 601 2667 740 i

370 697 439 750 22
580 693 658 754 Μ.
691 692 1041 770 Pomponius
1080 691 1429 768 Marcellae,
1475 695 1758 752 sermonis
1791 691 1972 753 Latini
2015 702 2260 754 exactor
2287 693 2472 756 mole-

456 778 769 853 stissimus,
816 777 873 834 in
922 774 1305 836 advocatione
1348 775 1590 853 quadam
1631 777 1790 854 (nam
1832 775 2118 836 interdum
2157 785 2216 836 et
2265 793 2518 836 causass

456 860 701 939 agebat)
747 859 1158 919 soloecismum
1206 858 1277 918 ab
1321 859 1660 919 adversario
1699 859 1911 920 factum
1964 877 2149 938 usque
2191 859 2338 920 adeo
2379 878 2467 919 ar-

456 962 639 1022 guere
695 945 1131 1022 perseveravit,
1186 942 1378 1021 quoad
1427 941 1666 1002 Cassius
1726 943 2021 1019 Severus,
2079 939 2469 1022 interpellatis

455 1027 769 1102 iudicibus,
813 1025 1145 1086 dilationem
1174 1027 1372 1104 petiit,
1417 1034 1478 1084 ut
1520 1026 1776 1102 litigator
1818 1043 1954 1088 suus
1985 1026 2154 1086 alium
2187 1043 2469 1103 gramma-

455 1113 629 1172 ticum
674 1109 1004 1176 adhiberet:
1050 1108 1299 1188 quando
1333 1127 1456 1170 non
1495 1115 1682 1187 putat
1713 1110 1771 1169 is
1801 1127 1938 1171 cum
1977 1110 2348 1170 adversario
2391 1109 2474 1169 de

456 1195 593 1266 iure
622 1193 775 1268 sibi,
808 1193 924 1252 sed
950 1193 1027 1251 de
1056 1193 1420 1254 soloecismo
1451 1194 1938 1254 controversiam
1974 1192 2274 1272 futuram.
2355 1191 2544 1254 Hic1o
2666 1247 2667 1254 ,

457 1277 642 1352 idem,
696 1294 820 1335 cum
865 1294 939 1336 ex
968 1278 1229 1336 oratione
1262 1275 1554 1337 Tiberium
1593 1276 2098 1355 reprehendisset,
2149 1278 2470 1337 affirmante
2665 1257 2667 1328 1

456 1361 632 1420 Ateio
672 1358 991 1438 Capitone,
1045 1369 1104 1419 et
1133 1377 1269 1420 esse
1302 1359 1446 1420 illud
1481 1359 1774 1437 Latinum,
1825 1371 1884 1420 et
1919 1363 1967 1420 si
2009 1379 2125 1422 non
2163 1368 2352 1436 esset,
2381 1359 2470 1419 fu·
2666 1383 2667 1388 ¹

458 1454 643 1504 turum
666 1452 827 1502 certe
852 1445 962 1503 iam
982 1443 1145 1503 inde:
1179 1442 1471 1505 Mentitur
1493 1445 1673 1522 inquit
1698 1442 1923 1523 Capito
1939 1469 1970 1515 ,·
1994 1449 2059 1505 tu
2093 1444 2270 1520 enim,
2307 1442 2470 1504 Gae-

458 1544 603 1602 sar,
660 1526 970 1588 civitatem
1010 1527 1165 1588 dare
1198 1533 1386 1606 potes
1435 1526 1810 1604 hominibus,
1857 1527 2050 1590 verbo
2105 1547 2230 1590 non
2263 1533 2468 1606 potes.

459 1611 720 1688 Pugilem
751 1610 887 1671 olim
918 1611 1131 1688 fuisse,
1162 1612 1399 1672 Asinius
1429 1611 1627 1672 Gallus
1657 1611 1771 1671 hoc
1801 1614 1857 1671 in
1886 1630 2015 1672 eum
2051 1613 2467 1691 epigrammate
2493 1633 2539 1672 ιι

463 1693 743 1755 ostendit:

714 1781 823 1850 Qui
852 1799 981 1854 cap
998 1789 1067 1837 ut
1093 1783 1183 1836 ad
1204 1783 1420 1840 levam
1451 1785 1660 1853 didicit,
1691 1784 2014 1855 glossemata
2041 1785 2194 1842 nobis

847 1865 1153 1937 Praecipit.-
1183 1881 1245 1921 os
1273 1868 1504 1936 nullum,
1537 1869 1623 1922 vel
1637 1869 1823 1938 potius
1841 1869 2082 1941 pupilis!

376 1948 447 2008 23
586 1945 655 2020 Q.
678 1945 971 2004 Remmius
994 1944 1335 2021 Palaemon,
1362 1947 1704 2024 vicetinus,
1735 1946 1987 2006 mulieris
2009 1965 2223 2023 verna,
2266 1948 2470 2024 primo,

462 2037 521 2088 ut
548 2028 772 2104 ferunt,
818 2029 1157 2102 textrinum,
1195 2027 1402 2088 deinde
1430 2027 1674 2089 herilem
1708 2029 1881 2090 lilium
1917 2029 2047 2090 dum
2083 1991 2386 2091 comitatur
2417 2031 2542 2089 inan

461 2111 753 2188 scholam,
798 2111 1020 2171 litteras
1069 2110 1280 2171 didicit.
1353 2112 1565 2173 Postea
1605 2115 1984 2174 manumissus
2030 2114 2226 2174 docuit
2251 2114 2474 2173 Romae

463 2214 535 2256 ac
564 2195 886 2275 principem
912 2194 1105 2255 locum
1132 2195 1281 2254 inter
1310 2199 1720 2274 grammaticos
1765 2199 1976 2274 tenuit,
2025 2215 2354 2276 quanquam
2393 2197 2474 2255 in-

460 2278 629 2339 famis
673 2278 934 2339 omnibus
977 2279 1161 2357 vitiis,
1217 2279 1520 2359 palamque
1567 2289 1626 2338 et
1665 2279 1899 2340 Tiberio
1947 2290 2007 2340 et
2050 2298 2186 2340 mox
2232 2278 2474 2342 Claudio

464 2362 961 2441 praedicantibus,
1016 2362 1245 2422 nemini
1280 2363 1484 2424 minas
1521 2363 1957 2425 institutionem
1989 2382 2330 2443 puerorum
2377 2362 2481 2434 uel

461 2446 744 2507 iuvenum
772 2445 1277 2507 committendam.
1338 2446 1456 2506 Sed
1491 2446 1760 2526 capiebat
1793 2446 2056 2508 homines
2096 2467 2224 2507 cum
2257 2464 2476 2507 memo·
2499 2465 2549 2504 25

462 2531 547 2588 ria
580 2547 802 2604 rerum,
845 2538 961 2588 tum
993 2529 1272 2590 facilitate
1311 2531 1633 2600 sermonis;
1675 2548 1788 2590 nec
1833 2549 1947 2591 non
1991 2533 2161 2592 etiam
2209 2539 2480 2610 poemata

464 2611 718 2672 faciebat
769 2629 843 2671 ex
885 2621 1169 2691 tempore.
1236 2613 1488 2692 Scripsit
1535 2631 1677 2674 vero
1717 2615 1931 2690 variis,
1973 2633 2086 2675 nec
2134 2613 2481 2692 vulgaribus

469 2697 685 2754 metris.
754 2696 1107 2772 Arrogantia
1154 2695 1259 2756 fuit
1289 2705 1478 2772 tanta,
1521 2706 1580 2756 ut
1607 2697 1684 2758 M.
1718 2698 2043 2759 Varronem
2081 2715 2340 2775 porcum
2375 2715 2480 2775 ap-

472 2779 748 2860 pellaret;
780 2796 984 2839 secum
1014 2784 1075 2840 et
1098 2785 1287 2840 natas
1324 2786 1382 2840 el
1407 2779 1748 2841 morituras
1783 2779 2026 2841 litteras
2055 2783 2325 2848 iactaret;
2361 2797 2477 2840 no-

464 2880 597 2924 men
618 2880 794 2923 suum
811 2861 875 2922 in
896 2859 1208 2924 Bucolicis
1230 2881 1355 2924 non
1373 2869 1596 2924 temere
1609 2865 1901 2942 positum,
1925 2863 2486 2943 sedpraesayante
2502 2884 2554 2926 30

473 2934 945 3026 Vir9i1i0,fore
974 2946 1344 3026 quandoque
1372 2947 1636 3008 omnium
1657 2953 1988 3047 poetarum
2021 2965 2100 3009 ac
2123 2954 2484 3026 poematum

464 3031 892 3092 Palaemonem
915 3029 1194 3091 iudicem.
1250 3031 1617 3092 Gloriabatur
1639 3033 1835 3109 etiam,
1861 3030 2141 3092 latrones
2164 3030 2485 3111 quondam

463 3113 589 3175 sibi
621 3120 884 3192 propter
924 3115 1189 3175 nominis·
1234 3113 1652 3176 celebritatem
1675 3115 1984 3194 parsi-sse.
2063 3115 2350 3176 Luxuriae
2396 3115 2484 3174 ita

463 3197 729 3275 indulsit,
771 3206 832 3258 ut
862 3199 1095 3277 saepius
1125 3201 1181 3258 in
1216 3195 1315 3259 die
1346 3199 1606 3276 lavaret,
1647 3217 1756 3259 nec
1787 3199 2084 3260 sufficeret
2131 3197 2479 3279 sumptibus,

466 3299 788 3360 quanquam
842 3300 916 3341 ex
960 3282 1163 3344 schola
1206 3281 1601 3362 quadringena
1656 3301 1839 3343 annua
1898 3291 2174 3361 caperet,
2230 3301 2302 3343 ac
2361 3298 2554 3341 nones

464 3363 641 3424 multo
672 3367 855 3424 minus
884 3383 960 3424 ex
1001 3383 1067 3424 re
1100 3365 1391 3435 familiari;
1439 3367 1602 3427 cuius
1646 3365 2118 3444 diligentissimus
2151 3373 2306 3442 erat,
2354 3383 2486 3426 cum

466 3455 525 3506 et
556 3447 823 3508 officinas
866 3449 1310 3527 promercalium
1342 3452 1585 3511 vestium
1620 3458 1966 3530 exerceret,
2011 3459 2069 3509 et
2112 3466 2291 3527 agros
2329 3447 2482 3509 adeo

468 3528 724 3606 coleret,
777 3539 838 3590 ut
881 3531 1055 3590 vitem
1106 3549 1272 3592 manu
1319 3534 1446 3594 eius
1497 3535 1721 3594 insitam
1767 3534 1906 3594 satis
1948 3495 2183 3627 constet
2225 3530 2482 3594 CCCLX

2257 4174 2454 4183 ΗΔ--μι-...Δ
