2700 4234
489 238 614 300 210
660 249 720 299 e.
755 250 1056 299 sun-rom
1087 250 1344 309 TRANQ.
1378 250 1475 295 DE
1504 248 1672 297 vrrs
1696 232 2243 297 'CAESARUM'L113.
2273 249 2407 297 vn.

433 432 473 487 2
621 404 773 465 Otho
799 407 1120 483 imperator
1143 403 1273 465 1111.
1309 402 1406 463 Kl.
1429 404 1563 465 Mai.
1596 412 1765 464 natus
1793 412 1885 463 est
1914 400 2161 464 Camillo
2197 402 2519 481 Arruntio,
2631 444 2632 477 ι

490 490 746 550 Domitio
771 487 1132 549 Aenobarbo
1158 505 1321 549 cons.
1371 487 1426 548 A
1462 490 1645 567 prima
1678 487 2078 549 adulescentia
2116 487 2403 566 prodigus
2436 506 2519 548 ac

495 590 746 653 procax,
783 572 932 633 adeo
963 582 1024 632 ut
1054 590 1239 651 saepe
1263 570 1464 649 flagris
1486 570 1897 650 obiurgaretur
1919 588 1952 631 a
1978 578 2171 649 patre,
2204 570 2518 632 ferebatur
2631 564 2632 581 ¹

495 668 557 719 et
583 659 789 735 vagari
813 654 1082 717 noctibus
1103 656 1335 732 solitus,
1358 664 1535 734 atque
1556 655 1867 717 invalidum
1890 671 2179 734 quemque
2198 655 2512 716 obviorum

495 741 596 803 vel
620 740 982 821 potulentum
1007 743 1312 820 corripere
1335 757 1407 799 ac
1430 740 1682 801 distento
1708 757 1857 818 sago
1878 739 2212 818 impositum
2240 741 2298 799 in
2321 738 2507 799 subli-
2539 758 2569 797 5

497 845 594 887 me
613 828 852 885 iactare.
897 823 1038 885 Post
1059 826 1240 903 patris
1264 824 1476 885 deinde
1497 832 1740 884 mortem
1760 823 2087 884 libertinam
2110 823 2353 883 aulicam
2364 840 2505 900 gra-

499 912 729 986 tiosam,
755 925 871 987 quo
897 908 1202 970 efficacius
1233 908 1487 985 coleret,
1526 910 1703 968 etiam·
1725 906 1975 985 diligere
1996 906 2287 967 simulavit
2306 924 2505 986 quam-

500 996 592 1054 vis
613 1011 780 1054 anum
815 1010 888 1053 ac
922 1009 1112 1072 paene
1144 991 1530 1070 decrepitam
1574 1009 1683 1070 per
1720 991 1871 1053 hanc
1904 992 2225 1051 insinuatus
2253 990 2506 1067 Neroni,

502 1076 680 1139 facile
704 1094 976 1137 summum
999 1078 1151 1136 inter
1181 1077 1401 1135 amicos
1424 1074 1619 1136 locum
1647 1078 1830 1136 tenuit
1860 1077 2244 1152 congruentia
2264 1091 2506 1152 morum,

499 1171 558 1223 ut
580 1178 724 1222 vero
749 1160 978 1239 quidam
1000 1160 1247 1236 tradunt,
1271 1167 1332 1219 et
1357 1159 1776 1220 consuetudine
1802 1160 1980 1219 mutui
2002 1160 2210 1237 stupri.
2257 1159 2351 1219 Ac
2380 1168 2503 1219 tan·
2528 1175 2585 1216 ιο

497 1256 614 1305 tum
637 1246 897 1323 potentia
919 1242 1119 1321 valuit,
1142 1252 1204 1303 ut
1223 1242 1545 1304 damnatum
1556 1241 1896 1323 repetundis
1914 1242 2281 1303 consularem
2293 1244 2503 1320 virum,

496 1332 705 1407 ingens
731 1328 1047 1407 praemium
1068 1335 1296 1407 pactus,
1321 1328 1484 1406 prius
1500 1345 1669 1406 quam
1684 1325 1859 1406 plane
1878 1328 2304 1388 restitutionem
2321 1329 2377 1386 ei
2400 1328 2503 1386 im-

501 1420 794 1494 petrasset
815 1429 932 1471 non
958 1410 1248 1472 dubitaret
1272 1413 1330 1471 in
1366 1420 1627 1472 senatum
1662 1410 1733 1471 ad
1766 1409 2029 1489 agendas
2066 1413 2289 1489 gratias
2322 1414 2502 1471 intro-

441 1516 478 1571 3
501 1497 740 1557 ducere.
796 1493 1058 1556 Omnium
1081 1504 1270 1556 autem
1296 1495 1674 1556 consiliorum
1688 1503 2170 1574 secretorumque
2181 1496 2503 1575 particeps,

501 1582 618 1657 die,
644 1598 814 1661 quein
837 1578 1135 1640 necandae
1155 1580 1322 1640 matri
1344 1577 1507 1639 Nero
1532 1578 1883 1655 destinarat,
1920 1576 1994 1638 ad
2022 1578 2374 1639 avertendas
2410 1597 2502 1639 su·
2528 1600 2589 1641 ιε

501 1667 802 1745 spiciones
830 1682 1066 1726 caenam
1091 1666 1322 1741 utrique
1345 1664 1831 1742 exquisitissimae
1846 1664 2132 1724 comitatis
2148 1660 2334 1733 dedit;
2356 1664 2495 1723 item

501 1751 836 1829 Poppaeam
859 1748 1128 1808 Sabinam
1153 1756 1292 1807 tunc
1312 1746 1501 1807 adhuc
1522 1748 1765 1808 amicam
1788 1748 1935 1823 eius,
1962 1744 2266 1807 abductam
2288 1749 2497 1809 marito

501 1832 1015 1909 demandatamque
1051 1833 1280 1891 interim
1307 1831 1450 1909 sibi,
1486 1834 1813 1911 nuptiarum
1845 1832 2051 1911 specie
2082 1832 2342 1909 recepit,
2384 1848 2499 1891 nec

502 1917 838 1993 corrupisse
864 1923 1190 1991 contentus,
1217 1913 1367 1975 adeo
1394 1913 1597 1975 dilexit
1616 1924 1679 1975 ut
1700 1933 1774 1975 ne
1797 1915 2038 1976 rivalem
2058 1915 2289 1995 quid‘em
2307 1914 2363 1975 N
2366 1932 2497 1975 ero-

497 2017 630 2059 nem
649 2015 840 2078 aequo
865 1998 1065 2058 tulerit
1083 2000 1294 2059 animo.
1363 1996 1633 2060 Creditur
1656 2007 1819 2059 certe
1840 2017 1958 2061 non
1980 1998 2157 2060 modo
2190 2002 2403 2061 missos
2430 1998 2507 2059 ad
2522 2020 2582 2060 20

501 2082 911 2145 arcessendam
933 2100 1050 2143 non
1077 2084 1407 2162 recepisse,
1434 2082 1739 2163 sedipsum
1764 2084 1935 2144 etiam
1958 2084 2287 2144 exclusisse
2318 2100 2502 2163 quon·

501 2168 631 2230 dam
653 2185 764 2247 pro
789 2166 1012 2242 foribus
1035 2175 1317 2228 astantem
1335 2169 1788 2247 miscentemque
1810 2167 2025 2229 frustra
2058 2170 2240 2228 minas
2276 2176 2335 2227 et
2368 2185 2501 2246 pre·

505 2271 606 2313 ces
641 2270 714 2314 ac
751 2250 1080 2331 depositum
1113 2260 1545 2331 reposcentem.
1616 2252 1810 2327 Quare
1846 2252 2079 2312 diducto
2113 2254 2500 2329 matrimonio,

503 2338 802 2416 sepositus
827 2344 920 2395 est
941 2354 1050 2415 per
1073 2353 1304 2395 causam
1323 2335 1639 2414 legationis
1663 2337 1721 2395 in
1745 2334 2113 2397 Lusitaniam.
2160 2334 2226 2395 Id
2250 2338 2391 2397 satis
2414 2338 2498 2394 vi-

503 2438 644 2497 sum,
667 2437 740 2477 ne
779 2436 972 2497 poena
1006 2421 1202 2479 acrior
1237 2422 1466 2481 mimum
1504 2436 1734 2481 omnem
1762 2418 2125 2497 divulgaret,
2172 2421 2269 2497 qui
2311 2428 2501 2481 tamen
2522 2442 2580 2482 as

501 2506 589 2563 sic
615 2519 848 2580 quoque
872 2502 988 2561 hoc
1013 2502 1263 2563 disticho
1294 2506 1545 2565 enotuit:

725 2582 855 2646 Gur
881 2581 1042 2647 Otho
1070 2586 1318 2649 mentito
1347 2589 1448 2664 sit,
1481 2586 1804 2667 quaeritate,
1836 2587 1983 2649 amul
2008 2586 2287 2649 honore?

883 2668 1118 2731 Uxoris
1141 2670 1434 2733 moechus
1460 2678 1757 2751 coeperat
1784 2688 1920 2732 esse
1946 2689 2120 2733 suae.

617 2754 984 2816 Provinciam
999 2754 1417 2817 administravit
1433 2757 1797 2835 quaestorius
1817 2773 1926 2835 per
1943 2756 2148 2815 decem
2160 2773 2363 2833 annos,
2378 2773 2499 2817 mo-

450 2852 484 2907 4
503 2838 805 2901 deratione
835 2848 1010 2917 atque
1035 2838 1381 2901 abstinentia
1414 2840 1713 2919 singulari.
1745 2840 1824 2902 Ut
1849 2840 2078 2901 tandem
2104 2840 2345 2900 occasio
2372 2840 2499 2900 ulti·
2524 2859 2580 2903 so

504 2925 632 2985 onis
652 2922 781 2984 data
801 2932 911 3001 est,
931 2921 1231 2985 conatibus
1252 2922 1472 2985 Galbae
1489 2927 1707 3003 primus
1722 2926 2003 2995 accessit;
2030 2924 2357 3003 eodemque
2376 2941 2501 2984 mo-

503 3016 698 3069 mento
723 3016 783 3069 et
802 3009 934 3087 ipse
957 3026 1123 3088 spem
1145 3009 1373 3089 imperii
1408 3009 1567 3087 cepit
1600 3024 1866 3086 magnam
1891 3007 2123 3087 quidem
2159 3017 2220 3067 et
2252 3026 2330 3069 ex
2363 3025 2503 3069 con-

505 3093 721 3153 ditione
753 3099 1096 3172 temporum,
1123 3092 1227 3152 sed
1255 3092 1551 3172 aliquanto
1582 3095 1859 3153 maiorem
1883 3112 1960 3153 ex
1990 3094 2371 3154 affirmatione
2394 3094 2505 3153 Se-

502 3176 660 3236 leuci
683 3176 1089 3240 mathematici.
1136 3176 1244 3251 Qui
1276 3194 1406 3237 cum
1428 3194 1559 3237 eum
1578 3176 1715 3237 olim
1738 3179 2110 3255 superstitem
2129 3175 2351 3236 Neroni
2370 3176 2505 3236 fore

505 3256 943 3338 spopondisset,
971 3271 1109 3321 tunc
1143 3261 1295 3321 ultro
1330 3262 1660 3341 inopinatus
1698 3260 2043 3339 advenerat,
2091 3264 2583 3339 imperatui-umas

503 3358 736 3421 quoque
760 3340 924 3401 brevi
953 3347 1385 3422 repromittens.
1436 3344 1613 3407 Nullo
1639 3346 1814 3423 igitur
1839 3346 2019 3407 officii
2048 3355 2145 3407 aut
2178 3344 2503 3405 ambitionis

503 3427 560 3485 in
586 3441 930 3505 quemquam
953 3444 1176 3504 genere
1207 3430 1426 3490 omisso
1442 3476 1459 3507 ,
1496 3432 1767 3508 quotiens
1792 3448 1969 3491 caena
1994 3431 2319 3510 principem
2345 3432 2497 3489 acci-

503 3519 708 3589 peret,
740 3526 952 3571 aureos
977 3511 1288 3572 excubanti
1320 3512 1553 3574 cohorti
1581 3514 1792 3574 viritim
1814 3514 2142 3594 dividebat,
2172 3522 2291 3573 'nec
2312 3516 2499 3574 minus
