2700 4234
437 272 518 334 62
603 282 663 330 c.
695 247 1004 329 'semem
1035 276 1290 336 TRANQ.
1325 275 1421 323 m:
1448 276 1617 323 vrrs
1648 273 2017 322 GAESARUM
2047 275 2187 322 Lm.
2216 274 2294 324 11.

436 439 575 500 satis
609 435 837 510 habuit,
887 451 1014 494 cum
1058 430 1158 492 ille
1189 430 1498 510 Agrippae
1543 429 1770 489 iuvenis
1810 428 2042 489 nomine
2074 428 2460 507 asperrimam

436 524 509 585 de
539 540 606 582 se
636 518 945 599 epistolam
973 518 1030 575 in
1061 515 1273 594 vulgus
1302 513 1612 590 edidisset,
1658 513 1755 572 hic
1800 513 2071 573 convivio
2106 511 2281 591 pleno
2315 531 2458 592 pro-

439 606 777 678 clamasset,
821 618 1013 679 neque
1056 608 1252 660 votum
1301 597 1411 658 sibi
1461 615 1654 676 neque
1697 597 1940 656 animum
1989 596 2200 657 deesse
2246 597 2455 657 confo-

439 688 630 750 diendi
659 705 805 746 eum.
880 682 1137 759 Quadam
1165 699 1310 743 vero
1345 682 1717 760 cognitione,
1751 699 1879 741 cum
1908 679 2165 740 Aemilio
2197 679 2455 741 Aeliano

441 769 804 834 Cordubensi
835 769 983 827 inter
1017 775 1214 828 cetera
1253 767 1489 826 crimina
1519 765 1615 824 vel
1646 765 1893 824 maxime
1928 764 2263 824 obiceretur
2294 763 2455 843 quod
2477 787 2506 828 s

379 909 400 928 ,
437 855 587 918 male
619 853 843 932 opinari
888 850 960 910 de
992 848 1250 911 Caesare
1279 849 1535 926 soleret,
1583 866 1903 909 conversus
1944 847 2016 910 ad
2047 857 2457 909 accusatorem

442 946 844 1014 commotoque
867 935 1066 995 similis
1103 932 1326 1010 Velim,
1357 934 1569 1012 inquit,
1600 931 1719 993 hoc
1739 931 1887 992 mihi
1906 931 2140 1010 probes
2152 956 2183 1003 ,·
2211 931 2459 1010 faciam
2686 905 2688 974 4

441 1025 604 1085 sciat
633 1017 932 1081 Aelianus
975 1025 1034 1078 et
1070 1036 1167 1078 me
1204 1018 1477 1097 linquam
1519 1014 1783 1092 habere,
1830 1015 2027 1094 plura
2068 1016 2225 1076 enim
2257 1015 2333 1076 de
2378 1034 2455 1078 eo
2688 1060 2690 1102 4

442 1109 709 1186 loquam-
753 1121 863 1163 nec
908 1104 1213 1181 quicquam
1257 1100 1407 1161 ultra
1451 1109 1546 1161 aut
1576 1101 1766 1160 statim
1808 1109 1904 1160 aut
1938 1109 2145 1177 postea
2176 1101 2453 1178 inquisiit.

442 1190 678 1252 Tiberio
721 1204 954 1267 quoque
997 1186 1070 1245 de
1109 1185 1313 1246 eadem
1351 1203 1448 1260 re,
1492 1182 1599 1244 sed
1639 1183 1984 1259 violentius,
2043 1182 2196 1262 apud
2240 1201 2306 1242 se
2339 1202 2455 1262 >per
2476 1205 2531 1247 10

443 1273 748 1353 epistolam
785 1270 1161 1349 conquerenti
1191 1270 1268 1329 ita
1301 1269 1639 1346 rescripsit:
1673 1265 1886 1327 Aetati
1913 1276 2075 1344 tuae,
2107 1267 2192 1327 mi
2220 1265 2453 1344 Tiberi,

440 1357 571 1419 noli
613 1356 679 1415 in
717 1354 838 1414 hac
876 1371 948 1413 re
987 1352 1304 1432 iudulyere
1342 1358 1400 1412 et
1436 1352 1685 1412 nimium
1729 1350 2049 1430 indiynari
2092 1368 2456 1430 quemquam

445 1457 610 1515 esse,
643 1438 749 1518 qui
778 1438 855 1497 de
887 1455 983 1496 me
1010 1437 1174 1498 male
1200 1437 1536 1516 loquatur,·
1577 1435 1739 1496 satis
1769 1441 1861 1495 est
1890 1435 2079 1511 enim,
2114 1435 2171 1495 si
2191 1433 2309 1496 hoc
2334 1435 2451 1496 ha·

447 1523 658 1584 bemus
683 1539 761 1582 ne
792 1521 930 1602 quis
960 1518 1142 1582 nobis
1168 1520 1332 1581 male
1356 1519 1578 1598 facere
1597 1519 1821 1599 possit.

359 1615 427 1672 52
572 1606 846 1684 Templa,
880 1606 1140 1684 quamvis
1170 1606 1350 1665 sciret
1380 1605 1551 1665 etiam
1582 1602 2031 1683 proconsulibus
2076 1602 2313 1663 decerni
2356 1620 2453 1662 so·
2478 1623 2528 1664 ιε

444 1693 600 1767 lere,
641 1691 700 1748 in
741 1689 897 1750 nulla
925 1697 1116 1750 tamen
1146 1689 1449 1768 provincia
1491 1688 1601 1747 nisi
1646 1689 1927 1746 communi
1974 1704 2080 1746 suo
2111 1687 2454 1766 Romaeque
2693 1758 2694 1764 ἵ

447 1775 676 1836 nomine
707 1773 934 1851 recepit
967 1773 1216 1853 (namin
1251 1771 1395 1831 urbe
1428 1770 1657 1850 quidem
1690 1771 2152 1851 pertinacissime
2182 1768 2454 1832 abst'Inuit
2693 1769 2694 1846 1

445 1860 558 1918 hoc
591 1855 854 1932 honore)
898 1863 1070 1934 atque
1098 1857 1268 1916 etiam
1306 1864 1619 1932 argenteas
1652 1863 1872 1914 statuas
1916 1855 2051 1914 olim
2088 1854 2198 1914 sibi
2227 1854 2455 1932 positas

448 1940 716 2002 conflavit
758 1939 941 1998 omnis
985 1957 1173 2017 exque
1215 1940 1290 1998 iis
1329 1956 1538 1998 aureas
1591 1939 1843 1999 cortinas
1880 1939 2141 2019 Apollini
2191 1936 2452 1998 Palatino

447 2023 754 2084 dedicavit.
2052 2073 2057 2080 .
2465 2041 2521 2083 20

566 2105 916 2167 Dictaturam
959 2124 1165 2184 magna
1211 2108 1268 2166 vi
1313 2106 1598 2167 offerente
1644 2106 1897 2185 populo,
1949 2124 2107 2184 genu
2146 2105 2313 2166 nixus
2353 2105 2451 2164 de·
2694 2107 2697 2232 ι

362 2194 596 2257 53iecta
639 2189 711 2249 ab
749 2191 959 2250 umeris
1003 2199 1142 2267 toga
1184 2190 1336 2251 nudo
1382 2199 1625 2269 pectore
1660 2190 2009 2268 deprecatus
2048 2199 2157 2250 est.
2220 2188 2453 2250 Domini
2695 2233 2696 2236 η

446 2273 901 2354 appellationem
944 2283 1004 2334 ut
1042 2273 1407 2335 maledictum
1445 2282 1503 2334 et
1544 2273 1923 2353 obprobrium
1964 2290 2198 2353 semper
2238 2272 2450 2334 exhor·

446 2361 578 2418 ruit.
647 2354 824 2435 Cum,
857 2366 1162 2436 spectante
1193 2376 1265 2419 eo
1296 2359 1498 2435 ludos,
1533 2358 1954 2437 pronuntiatum
1980 2365 2141 2418 esset
2160 2359 2216 2417 in
2242 2358 2449 2416 mimo:

449 2440 498 2503 Ο
541 2441 847 2502 dominum
889 2457 1147 2521 aequum
1192 2449 1253 2503 et
1290 2441 1553 2504 bonum!
1597 2450 1655 2501 et
1701 2442 1956 2502 universi
2002 2442 2165 2520 quasi
2204 2440 2275 2501 de
2317 2442 2450 2519 ipso
2470 2465 2523 2505 2⁵

446 2527 656 2585 dictum
701 2525 1027 2584 exultantes
1076 2526 1589 2604 comprobassent,
1638 2535 1696 2585 et
1736 2527 1923 2586 statim
1962 2543 2130 2586 manu
2172 2523 2450 2602 vultuque

445 2608 750 2668 indecoras
781 2607 1139 2668 adulationes
1182 2612 1466 2687 repressit
1516 2619 1572 2669 et
1602 2609 1939 2687 insequenti
1963 2609 2056 2669 die
2097 2609 2449 2687 gravissimo

449 2691 731 2769 corripuit
766 2691 990 2762 edicto;
1023 2691 1425 2771 dominumque
1456 2711 1522 2753 se
1548 2693 1795 2772 posthac
1818 2693 2108 2772 appellari
2136 2711 2209 2752 ne
2242 2711 2274 2752 a
2306 2691 2449 2751 libe-

445 2777 526 2835 ris
555 2773 784 2853 quidem
827 2783 922 2836 aut
959 2776 1272 2856 nepotibus
1306 2779 1425 2837 suis
1456 2777 1551 2836 vel
1592 2778 1750 2837 serio
1782 2777 1877 2836 vel
1922 2778 2057 2837 ioco
2091 2793 2301 2856 passus
2336 2782 2449 2852 est,

447 2868 618 2936 atque
659 2859 784 2919 eius
822 2859 977 2920 modi
1018 2859 1324 2922 blanditias
1356 2862 1525 2922 etiam
1558 2862 1706 2920 inter
1736 2861 1900 2940 ipsos
1940 2860 2254 2940 prohibuit.
2316 2859 2449 2919 Non
2468 2883 2519 2927 ιω

444 2952 662 3002 temere
689 2942 831 3003 urbe
863 2944 1160 3023 oppidove
1203 2944 1323 3005 ullo
1356 2963 1636 3023 egressus
1676 2954 1771 3006 aut
1813 2962 2101 3025 quoquam
2146 2945 2450 3020 ingressus

446 3033 533 3085 est
561 3025 673 3086 nisi
705 3044 960 3106 vespera
995 3036 1090 3088 aut
1114 3038 1321 3106 noctu,
1351 3046 1427 3088 ne
1462 3046 1633 3107 quem
1666 3029 1847 3089 officii
1880 3047 2053 3090 causa
2077 3028 2448 3108 inquietaret.

441 3109 508 3169 In
544 3112 841 3172 consulatu
876 3111 1121 3189 pedibus
1160 3111 1324 3189 fere,
1372 3121 1536 3173 extra
1568 3112 1923 3186 consulatum
1957 3122 2139 3191 saepe
2172 3111 2450 3189 adaperta

444 3192 590 3252 sella
618 3212 726 3272 per
755 3194 1046 3274 publicum
1077 3197 1334 3257 incessit.
1397 3195 1747 3258 Promiscuis
1780 3196 2221 3258 salutationibus
2252 3194 2449 3256 admit-

443 3273 600 3335 tebat
642 3285 700 3336 et
744 3277 1010 3357 plebem,
1067 3289 1221 3341 tanta
1278 3281 1547 3340 comitate
1594 3281 1919 3342 adeuntium
1963 3278 2248 3340 desideria
2290 3277 2514 3340 cxci-3⁸

445 3359 640 3436 piens,
683 3368 743 3419 ut
773 3361 1056 3438 quendam
1089 3365 1223 3426 ioco
1258 3365 1637 3442 corripuerit,
1682 3364 1837 3442 quod
1879 3364 1974 3426 sic
2011 3363 2137 3424 sibi
2180 3360 2449 3425 libellum

437 3441 766 3521 porriyere
796 3441 1140 3524 dubitaret,
1185 3447 1374 3526 quasi
1398 3447 1721 3527 elephanto
1756 3448 1993 3528 stipem.
2075 3447 2185 3508 Die
2215 3453 2449 3507 senatus

441 3543 743 3605 numquam
786 3537 985 3607 patres
1029 3527 1138 3591 nisi
1177 3532 1234 3590 in
1279 3531 1437 3591 curia
1481 3530 1752 3592 salutavlt
1800 3541 1859 3592 et
1905 3531 2136 3612 quidem
2168 3528 2446 3602 sedentis,
