2700 4234
378 308 395 313 ’
476 312 601 374 216
646 323 707 372 c.
733 323 1034 372 sun‘rom
1057 323 1313 383 Tamo.
1337 323 1434 370 DE
1456 324 1624 372 vrrs
1647 323 2018 372 cfflsamm
2039 325 2180 373 Lus.
2201 322 2327 373 vn.

476 479 714 539 nitentia
746 496 915 556 quam
947 495 1179 538 suorum
1212 476 1602 538 obtestatione
1634 479 1882 556 obligari
1915 481 2220 559 curarique
2253 499 2319 540 se
2351 497 2484 559 pas-

476 582 612 641 sus,
646 564 704 621 in
736 561 941 622 eadem
972 561 1231 621 custodia
1262 561 1467 620 morbo
1508 563 1699 640 periit.
1732 561 1796 622 L.
1834 581 1910 622 ex
1943 565 2246 624 consulatu
2277 567 2486 639 Syriae

478 647 884 726 praepositus,
928 644 1279 706 Artabanum
1326 644 1662 706 Parthorum
1713 665 1918 724 regem
1975 649 2213 716 summis*
2261 647 2484 707 artibus

476 748 595 792 non
624 729 799 790 modo
830 729 902 790 ad
936 729 1307 808 conloquium
1336 747 1524 804 suum,
1555 728 1661 789 sed
1697 733 1868 790 etiam
1905 731 1978 790 ad
2020 730 2356 790 veneranda
2397 731 2480 790 le-

478 817 714 893 gionum
745 815 911 890 signa
938 813 1201 892 pellexit.
1266 811 1406 872 Mox
1450 830 1576 872 cum
1617 811 1859 874 Claudio
1901 816 2165 894 principe
2207 814 2355 874 duos
2393 816 2521 880 in-is

480 917 661 978 super
688 897 1015 959 ordinarios
1048 897 1382 958 consulatus
1409 915 1830 976 censuramque
1853 899 2057 976 gessit.
2103 895 2312 958 Curam
2337 915 2477 976 quo-

482 1002 595 1064 que
628 983 854 1060 imperii
882 981 1171 1056 sustinuit,
1204 979 1450 1040 absente
1485 997 1560 1042 eo
1598 982 1975 1060 expeditione
1999 981 2354 1050 Britannica;
2389 983 2480 1041 vir

479 1071 759 1128 innocens
798 1075 856 1125 et
889 1065 1221 1142 industrius,
1254 1064 1363 1124 sed
1390 1081 1589 1125 amore
1623 1065 1928 1126 libertinae
1965 1066 2331 1146 perinfamis,
2378 1083 2476 1124 cu-

478 1155 567 1212 ius
606 1152 779 1212 etiam
807 1150 1007 1210 salivis
1038 1148 1217 1209 melle
1248 1139 1602 1224 co'mmixtis,
1646 1167 1720 1208 ne
1763 1149 1912 1212 clam
1941 1151 2172 1228 quidem
2202 1159 2296 1210 anit
2340 1167 2478 1209 raro

480 1237 587 1297 sed
620 1235 836 1296 cotidie
880 1251 951 1294 ac
986 1232 1215 1333 palam,
1246 1234 1493 1294 arterias
1525 1241 1586 1292 et
1611 1233 1818 1294 fauces
1857 1251 1968 1312 pro
2007 1233 2268 1294 remedio
2309 1233 2551 1298 iove-10

477 1319 595 1380 bat.
638 1318 801 1380 Idem
824 1318 952 1376 miri
983 1319 1041 1376 in
1070 1315 1356 1376 adulando
1385 1318 1623 1395 ingenii,
1659 1317 1877 1396 primus
1904 1313 1972 1376 G.
1999 1317 2310 1379 Caesarem
2337 1317 2480 1380 ado-

476 1421 611 1464 rare
640 1411 701 1462 ut
730 1402 899 1462 deum
929 1401 1193 1476 instituit,
1227 1419 1356 1462 cum
1383 1419 1662 1466 reversus
1691 1419 1768 1462 ex
1799 1402 1968 1476 Syria
1985 1419 2104 1462 non
2123 1401 2297 1464 aliter
2317 1401 2480 1462 adire

478 1505 651 1548 ausus
682 1494 845 1546 esset
877 1503 1049 1564 quam
1080 1486 1275 1562 capite
1306 1485 1505 1546 velato
1538 1487 2106 1564 circumvertensque
2137 1503 2236 1561 se,
2269 1485 2480 1546 deinde

480 1569 891 1650 procumbens.
959 1568 1259 1630 Claudium
1284 1569 1563 1630 uxoribus
1594 1569 1936 1648 libertisque
1960 1570 2249 1630 addictum
2273 1585 2350 1629 ne
2365 1587 2481 1648 qua

478 1672 595 1716 non
620 1665 745 1716 arte
774 1654 1195 1729 demereretur,
1226 1670 1334 1731 pro
1367 1655 1616 1714 maximo
1647 1671 1884 1715 munere
1916 1672 1949 1714 a
1975 1653 2293 1714 Messalina
2311 1655 2476 1731 petit,
2502 1672 2554 1714 ιε

478 1749 540 1799 ut
576 1739 687 1798 sibi
716 1738 902 1818 pedes
945 1737 1261 1816 praeberet
1303 1737 1752 1806 excalciandos;
1797 1737 2231 1817 detractumque
2269 1753 2477 1798 soccu-

480 1824 595 1884 lum
632 1822 895 1882 dextrum
926 1823 1075 1882 inter
1104 1830 1299 1898 togam
1340 1823 1684 1901 tunicasque
1725 1824 1980 1899 gestavit
2023 1821 2288 1897 assidue,
2337 1838 2477 1880 non-

480 1922 785 1983 numquam
812 1905 1263 1966 osculabundus.
1326 1903 1589 1965 Narcissi
1621 1923 1855 1984 quoque
1887 1915 1948 1966 et
1980 1905 2258 1967 Pallantis
2279 1907 2476 1984 imagi·

480 2009 585 2050 nes
614 2003 823 2048 aureas
854 1989 1004 2048 inter
1029 1988 1207 2049 Lares
1241 1987 1440 2049 coluit.
1507 1987 1690 2050 Huius
1719 1999 1777 2050 et
1805 1990 1902 2050 illa
1945 2007 2064 2051 vox
2107 1999 2228 2050 est:
2273 1989 2480 2069 Saepe

476 2073 731 2153 facias!
778 2090 906 2133 cum
936 2072 1289 2132 Saeculares
1334 2072 1506 2132 ludos
1554 2074 1749 2134 edenti
1785 2074 2020 2134 Claudio
2060 2073 2474 2151 gratularetur.
2496 2095 2549 2135 ιο

426 2172 457 2225 3
479 2157 755 2218 Decessit
786 2155 1042 2236 paralysi
1072 2154 1267 2217 altero·
1286 2156 1380 2217 die
1412 2175 1580 2236 quam
1611 2167 1920 2236 correptus
1945 2167 2056 2234 est,
2089 2157 2320 2218 duobus
2345 2157 2479 2218 liliis

478 2240 917 2320 superstitibus,
942 2258 1093 2320 quos
1110 2257 1199 2300 ex
1231 2239 1477 2301 Sextilia
1509 2241 1917 2320 probatissima
1949 2259 2063 2302 nec
2103 2242 2350 2320 ignobili
2391 2241 2477 2302 fe·-

478 2328 627 2387 mina
656 2326 847 2386 editos
878 2324 1151 2386 consules
1183 2325 1358 2401 vidit,
1393 2335 1453 2386 et
1487 2325 1718 2403 quidem
1749 2327 1960 2389 eodem
1987 2325 2190 2387 ambos
2234 2335 2479 2404 totoque

480 2428 651 2486 anno,
684 2428 813 2472 cum
837 2410 1041 2470 maiori
1074 2409 1261 2469 minor
1289 2410 1347 2468 in
1379 2427 1487 2470 sex
1515 2427 1750 2470 menses
1779 2411 2190 2470 successisset.
2257 2409 2476 2470 Defun-

480 2503 633 2554 ctum
664 2503 899 2554 senatus
929 2492 1171 2592 publico
1200 2491 1408 2554 funere
1437 2493 1776 2572 bonoravit,
1821 2497 1958 2556 item
1997 2504 2184 2554 statua
2227 2511 2338 2574 pro
2379 2511 2472 2553 ro·
2493 2517 2546 2557 es

478 2578 615 2637 stris
659 2594 783 2636 cum
826 2577 936 2636 hac
978 2577 1389 2656 inscriptione.
1455 2579 1776 2656 pietatis
1837 2578 2237 2639 immobilis
2295 2596 2476 2656 erga

478 2677 517 2740 p
532 2661 591 2720 ri
607 2678 644 2720 n
660 2661 721 2720 ci
733 2678 770 2739 p
788 2679 821 2719 e
832 2677 908 2720 m.

560 2745 635 2804 A.
660 2739 931 2804 Vitellius
966 2745 1028 2804 L.
1057 2744 1205 2804 filius
1229 2743 1557 2824 Imperator
1589 2697 1755 2806 natus
1793 2756 1884 2806 est
1919 2745 2342 2808 vl11.1ss.o‹·.t.
2377 2745 2478 2805 vel

476 2837 537 2888 ut
552 2827 781 2906 quidam
802 2827 930 2889 Vll.
956 2827 1041 2890 ld.
1065 2830 1229 2908 Sept.
1249 2828 1446 2889 Druso
1472 2825 1754 2907 Caesare,
1777 2830 2050 2894 Norbano
2063 2829 2284 2891 Flacco
2309 2847 2474 2891 cons.

479 2910 807 2988 Genituram
834 2913 960 2972 eius
991 2914 1347 2992 praedictam
1391 2931 1424 2975 a
1455 2913 1874 2976 mathematicis
1920 2916 1998 2976 ita
2043 2925 2319 2993 parentes
2373 2933 2472 2976 ex·
2496 2934 2552 2978 so

476 2995 853 3073 horruerunt,
884 3007 947 3057 nt
976 3006 1144 3076 pater
1180 3014 1392 3074 magno
1441 3014 1630 3076 opere
1671 3017 1908 3078 semper
1958 2998 2354 3077 contenderit,
2401 3017 2476 3058 ne

476 3097 589 3159 qua
620 3083 675 3141 ei
705 3081 1007 3160 provincia
1038 3084 1173 3142 vivo
1206 3099 1274 3142 se
1308 3085 1786 3160 committeretur,
1815 3091 2002 3144 mater
2031 3092 2089 3144 et
2132 3085 2371 3144 missum
2405 3082 2478 3143 ad

458 3165 743 3242 legiones
792 3174 851 3226 et
890 3167 1247 3244 appellatum
1290 3166 1706 3244 imperatorem
1749 3184 1858 3246 pro
1901 3167 2122 3228 afflicto
2165 3168 2357 3229 statim
2391 3166 2476 3227 la-

473 3258 723 3310 mentata
770 3251 862 3309 sit.
941 3250 1251 3311 Pueritiam
1300 3251 1656 3328 primamque
1713 3251 2169 3312 adulescentiam
2225 3248 2476 3330 Capreis

474 3333 595 3408 egit
624 3335 777 3394 inter
804 3333 1107 3396 Tiberi-aua
1139 3343 1371 3410 scorta,
1405 3344 1464 3396 et
1494 3336 1623 3413 ipse
1659 3346 1950 3414 perpetuo
1982 3335 2342 3414 spintheriae
2372 3351 2475 3396 co·
2495 3359 2549 3400 35

472 3418 745 3490 gnomine
786 3425 1019 3476 notatus
1068 3419 1550 3498 existimatusque
1605 3421 1877 3498 corporis
1925 3421 2116 3496 gratia
2159 3422 2375 3480 initium
2413 3429 2476 3480 et

474 3515 653 3558 causa
690 3502 1176 3562 incrementorum
1212 3503 1365 3580 patri
1403 3501 1626 3579 fuisse,
1675 3507 1946 3583 sequenti
1993 3521 2229 3602 quoque
2275 3513 2474 3564 aetate

475 3581 736 3642 omnibus
778 3582 1013 3662 prob-ris
1055 3587 1492 3647 contaminatus.
1574 3547 1956 3667 Praecipuum
1997 3589 2054 3648 in
2099 3589 2231 3650 aula
2275 3589 2474 3650 locum
