2700 4234
450 258 569 324 108
614 273 675 321 c.
709 271 1012 334 snmom
1042 270 1299 331 Tremo.
1330 271 1428 318 ms:
1452 269 1623 318 vrrA
1653 269 2024 316 CAESARUM
2054 269 2191 316 Lm.
2227 271 2334 321 111.
2381 305 2400 348 ··-.

445 428 774 491 inconsulto
832 445 899 488 se
938 426 1186 500 adisset,
1242 432 1480 502 questus
1521 432 1611 482 est
1655 424 1714 482 in
1753 431 1980 486 senatu.
2046 421 2242 484 Etiam
2279 441 2456 486 causa

444 514 645 575 mortis
685 511 867 572 fuisse
918 511 975 570 ei
1023 527 1131 588 per
1156 505 1275 567 CN.
1321 506 1590 567 Pisonem
1632 505 1888 583 legatum
1932 506 2138 580 Syriae
2179 506 2452 587 creditur,

448 615 617 676 quem
656 613 793 656 mox
831 595 997 654 huius
1045 592 1293 653 criminis
1333 609 1496 650 reum
1539 598 1736 669 putant
1766 588 1996 670 quidam
2024 589 2290 651 mandata
2316 609 2452 670 pro-

446 663 723 756 laturum,
763 679 871 738 nisi
919 695 991 738 ea
1036 684 1268 736 secreto
1305 681 1596 736 ostentant
1626 673 1753 709 ***
1789 692 1938 752 quae
1971 673 2340 734 multifariam
2370 676 2451 734 in·
2523 739 2531 746 ,

445 765 725 841 scriptum
766 771 824 820 et
874 778 979 838 per
1022 767 1231 820 noctes
1272 757 1626 819 creberrime
1658 756 2037 818 adclamatum
2068 767 2188 817 est:
2235 757 2456 831 Redde
2480 759 2547 822 ε’

445 845 907 908 Germanicum!
962 845 1143 918 Quam
1192 843 1586 920 suspicionem
1636 842 1995 902 confirmavit
2041 843 2172 920 ipse
2224 852 2452 922 postea,

446 931 698 1006 coniuge
744 928 915 990 etiam
954 946 1025 988 ac
1066 926 1269 986 liberis
1302 925 1628 986 Germanici
1671 924 1965 986 crudelem
2005 927 2064 984 in
2098 925 2330 986 modum
2371 926 2453 986 af·

448 1014 638 1074 flictis.

360 1109 431 1164 53
571 1096 787 1156 Nurum
815 1094 1231 1172 Agrippinam,
1267 1101 1402 1171 post
1427 1091 1614 1152 mariti
1643 1101 1885 1152 mortem
1916 1091 2155 1152 liberius
2187 1093 2453 1171 quiddam

445 1189 735 1259 questam,
776 1195 944 1237 manu
986 1175 1369 1254 apprehendit
1400 1174 1745 1254 Graecoque
1780 1194 1958 1237 versu
1989 1173 2062 1236 Si
2091 1195 2216 1237 non
2249 1177 2444 1238 domi·
2471 1197 2526 1242 ιο

442 1263 653 1336 nari-5,
693 1262 905 1338 inquit,
936 1258 1169 1338 filiola,
1202 1259 1498 1320 iniuriam
1531 1265 1588 1319 tc
1620 1259 1908 1338 accipere
1938 1259 2310 1322 existimas?
2341 1279 2454 1321 nec

442 1347 562 1407 ullo
593 1361 729 1404 mox
760 1360 1029 1404 sermone
1060 1343 1327 1421 dignatus
1356 1351 1468 1402 est.
1532 1340 1832 1417 Quondam
1860 1361 2004 1403 vero
2033 1344 2183 1404 inter
2213 1362 2454 1406 caenam

444 1436 719 1510 porrecta
764 1445 797 1486 a
846 1445 910 1486 se
953 1444 1125 1506 poma
1156 1436 1394 1504 gustare
1426 1444 1544 1487 non
1577 1444 1770 1487 ausam
1807 1429 1974 1487 etiam
2005 1444 2225 1487 vocare
2257 1427 2452 1504 desiit,

446 1511 715 1578 simula-ns
740 1512 950 1570 veneni
976 1529 1043 1570 se
1073 1511 1310 1571 crimine
1341 1511 1594 1579 accersi;
1629 1529 1753 1570 cum
1788 1518 2210 1588 praestructum
2240 1520 2452 1572 utrum·

446 1614 557 1676 que
589 1594 854 1655 consulto
888 1603 1064 1671 esset,
1100 1603 1161 1654 ut
1188 1603 1247 1653 et
1275 1595 1406 1672 ipse
1434 1593 1746 1672 temptandi
1769 1595 1958 1670 gratia
1991 1593 2229 1655 offerret
2264 1604 2324 1656 et
2353 1595 2453 1656 illa
2473 1617 2524 1660 ιε»

446 1680 613 1758 quasi
654 1679 1032 1739 certissimum
1090 1678 1323 1738 exitium
1368 1687 1621 1738 caveret.
1695 1676 2025 1738 Novissime
2074 1677 2454 1740 calumniatus

440 1762 616 1823 modo
652 1761 723 1823 ad
755 1771 996 1822 statuam
1016 1761 1266 1837 Augusti
1296 1761 1470 1822 modo
1501 1760 1574 1820 ad
1596 1761 1890 1820 exercitus
1923 1761 2246 1839 confugere
2270 1763 2450 1839 velle,

444 1845 837 1906 Pandatariam
880 1844 1200 1921 relegavit,
1246 1845 1703 1922 convitiantique*
1740 1843 1969 1904 oculum
2019 1861 2127 1922 per
2163 1848 2452 1906 centurio·

441 1947 573 1988 nem
605 1926 945 1987 verberibus
978 1928 1252 1987 excussit.
1310 1929 1534 1988 Rursus
1563 1929 1710 1988 mori
1739 1928 1928 1988 inedia
1961 1927 2300 2007 destinanti,
2345 1947 2452 2008 per

441 2013 555 2071 vim
595 2028 699 2071 ore
742 2010 1003 2087 diducto,
1050 2010 1300 2070 infulciri
1348 2011 1537 2071 cibum
1573 2012 1754 2072 iussit.
1820 2011 1937 2072 Sed
1971 2018 2029 2070 et
2064 2029 2525 2090 perseveram-20

441 2106 555 2154 tem
601 2101 771 2173 atque
810 2095 889 2154 ita
919 2092 1277 2172 absumptam
1309 2096 1781 2156 criminosissime
1810 2096 2127 2155 insectatus
2157 2103 2273 2173 est,
2323 2114 2454 2156 cnm

442 2178 590 2238 diem
616 2194 847 2256 quoque
868 2167 1119 2238 natalem
1147 2179 1272 2239 eius
1292 2180 1444 2239 inter
1472 2179 1734 2240 nefastos
1757 2177 2128 2239 referendum
2149 2181 2452 2240 suasisset.

439 2262 747 2340 Imputavit
776 2262 979 2337 etiam,
1027 2261 1183 2339 quod
1210 2279 1325 2322 non
1359 2262 1570 2341 laqueo
1607 2263 2025 2340 strangulatam.
2050 2265 2108 2323 in
2141 2262 2454 2324 Gemonias

440 2344 751 2404 abiecerit!
799 2363 1021 2422 proque
1077 2345 1177 2405 tali
1221 2345 1526 2406 clementia
1568 2346 1859 2422 interponi
1901 2346 2198 2406 decretum
2240 2364 2452 2426 passus

441 2437 565 2503 est,
610 2445 725 2504 quo
770 2428 880 2487 sihi
919 2429 1141 2503 gratiae
1164 2437 1478 2506 agerentur
1523 2439 1580 2488 et
1610 2426 1940 2507 Capitolino
1971 2429 2101 2491 Iovi
2133 2430 2342 2491 donum
2374 2448 2529 2492 exa

441 2523 581 2570 auro
614 2519 960 2569 sacraretur.

358 2600 425 2654 54
565 2590 707 2652 cam
744 2611 818 2652 ex
849 2592 1190 2655 Germanico
1221 2604 1343 2656 tres
1376 2606 1654 2675 nepotes,
1697 2595 1991 2656 Neronem
2022 2605 2081 2656 et
2108 2595 2359 2657 Drusum
2392 2606 2454 2657 et

442 2676 670 2752 Gaium,
719 2695 795 2737 ex
826 2677 1018 2737 Druso
1063 2695 1230 2738 unum
1264 2677 1556 2740 Tiberium
1598 2679 1876 2754 haberet,
1922 2679 2226 2740 destitutus
2259 2689 2452 2740 morte

438 2760 752 2821 liberorum
804 2762 1083 2821 maximos
1143 2770 1275 2822 natu
1324 2762 1408 2822 *de
1461 2763 1783 2824 Germanici
1827 2762 1994 2840 filiis,
2043 2762 2340 2824 Neronem
2392 2773 2453 2823 et

437 2844 701 2921 Drusum,
731 2845 988 2924 patribus
1021 2847 1372 2924 conscriptis
1396 2846 1816 2907 commendavit
1845 2846 2114 2926 diemque
2145 2850 2448 2939 utriusque
2469 2866 2530 2908 so

438 2929 685 2989 tirocinii
729 2929 1028 3006 congiario
1068 2929 1267 3008 plebei
1317 2929 1451 2990 dato
1495 2931 1834 2991 celebravit.
1899 2931 2015 2990 Sed
2045 2940 2108 2991 ut
2141 2933 2450 3011 comperit,

437 3013 667 3071 ineunte
696 3029 845 3072 anno
874 3029 980 3091 pro
1013 3029 1211 3073 eorum
1243 3031 1478 3091 quoque
1507 3014 1691 3074 salute
1726 3014 1960 3093 publice
1989 3023 2125 3076 vota
2153 3023 2450 3094 suscepta,

438 3097 560 3170 egit
604 3114 729 3156 cum
761 3105 997 3173 senatu,
1040 3115 1165 3158 non
1195 3095 1420 3158 debere
1455 3098 1612 3158 talia
1634 3098 1928 3177 praemia
1959 3096 2153 3159 tribui
2177 3099 2305 3160 nisi
2335 3117 2446 3158 cm-

432 3177 631 3255 pertis
662 3185 722 3238 et
750 3185 954 3240 aetate
973 3181 1321 3258 provectis.-
1375 3190 1548 3259 atque
1583 3201 1658 3244 ex
1688 3199 1795 3258 eo,
1843 3181 2135 3260 patefacta
2165 3183 2449 3242 interiore

437 3263 602 3319 animi
654 3263 747 3322 sui
794 3271 962 3340 nota,
1018 3265 1263 3324 omnium
1309 3264 1796 3327 criminationibus
1841 3265 2132 3326 obnoxios
2177 3265 2448 3342 reddidit,
2471 3281 2532 3324 ss

436 3344 708 3421 variaque
751 3344 953 3407 fraude
1004 3347 1303 3424 inductos,
1345 3357 1406 3408 ut
1448 3357 1508 3408 et
1539 3350 1970 3410 concitarentur
1998 3349 2072 3408 ad
2105 3350 2355 3409 convitia
2390 3357 2456 3408 et

438 3429 709 3486 concitati
743 3429 1158 3507 proderentur,
1193 3435 1492 3492 accusavit
1521 3451 1630 3512 per
1664 3433 1890 3494 litteras
1920 3433 2276 3495 amarissime
2308 3449 2448 3500 con-

434 3509 620 3583 gestis
663 3512 829 3572 etiam
862 3511 1130 3590 probris,
1172 3522 1229 3572 et
1252 3514 1535 3586 iudicatos
1566 3517 1752 3577 hostis
1780 3517 1932 3577 fame
1961 3517 2222 3578 necavit:
2259 3515 2451 3577 Nero·
