2700 4234
987 273 1329 323 mmmmm.
2033 267 2062 326 1
2078 267 2107 326 1
2118 267 2148 328 1

163 434 257 494 bat
302 429 523 507 accipi,
569 427 919 507 dicebatque
959 428 1303 489 identidem:
1351 427 1641 507 Oderint,
1689 431 1830 492 dum
1851 431 2157 511 probent!

165 519 303 578 Dein
330 531 470 574 vera
505 512 677 592 plane
713 521 988 591 certaque
1016 531 1151 574 esse
1181 515 1309 592 ipse
1336 514 1476 575 fecit
1506 514 1693 574 iidem.
2069 587 2074 592 a

278 600 343 660 ln
376 598 575 676 paucis
605 594 811 656 diebus
845 615 1011 676 quam
1045 593 1305 675 Capreas
1340 599 1528 676 attigit
1559 601 1870 678 piscatori,
1917 603 2011 679 qui
2045 601 2244 671 sibino

165 692 445 748 secretum
480 681 675 758 agenti
703 679 984 758 grandem
1010 680 1243 741 mullum
1274 682 1640 760 inopinanter
1669 683 1992 762 obtulerat,
2025 703 2156 764 per-

124 768 354 833 sfricari
396 765 603 826 eodem
646 765 811 842 pisce
853 764 1063 825 faeiem
1107 765 1305 843 iussit,
1334 767 1603 844 territus,
1645 765 1800 846 quod
1843 770 1893 828 is
1925 787 1958 829 a
1987 777 2158 847 tergo

161 852 379 914 insulae
413 867 521 929 per
551 865 763 926 aspera
787 857 844 908 et
874 847 1041 909 devia
1066 851 1389 927 erepsisset
1411 850 1484 912 ad
1506 869 1602 921 se;
1636 851 1948 928 gratulanti
1972 863 2162 914 autem

159 940 304 997 inter
336 950 609 1014 poenam,
642 931 795 1011 quod
828 949 946 992 non
976 941 1035 992 et
1065 932 1379 1010 lucustam,
1412 952 1579 1012 quam
1611 935 2032 1013 praegrandem
2065 956 2156 998 ce-

162 1027 354 1100 perat,
400 1015 731 1091 obtulisset,
765 1014 988 1076 lucusta
1020 1033 1250 1096 quoque
1280 1017 1527 1079 lacerari
1561 1035 1628 1078 os
1660 1021 1983 1097 imperavit.
2056 1021 2158 1082 Mi-

159 1106 314 1165 litem
347 1100 776 1180 praetorianum
804 1098 881 1158 ob
905 1098 1239 1178 subreptum
1269 1119 1303 1160 e
1333 1102 1625 1162 viridiario
1657 1120 1944 1182 pavonem
1969 1106 2160 1182 capite

94 1210 143 1251 10
161 1187 359 1267 puniit.
421 1184 488 1244 In
527 1182 771 1262 quodam
807 1183 1012 1244 itinere
1057 1183 1296 1261 lectica,
1340 1203 1452 1264 qua
1487 1185 1840 1264 vehebatur,
1881 1188 2161 1266 vepribus

157 1268 465 1349 impedita,
523 1266 957 1345 exploratorem
1007 1269 1173 1346 viae,
1243 1269 1551 1346 primarum
1598 1271 1920 1331 cohortium
1963 1281 2159 1331 centu·

157 1356 413 1430 rionem,
468 1359 701 1410 stratum
738 1349 891 1410 humi
934 1370 1121 1430 paene
1163 1351 1236 1412 ad
1278 1370 1484 1414 necem
1521 1354 1873 1416 verberavit.
1933 1354 2074 1415 Mox
2103 1357 2158 1414 in
2179 1367 2239 1421 61

160 1456 327 1500 omne
357 1453 545 1514 genus
577 1432 933 1495 crudelitatis
965 1436 1187 1514 erupit,
1225 1453 1527 1515 numquam
1562 1436 1870 1512 deficiente
1898 1440 2160 1515 materia,

162 1541 283 1584 cum
312 1522 498 1600 primo
522 1519 753 1594 matris,
788 1518 995 1579 deinde
1023 1528 1315 1609 nepotum1
1333 1529 1610 1609 etpuruS,
1638 1530 1936 1601 postremo
1967 1512 2164 1582 Seiani

97 1628 143 1670 15
159 1605 473 1667 familiares
503 1613 675 1680 atque
711 1603 882 1662 etiam
908 1610 1080 1662 notos
1111 1583 1593 1683 pel’s'equeretun
1637 1614 1771 1684 post
1802 1607 1962 1665 cuius
1990 1607 2162 1666 inter-

161 1692 294 1750 itum
327 1688 427 1749 vel
460 1686 833 1748 saevissimus
864 1688 1075 1772 extitit²
1132 1687 1261 1762 Quo
1292 1690 1538 1748 maxime
1571 1689 1870 1767 apparuit,
1902 1705 2018 1748 non
2051 1698 2165 1748 tam

161 1775 342 1853 ipsum
384 1771 459 1832 ab
497 1770 712 1830 Seiano
745 1771 1025 1830 concitari
1055 1770 1317 1848 solitum,
1365 1789 1530 1850 quam
1566 1773 1833 1846 Seianum
1864 1773 2164 1850 quaerenti

163 1857 509 1930 occasiones
552 1855 1221 1925 sumministrasse;‚etsi
1253 1858 1698 1933 commentario,
1744 1873 1914 1934 quem
1945 1855 2017 1916 de
2047 1856 2164 1916 vita

162 1961 261 2001 sua
312 1940 628 2000 summatim
674 1937 1046 2019 breviterque
1099 1943 1452 2019 composuit,
1515 1959 1686 2002 ausus
1737 1949 1826 2000 est
1878 1939 2162 2016 scribere,

97 2050 143 2090 20
161 2024 453 2087 Seianum
506 2038 575 2081 se
617 2022 905 2103 punisse,
953 2022 1118 2102 quod
1154 2025 1553 2103 comperisset
1592 2023 1808 2103 furere
1860 2024 2165 2085 adversus

161 2109 389 2171 liberos
418 2106 779 2169 Germanici
816 2106 935 2184 filii
964 2107 1097 2167 sui:
1151 2126 1392 2186 quorum
1433 2110 1563 2186 ipse
1606 2109 1848 2168 alterum
1884 2116 2163 2186 suspecto

162 2196 293 2272 iam,
324 2192 571 2254 alterum
607 2207 900 2268 oppresso
932 2189 1156 2251 demum
1185 2193 1399 2253 Seiano
1433 2193 1738 2251 interemit.

282 2275 636 2353 Singillatim
680 2273 989 2336 crudeliter
1031 2274 1187 2336 facta
1224 2276 1347 2335 eius
1383 2277 1594 2353 exequi
1625 2275 1862 2352 longum
1894 2283 2014 2335 est:
2063 2292 2163 2350 ge-

162 2380 329 2437 nera,
361 2360 527 2420 velut
559 2358 915 2437 exemplaria
946 2359 1245 2436 saevitiae,
1276 2376 1614 2419 enumerare
1647 2367 1736 2418 sat
1765 2359 1892 2418 erit.
1961 2355 2166 2416 Nullus

100 2463 195 2512 25a
247 2461 435 2524 poena
482 2442 775 2503 hominum
827 2443 1076 2503 cessavit
1128 2441 1285 2518 dies,
1340 2461 1414 2502 ne
1460 2442 1776 2519 religiosus
1819 2441 2048 2520 quidem
2097 2458 2168 2500 ac

168 2547 358 2598 sacer;
395 2525 859 2587 animadversum
889 2527 947 2585 in
978 2526 1256 2604 quosdam
1288 2528 1520 2586 ineunte
1551 2543 1698 2587 anno
1727 2543 1902 2585 novo.
1974 2525 2165 2584 Accu·

168 2613 271 2671 sati
297 2610 665 2688 damnatique
706 2609 866 2669 multi
912 2628 1038 2669 cum
1078 2610 1308 2674 libertis
1349 2618 1522 2689 atque
1569 2611 1740 2669 etiam
1781 2609 1985 2670 liberis
2027 2608 2164 2668 suis.

167 2694 531 2755 Interdictum
568 2711 642 2754 ne
684 2696 873 2772 capite
910 2692 1205 2754 damnatos
1239 2694 1548 2773 propinqui
1580 2693 1864 2770 lugerent.
1912 2691 2167 2752 Decreta

172 2778 604 2839 accusatoribus
641 2777 955 2856 praecipua
1000 2777 1291 2856 praemia,
1335 2794 1758 2854 nonnumquam
1801 2785 1860 2836 et
1901 2774 2166 2836 testibus.

102 2860 390 2921 aoNemini
432 2861 757 2924 delatorum
797 2859 941 2920 fides
969 2861 1269 2939 abrogata.
1333 2859 1514 2929 Omne
1549 2861 1763 2919 crimen
1795 2875 1902 2938 pro
1937 2856 2169 2936 capitali

171 2953 495 3023 receptum,
544 2947 716 3005 etiam
758 2961 1073 3023 paucorum
1114 2945 1573 3024 simpliciumque
1609 2941 1940 3003 verborum.
1998 2939 2167 2999 Obie-

172 3038 315 3089 ctum
359 3038 451 3089 est
494 3038 745 3109 poetae,
788 3029 943 3107 quod
973 3031 1029 3089 in
1072 3029 1376 3107 tragoedia
1410 3027 1904 3106 Agamemnonem
1937 3023 2170 3103 probris

171 3111 537 3182 lacessisset;
566 3113 859 3173 obiectum
895 3122 952 3173 et
981 3114 1297 3194 historico,
1342 3111 1497 3193 quod
1524 3111 1758 3172 Brutum
1793 3108 2170 3186 Cassiumque

172 3194 393 3256 ultimos
422 3197 815 3258 Romanorum
856 3196 1127 3268 dixisset;
1183 3196 1640 3258 animadversum
1669 3197 1859 3256 statim
1886 3190 2170 3254 in‘aucto·

110 3289 268 3338 ³5res
311 3281 649 3361 scriptaque
700 3281 920 3343 abolita
947 3325 965 3358 ,
1020 3282 1278 3360 quamvis
1329 3280 1714 3361 probarentur
1769 3287 1900 3340 ante
1949 3277 2174 3355 aliquot

178 3379 382 3440 anuos,
424 3367 600 3427 etiam
635 3365 904 3444 Augusto
948 3365 1213 3427 audiente
1252 3367 1515 3426 recitata.
1578 3361 1930 3439 Quibusdam
1979 3369 2172 3421 custo-

176 3444 300 3507 diae
322 3447 544 3509 traditis
573 3465 691 3510 non
716 3449 889 3513 modo
915 3448 1176 3510 studendi
1200 3449 1466 3511 solatium
1495 3446 1840 3528 ademptum,
1871 3444 1976 3507 sed
2005 3444 2174 3504 etiam

178 3533 453 3593 semonia
501 3541 562 3593 et
605 3533 877 3616 conloqui
923 3553 1079 3595 usus.
1144 3532 1315 3596 Citati
1344 3531 1418 3593 ad
1453 3551 1691 3615 causam*
1713 3529 2012 3591 dicendam
2044 3541 2169 3606 par·
