2700 4234
27 555 29 564 “
27 507 44 540 τ
27 259 43 480 ’ὴ--ει-π-τω
27 139 29 146 -

962 337 1378 387 PRAEFATIO.
1919 341 2060 390 XCV

238 507 313 561 28
340 499 512 556 libello
542 512 641 554 suo
674 512 783 554 non
814 497 1091 563 intelligo.
1134 496 1390 553 Ceterum
1423 499 1614 554 aedem
1649 539 1663 554 .
1698 537 1712 556 .
1747 499 2055 556 inchoatam

239 599 413 657 supra
438 597 659 654 qnoque
692 597 745 653 p.
773 585 862 650 65,
900 587 968 638 10
997 579 1279 636 hahemus.

352 663 1236 724 LibellumDifl'erentiarum
1267 665 2055 738 Sermonum,quiexSue-

238 750 381 807 tonii
399 746 709 819 Tranquilli
723 747 888 803 Prato
907 753 1203 818 excerptus
1219 763 1345 804 esse
1364 747 1586 818 dicitnr,
1602 751 1668 805 ab
1686 751 1789 806 hac
1805 751 2052 809 editione

239 832 547 890 excludere
580 830 754 900 nolui,
786 845 1111 902 quamquam
1133 836 1331 902 sponte
1369 831 1639 888 confiteor
1673 832 1838 888 talem
1871 835 2051 905 qualis

240 923 329 972 est
359 933 386 972 a
418 914 690 972 Suetonio
728 929 909 986 neque
946 912 1120 969 scribi
1158 929 1337 984 neque
1371 931 1401 969 a
1438 914 1686 971 Remmio
1716 916 2049 974 Palaemone

241 998 459 1056 desumi
490 997 764 1070 potuisse.
839 996 952 1052 Sed
986 1012 1106 1052 cum
1139 997 1310 1052 semel
1344 1003 1548 1052 tantum
1583 998 1774 1054 formis
1809 1001 2048 1074 impres-

241 1100 335 1138 sus
384 1081 459 1138 sit
502 1081 736 1153 eiusque
784 1078 1051 1136 editionis
1102 1080 1356 1151 exempla
1408 1087 1465 1136 et
1507 1081 1791 1138 rarissima
1833 1084 1944 1140 sint
1993 1089 2050 1140 et

242 1162 695 1237 corruptissima,
738 1162 891 1219 nolui
934 1163 1135 1218 lectori
1167 1164 1358 1219 harum
1388 1180 1572 1219 rerum
1602 1165 1858 1223 studioso
1889 1167 2049 1238 quasi

246 1247 591 1304 abscondere
640 1245 887 1302 libellum
934 1261 1111 1317 nuper
1156 1246 1458 1318 aliquoties
1501 1248 1557 1303 in
1586 1249 2048 1322 disceptationem

251 1335 504 1386 vocatum
532 1335 605 1384 et·
627 1329 817 1386 saltem
851 1329 1013 1384 titulo
1046 1328 1115 1383 de
1152 1331 1388 1386 meliore
1418 1335 1548 1387 nota
1595 1333 2046 1405 commendatum,

249 1413 490 1485 denique
528 1429 559 1468 a
585 1412 762 1482 nobis,
794 1412 903 1468 nisi
937 1411 1147 1468 animus
1178 1412 1356 1482 fallit,
1390 1413 1673 1485 aliquanto
1705 1416 2048 1473 emendatio-

242 1512 361 1552 rem
400 1495 620 1552 factum.

369 1579 563 1636 Exstat
593 1579 820 1642 libellus
851 1584 1110 1650 quantum
1136 1579 1436 1651 explorare
1461 1581 1635 1651 potui,
1668 1597 1778 1638 non
1809 1581 2044 1653 amplius

241 1663 413 1719 semel
443 1679 604 1718 manu
638 1663 913 1734 scriptus,
940 1662 999 1718 in
1030 1663 1227 1719 codice
1261 1662 1426 1717 Sacc.
1460 1662 1555 1732 IX,
1593 1663 1687 1733 qui
1726 1663 1855 1719 olim
1885 1665 2048 1720 loan-

240 1747 324 1802 nis
354 1746 597 1804 Bouhier
626 1745 863 1803 Divione
895 1745 1029 1816 fuit,
1066 1761 1210 1800 nunc
1243 1745 1763 1818 montepessulanus
1799 1753 1913 1816 est,
1945 1762 2049 1801 nn-

238 1845 391 1886 mero
432 1834 535 1890 306
576 1829 887 1884 distinctus.
976 1829 1039 1884 In
1086 1845 1155 1885 eo
1201 1827 1436 1898 codice,
1483 1835 1541 1884 ul
1585 1829 1903 1900 singulatim
1947 1846 2047 1885 ex·

237 1913 464 1985 ponitur
495 1913 551 1967 in
596 1911 903 1982 Cataloguo
934 1913 1167 1983 general
1204 1913 1303 1968 des
1334 1913 1665 1969 manuscrits
1711 1914 1811 1970 des
1841 1914 2046 1986 depar-

235 2001 474 2052 tements
508 2004 536 2054 1
568 2012 634 2067 p:
654 2000 778 2064 409,
811 1995 1184 2065 Synonymica
1218 1995 1487 2068 opuscula
1517 1997 1798 2068 complura
1837 1997 2045 2067 insunt,

234 2095 347 2136 non
382 2084 591 2135 tantum
615 2077 885 2149 Agroecii
918 2084 975 2133 et
995 2078 1197 2135 Isidori
1231 2078 1495 2149 genuina,
1526 2079 1627 2134 sed
1651 2079 1816 2136 Probi
1830 2079 2044 2136 Valerii

238 2177 463 2233 qnoque
496 2161 790 2232 etVirgilii
814 2167 871 2216 et
885 2159 1173 2218 Ciceronis
1201 2162 1293 2218 vel
1324 2161 1620 2218 subditicia
1641 2163 1732 2217 vel
1756 2168 2040 2235 suspecta,

234 2252 536 2317 praeterea
572 2245 820 2300 eiusdem
842 2245 1071 2315 generis
1100 2245 1209 2302 alia
1234 2244 1356 2300 sine
1388 2250 1674 2301 auctorum
1705 2245 2042 2301 nominibus.

233 2329 321 2384 Ex
361 2344 431 2384 co
478 2329 679 2385 codice
732 2344 853 2383 cum
894 2327 1001 2383 alia
1042 2333 1155 2383 tum
1196 2330 1339 2384 hanc
1383 2327 1710 2400 particulam
1743 2327 2044 2400 descripsit

234 2411 526 2484 Philippus
556 2409 829 2467 d'Orville
862 2411 1145 2481 ediditque
1190 2427 1236 2467 a.
1274 2416 1408 2471 1749
1449 2411 1506 2466 in
1535 2410 1908 2467 Miscellancis
1942 2411 2043 2466 ob-

236 2494 655 2551 servationibus
679 2493 843 2550 novis
872 2500 904 2554 9
950 2510 1005 2565 p.
1040 2499 1140 2553 977
1174 2510 1293 2566 sqq.
1381 2493 1642 2550 Eiusdem
1672 2493 2042 2565 antiquissimi

238 2577 455 2634 codicis
488 2577 707 2650 copiam
752 2594 783 2633 a
811 2576 1099 2633 Fridcrico
1132 2577 1357 2634 Dilhner
1399 2577 1596 2634 factam
1629 2579 1887 2649 donoque
1931 2575 2041 2634 sibi

236 2662 421 2718 datam
482 2660 911 2717 Fridericus
960 2661 1251 2718 Bitschl
1294 2661 1426 2717 mihi
1474 2661 1728 2718 utendam
1768 2661 2044 2733 permisit,

240 2743 401 2801 cuins
434 2743 693 2801 beneficii
728 2743 993 2800 maximas
1027 2743 1263 2814 egregio
1290 2743 1415 2800 viro
1447 2744 1657 2815 gratias
1691 2759 1818 2814 ugo.
1891 2745 2044 2800 Titu-
2105 2737 2110 2739 ’

238 2821 416 2900 1ιιε”)
464 2833 576 2884 est:
622 2815 1071 2882 INCIPIV'NT·
1103 2826 1601 2883 differentiae
1647 2841 2044 2883 sermonum

236 2908 427 2966 Remi
470 2909 877 2968 Palemonis
925 2925 1010 2965 ex
1046 2908 1243 2966 libro
1278 2909 1650 2979 Suetonii,
1704 2909 2044 2982 subscriptio

374 3104 468 3169 93)
510 3106 615 3171 Ipsi
648 3105 793 3155 titulo
825 3105 972 3170 quasi
1012 3104 1214 3171 prologi
1245 3105 1406 3154 instar
1433 3103 1558 3154 haec
1585 3105 1866 3170 praemissa
1898 3110 2041 3155 sunt:

234 3179 253 3207 θ
267 3173 509 3224 Palemon
548 3173 811 3223 vicetinus
861 3173 1083 3239 insignis
1134 3173 1493 3238 grammaticus
1545 3173 1735 3222 Romae
1793 3169 2040 3232 habetur3

235 3241 324 3306 qui
356 3243 613 3307 quondam
648 3242 993 3307 interrogatus
1030 3240 1151 3304 quid
1183 3242 1334 3290 inter·
1355 3239 1538 3290 stillam
1577 3248 1624 3290 et
1648 3247 1839 3306 guttam
1882 3239 2038 3289 inter-

236 3317 387 3371 esset,
419 3309 568 3360 Gutta
598 3309 763 3373 inquit
798 3316 913 3370 stat,
950 3309 1082 3360 stilla
1115 3309 1246 3359 cadit
1262 3315 1277 3340 ⁹
1310 3323 1440 3374 quae
1475 3309 1630 3359 verba
1655 3323 1722 3358 ex
1752 3305 2042 3372 Hieronymi

234 3377 471 3429 chronico
516 3378 770 3445 descripta
810 3392 964 3443 supra
1007 3377 1179 3428 adnot.
1220 3375 1289 3428 60
1334 3377 1851 3428 commemoravimus.
1937 3374 2040 3428 Sed

234 3459 405 3497 errore
443 3445 631 3497 factum
662 3454 741 3497 est
766 3453 822 3496 ut
852 3445 1128 3496 Dor-villius
1153 3460 1369 3510 eumque
1405 3453 1610 3496 secutus
1641 3444 1870 3496 Handius
1903 3442 2039 3495 hune

230 3514 504 3581 prologum
528 3515 698 3566 libello
733 3513 963 3582 proxime
992 3515 1307 3582 praescripto
1332 3521 1588 3578 tamquam
1619 3514 1878 3582 epilogum
1915 3512 2034 3563 sub-

230 3583 517 3648 iungerent.
