2700 4234
942 321 1151 370 mvus
1188 295 1558 370 ciaunms.
2129 311 2250 371 157

21 513 23 558 μ
242 487 695 560 repraesentans
726 495 836 558 pro
870 495 1053 557 opera
1074 476 1306 554 dignam
1332 479 1540 556 cuique
1569 476 1920 538 mercedem.
2009 477 2251 538 Artiore

244 573 431 626 autem
484 579 709 624 annona
764 561 839 621 ob
890 561 1151 623 assiduas
1206 562 1578 638 sterilitates,
1644 561 1910 621 detentus
1963 561 2251 640 quondam

240 648 433 708 medio
481 647 615 707 foro
658 665 693 708 a
740 646 908 707 turba
951 645 1354 724 conviciisque
1387 654 1446 706 et
1475 645 1643 706 simul
1677 644 2054 724 fragminibus
2085 648 2250 726 panis

242 735 319 792 ita
350 731 689 806 infestatus,
742 739 805 791 ut
832 747 1015 808 aegre
1045 747 1159 790 nec
1191 731 1301 788 nisi
1335 730 1569 808 postico
1600 729 1852 789 evadere
1886 729 1943 788 in
1972 729 2251 791 Palatium

191 841 217 880 5
245 815 524 894 valuerit,
556 814 696 875 nihil
732 831 850 874 non
890 814 1256 891 excogitavit
1284 812 1356 874 ad
1391 812 1752 874 invehendus
1785 815 1956 873 etiam
1986 822 2250 894 tempore

242 900 489 961 hiberno
529 907 902 959 commeatus,
968 897 1115 958 Nam
1144 905 1204 956 et
1230 897 1694 976 negotiatoribus
1725 905 1886 958 certa
1921 897 2084 958 lucra
2116 915 2249 978 pro-

244 984 470 1064 posuit,
522 992 801 1062 suscepto
846 982 905 1042 in
946 1001 1013 1042 se
1058 981 1295 1058 damno,
1348 983 1398 1041 si
1443 983 1532 1041 cui
1565 981 1700 1062 quid
1731 999 1840 1062 per
1869 991 2250 1062 tempestates

243 1066 591 1145 accidisset,
636 1076 696 1126 et
735 1083 918 1126 naves
956 1074 1319 1127 mercaturae
1363 1083 1538 1127 causa
1579 1065 1994 1126 fabricantibus
2043 1083 2250 1142 magna

244 1151 545 1214 commoda
575 1151 875 1212 constituit
900 1167 1009 1230 pro
1039 1149 1374 1214 conditione
1401 1152 1707 1229 cuiusque3
1742 1151 1856 1210 civi
1886 1152 2250 1210 vacationem
2271 1164 2337 1219 19

174 1255 225 1297 ιο
246 1237 401 1314 legis
425 1235 641 1314 Papiae
666 1235 1015 1315 Poppaeae,
1059 1234 1259 1295 Latino
1292 1233 1381 1294 ius
1406 1234 1736 1310 Quiritium,
1773 1234 2003 1294 feminis
2026 1236 2114 1293 ius
2141 1232 2252 1293 1111

242 1321 589 1389 liberorum:
624 1337 775 1400 quae
814 1319 1121 1380 constituta
1154 1316 1447 1397 hodieque
1479 1327 1802 1378 servantur.

369 1404 563 1484 Opera
594 1420 804 1481 magna
839 1404 1147 1482 potiusque
1182 1403 1520 1462 necessaria
1562 1419 1732 1481 quam
1771 1401 1947 1462 multa
1977 1402 2249 1481 perfecit,
2269 1417 2338 1471 20

243 1488 349 1549 sed
389 1488 484 1548 vel
527 1489 883 1568 praecipua:
920 1487 1150 1546 ductum
1180 1503 1456 1565 aquarum
1487 1503 1520 1545 a
1555 1485 1698 1548 Gaio
1727 1485 2084 1562 inchoatum,
2115 1487 2252 1546 item

243 1573 601 1634 emissarium
644 1571 846 1632 Fucini
896 1570 1058 1631 lacus
1101 1579 1450 1651 portumque
1494 1569 1857 1646 Ostiensem,
1913 1587 2253 1649 quamquam

176 1673 225 1716 ιο
244 1659 426 1718 sciret
454 1674 533 1716 ex
562 1657 633 1715 iis
662 1655 905 1715 alterum
949 1655 1022 1715 ab
1057 1654 1326 1732 Augusto
1374 1653 1748 1734 precantibus
1779 1653 2013 1714 assidue
2042 1653 2252 1714 Marsis

242 1749 549 1818 negatum,
587 1739 828 1799 alterum
856 1756 890 1799 a
918 1738 1071 1799 Divo
1098 1738 1246 1799 Iulio
1280 1738 1517 1817 saepius
1545 1737 1889 1798 destinatum
1917 1755 1986 1798 ac
2011 1746 2254 1817 propter

244 1823 645 1885 difficultatem
661 1823 952 1883 omissum.
980 1821 1255 1884 Claudiae
1278 1840 1465 1901 aquae
1480 1821 1713 1901 gelidos
1732 1831 1792 1881 et
1808 1821 2022 1882 uberes
2037 1822 2252 1897 fontes,

244 1923 491 1988 quorum
530 1907 698 1967 alteri
746 1905 1073 1984 Caeruleo,
1116 1905 1285 1966 alteri
1328 1904 1529 1966 Curtio
1573 1915 1631 1966 et
1664 1905 2002 1983 Albudigno
2043 1923 2254 1965 nomen
2317 1979 2322 1984 ,

247 2000 371 2068 est,
432 1992 713 2070 simulque
758 1992 940 2052 rivum
969 1991 1212 2051 Anienis
1254 1993 1394 2050 novi
1435 1990 1672 2071 lapideo
1715 2008 1902 2070 opere
1952 1991 2011 2049 in
2052 1988 2255 2050 urbem

173 2095 228 2136 πο
248 2074 551 2156 perduxit,
589 2075 900 2155 divisitque
932 2076 988 2134 in
1025 2074 1305 2155 plurimos
1336 2083 1396 2134 et
1429 2076 1826 2136 ornatissimos
1857 2074 2040 2134 lacus.
2083 2073 2252 2134 Fuci-

244 2177 376 2220 num
417 2160 733 2238 adgressus
763 2169 888 2236 est,
931 2177 1047 2220 non
1080 2160 1266 2219 minus
1297 2159 1624 2238 compendii
1659 2177 1767 2239 spe
1802 2175 1969 2237 quam
1998 2157 2251 2236 gloriae,

247 2261 375 2304 cum
419 2244 647 2324 quidam
676 2245 907 2323 privato
937 2252 1164 2323 sumptu
1200 2244 1518 2303 emissuros
1547 2260 1614 2302 se
1645 2245 2116 2321 repromitterent
2128 2274 2150 2316 ,·
2205 2243 2255 2301 si

246 2327 357 2387 sibi
390 2330 592 2388 siccati
622 2329 749 2404 agri
782 2327 1263 2388 concederentur.
1310 2327 1424 2387 Per
1451 2327 1560 2386 tria
1591 2335 1779 2386 autem
1801 2343 2074 2405 passuum
2099 2325 2254 2386 milia

132 2429 136 2433 ’
247 2413 457 2491 partim
488 2410 727 2471 ecfosso
759 2419 955 2470 monte
983 2412 1191 2491 partim
1226 2412 1430 2472 exciso
1449 2456 1466 2488 ,
1501 2410 1760 2471 canalem
1788 2408 2044 2470 absolvit
2071 2427 2253 2488 aegre

172 2514 229 2555 πο
250 2503 310 2554 et
354 2503 491 2572 post
526 2493 793 2554 undecim
843 2511 1055 2573 annos,
1116 2496 1380 2574 quamvis
1431 2494 1715 2554 continuis
1758 2493 1928 2554 XXX
1964 2493 2255 2554 bominum

246 2576 480 2638 milibus
522 2579 647 2638 sine
692 2578 1120 2639 intermissione
1173 2578 1572 2658 operantibus.
1631 2579 1866 2640 Portum
1913 2576 2112 2638 Ostiae
2155 2597 2253 2638 ex-

246 2663 456 2738 truxit,
492 2662 885 2722 circumducto
910 2663 1115 2724 dextra
1148 2664 1498 2741 sinistraque
1521 2662 1762 2724 brachio
1787 2672 1844 2722 et
1868 2661 1940 2723 ad
1963 2663 2255 2723 introitum

248 2745 543 2825 profundo
566 2747 677 2807 iam
704 2745 831 2807 salo
860 2747 1017 2807 mole
1043 2746 1306 2816 obiecta;
1340 2765 1509 2826 qnam
1539 2765 1656 2826 quo
1681 2746 1944 2806 stabilius
1965 2746 2253 2822 fundaret,

253 2847 459 2888 navem
515 2838 646 2891 ante
698 2830 1007 2908 demersit,
1066 2849 1175 2910 qua
1226 2849 1470 2909 magnus
1522 2831 1820 2892 obeliscus
1860 2847 1936 2889 ex
1974 2829 2254 2908 Aegypto

176 2918 231 2960 ³⁰
256 2913 443 2974 fuerat
480 2913 791 2990 advectus,
851 2915 1269 2994 congestisque
1316 2915 1452 2995 pilis
1502 2915 1880 2994 superposuit
1923 2913 2256 2974 altissimam

246 3006 464 3057 turrem
484 2998 542 3058 in
566 2998 898 3077 exemplum
920 2998 1297 3060 Alexandrini
1324 2999 1532 3078 Phari,
1563 3009 1624 3059 ut
1646 2999 1715 3059 ad
1739 3005 2061 3059 nocturnos
2085 2999 2254 3074 ignes

249 3099 478 3142 cursum
512 3082 745 3158 navigia
778 3081 1115 3159 dirigerent.

368 3162 683 3243 Congiaria
720 3166 943 3245 populo
990 3167 1223 3246 saepius
1262 3167 1568 3227 distribuit.
1635 3165 1986 3246 Spectacula
2024 3183 2255 3244 quoque
2270 3179 2330 3234 21

250 3249 551 3331 complura
596 3258 655 3308 et
698 3251 1010 3327 magnifica
1056 3250 1264 3330 edidit,
1314 3269 1431 3312 non
1486 3252 1692 3312 usitata
1736 3249 1911 3311 modo
1949 3268 2019 3310 ac
2068 3249 2256 3310 solitis

176 3333 430 3411 sslocis,
480 3333 587 3394 sed
619 3341 679 3392 et
708 3336 1099 3395 commentitia
1142 3344 1201 3394 et
1230 3352 1305 3395 ex
1351 3336 1686 3414 antiquitate
1730 3337 2005 3414 repetita,
2055 3343 2112 3394 et
2159 3334 2257 3394 ubi

244 3428 557 3498 praeterea
610 3435 783 3478 nemo
834 3427 969 3478 ante
1000 3437 1149 3479 eum.
1232 3418 1425 3479 Ludos
1479 3419 1861 3480 dedicationis
1919 3419 2259 3498 Pompeiani

242 3502 472 3579 theatri,
497 3501 655 3580 quod
678 3501 998 3563 ambustum
1020 3503 1375 3580 restituerat,
1403 3521 1435 3562 e
1457 3503 1726 3564 tribunali
1751 3505 1945 3583 posito
1965 3505 2022 3562 in
2047 3502 2254 3562 orche-

242 3595 362 3647 stra
392 3586 710 3664 commisit,
753 3603 880 3646 cum
901 3591 1060 3667 prius
1084 3586 1236 3666 apud
1260 3588 1600 3667 superiores
1632 3588 1811 3648 aedes
1838 3586 2250 3666 supplicasset,
