2700 4234
541 301 661 364 132
727 313 789 362 c.
821 309 1120 360 stm‘rom
1149 308 1406 369 ranno.
1439 307 1536 356 mr
1564 307 1731 355 VITA
1764 305 2142 356 cAEsAntm
2173 307 2312 355 mu.
2340 307 2464 354 1111.

539 471 752 530 seriem
783 481 1260 544 recognoscens,
1314 459 1525 522 nullius
1557 463 1827 542 inspecto
1861 462 2061 538 elogio
2080 507 2099 539 ,
2158 469 2321 520 stans
2348 469 2540 521 tantum

537 552 710 614 modo
773 553 920 611 intra
977 550 1263 630 porticum
1309 544 1585 624 mediam,
1639 564 1681 606 a
1736 545 1918 609 calvo
1981 544 2071 607 ad
2132 544 2381 607 calvum
2428 543 2541 604 duci

537 637 862 718 imperavit.
949 635 1164 695 Votum
1195 632 1396 708 exegit
1430 629 1502 691 ab
1537 647 1643 708 eo,
1708 631 1807 711 qui
1835 647 1946 711 pro
1977 629 2171 689 salute
2210 647 2315 690 sua
2343 627 2540 707 gladia·

537 723 747 782 toriam
789 736 1029 799 operam
1068 716 1456 796 promiserat,
1513 716 1921 795 spectavitque
1964 713 2130 774 ferro
2180 712 2540 788 dimicantem,

539 824 649 866 nec
700 803 911 865 dimisit
961 801 1070 860 nisi
1109 800 1391 860 victorem
1424 807 1485 858 et
1524 808 1662 877 post
1697 796 1902 860 multas
1947 815 2190 876 preces,
2282 796 2573 871 Alterum,³

540 891 638 971 qni
679 906 746 948 se
798 885 1114 967 periturum
1163 902 1235 944 ea
1277 882 1353 943 de
1399 901 1574 943 causa
1608 890 1890 960 voverat,
1944 890 2322 942 annotantem
2370 880 2543 959 pueris

536 971 795 1040 tradidit;
866 967 1244 1029 verbenatum
1293 966 1708 1046 infulatumque
1766 975 1962 1028 votum
2017 974 2415 1046 reposcentes
2456 981 2545 1042 per

536 1059 702 1117 vicos
760 1061 1032 1133 agerent,
1092 1050 1281 1133 quoad
1342 1052 1831 1131 praecipitaretur
1885 1069 1961 1111 ex
2013 1067 2270 1129 aggere.
2358 1046 2543 1110 Multos

535 1140 766 1202 honesti
796 1137 1047 1213 ordinis,
1110 1135 1469 1197 deformatos
1511 1137 1673 1214 prius
1714 1136 2043 1214 stigmatum
2080 1135 2279 1213 notis,
2338 1132 2408 1194 ad
2446 1148 2540 1189 me·

537 1225 678 1286 talla
722 1231 781 1283 et
817 1222 1159 1282 munitiones
1203 1220 1423 1279 viarum
1474 1228 1570 1281 aut
1610 1218 1684 1281 ad
1713 1218 1932 1280 bestias
1970 1217 2417 1294 condemnavit,
2467 1221 2587 1274 autu

538 1309 851 1368 bestiarum
912 1321 1078 1364 more
1137 1301 1527 1385 quadripedes
1587 1321 1771 1365 cavea
1830 1304 2127 1380 coercuit,
2196 1311 2297 1364 aut
2345 1298 2539 1360 medios

540 1409 702 1454 serra
735 1388 1044 1458 dissecuit;
1087 1406 1200 1449 nec
1238 1404 1440 1448 omnes
1476 1387 1753 1465 gravibus
1790 1405 1868 1448 ex
1905 1388 2135 1466 causis,
2181 1405 2389 1448 verum
2416 1381 2539 1443 male

540 1476 613 1537 de
652 1488 890 1534 munere
941 1490 1045 1532 suo
1097 1474 1400 1553 opinatos,
1464 1472 1562 1532 vel
1615 1471 1769 1552 quod
1812 1489 2121 1552 numquam
2168 1491 2285 1552 per
2337 1468 2541 1549 genium

536 1577 699 1621 suum
727 1557 1110 1618 deierassent.
1199 1555 1479 1617 Parentes
1517 1557 1808 1637 supplicio
1843 1554 2095 1619 filiorum
2140 1557 2433 1616 interesse
2461 1565 2539 1610 co-

536 1643 746 1724 gebat;
809 1643 1051 1722 quorum
1102 1642 1197 1702 uni
1253 1639 1628 1721 valitudinem
1694 1643 1997 1702 excusanti
2060 1640 2340 1702 lecticam
2394 1634 2539 1707 misit,
2556 1644 2590 1684 1⁵

538 1728 706 1790 alium
731 1746 775 1806 ‚a
809 1725 1153 1806 spectaculo
1195 1742 1424 1804 poenae
1458 1725 1647 1805 epulis
1687 1726 1877 1786 statim
1912 1724 2175 1790 adhibuit
2212 1734 2385 1804 atque
2412 1717 2540 1781 omni
2633 1777 2634 1780 ,

541 1815 810 1873 comitate
840 1808 914 1871 ad
947 1809 1293 1871 hilaritatem
1333 1818 1393 1869 et
1423 1811 1591 1870 iocos
1635 1811 1999 1889 provocavit.
2058 1808 2411 1870 Curatorem
2445 1819 2540 1862 mu·

537 1913 736 1956 nerum
781 1911 849 1954 ac
881 1893 1274 1970 venationum,
1330 1911 1438 1971 per
1476 1895 1783 1968 continuos
1828 1893 1953 1954 dies
1990 1895 2047 1953 in
2084 1899 2414 1973 conspectu
2454 1899 2541 1947 sno

539 1979 760 2039 catenis
793 1975 1196 2054 verberatum,
1243 1995 1359 2036 non
1405 1978 1564 2057 prius
1596 1977 1814 2039 occidit
1852 1996 2021 2057 quam
2061 1977 2329 2038 offensus
2371 1980 2539 2054 putre·

536 2062 677 2123 facti
709 2059 940 2122 cerebri
971 2058 1173 2120 odore.
1251 2059 1560 2122 Atellanae
1605 2071 1838 2141 poetam
1870 2061 1945 2122 ob
1992 2061 2251 2140 ambigui
2281 2061 2399 2121 ioci
2430 2055 2589 2115 ver-²⁰

537 2145 778 2206 siculum
816 2143 1002 2206 media
1033 2143 1437 2224 amphitheatri
1474 2145 1691 2207 harena
1735 2146 1856 2224 igni
1904 2148 2205 2207 cremavit.
2296 2141 2542 2221 Equitem

534 2231 605 2292 R.
658 2229 947 2291 obiectum
991 2229 1166 2308 feris,
1229 2248 1357 2290 cum
1416 2247 1481 2290 se
1522 2232 1891 2290 innocentem
1948 2229 2415 2310 proclamasset,
2466 2237 2540 2281 re·

453 2314 724 2393 28duxit,
788 2314 1137 2394 abscisaque
1177 2313 1377 2393 lingua
1419 2333 1620 2376 rursus
1657 2315 1898 2375 induxit.
1986 2315 2354 2377 Revocatum
2384 2322 2539 2388 quen·

538 2398 666 2460 dam
719 2417 754 2460 a
806 2409 1010 2460 vetere
1072 2398 1251 2459 exilio
1309 2399 1669 2476 sciscitatus,
1731 2397 2000 2477 quidnam
2048 2397 2128 2458 ibi
2174 2397 2382 2459 facere
2424 2405 2539 2450 con-

535 2492 797 2560 suesset,
861 2480 1258 2562 respondente
1313 2502 1385 2543 eo
1438 2501 1546 2560 per
1598 2482 2013 2544 adulationem:
2086 2481 2263 2544 Deos
2319 2486 2590 2552 εεηιρθΐϋ

535 2567 722 2629 oravi
746 2571 846 2654 ut,
893 2565 1063 2645 quod
1097 2565 1324 2643 evenit,
1359 2566 1603 2645 periret
1638 2565 1954 2644 Tiberim,
2008 2573 2067 2628 et
2093 2572 2157 2627 tu
2184 2567 2537 2646 imperare-⁹,

537 2650 781 2728 opinans
815 2647 947 2708 ‚sibi
990 2664 1223 2730 quoque
1270 2650 1476 2712 exules
1529 2669 1669 2713 suos
1710 2661 1956 2712 mortem
2006 2651 2353 2730 imprecari,
2408 2638 2543 2702 misit

537 2735 751 2794 circum
780 2732 1031 2812 insulas,
1089 2733 1186 2813 qui
1215 2736 1526 2796 universos
1572 2735 2063 2798 contrucidarent.
2126 2733 2272 2795 Cum
2304 2721 2539 2802 discerpi

534 2827 868 2879 senatorem
925 2817 1329 2898 concupisset,
1402 2819 1770 2896 subornavit,
1830 2822 1925 2900 qui
1976 2818 2402 2898 ingredientem
2458 2825 2539 2869 ου·

531 2904 676 2964 riam
705 2911 952 2982 repente
998 2903 1226 2964 hostem
1258 2905 1555 2984 publicum
1589 2904 1956 2985 appellantes
1995 2903 2368 2978 invaderent,
2419 2893 2591 2974 ἕψω

534 2985 784 3067 phisque
822 2987 1158 3048 confossum
1206 2986 1579 3051 lacerandum
1626 2983 1840 3050 ceteris
1895 2989 2220 3058 traderent:
2265 3003 2377 3048 nec
2421 2983 2538 3040 ante

535 3073 773 3132 satiatus
806 3080 897 3132 est
933 3090 1101 3152 quam
1132 3074 1390 3135 membra
1435 3082 1492 3133 et
1523 3083 1679 3135 artus
1712 3083 1771 3135 et
1814 3075 2047 3135 viscera
2086 3073 2335 3134 hominis
2371 3067 2538 3129 tracta

448 3166 518 3221 29
537 3173 645 3236 per
687 3158 852 3217 vicos
913 3166 1086 3237 atque
1149 3167 1282 3220 ante
1338 3176 1405 3219 se
1459 3155 1743 3236 congesta
1795 3159 2057 3219 vidisset.
2144 3149 2538 3219 Immanissima

533 3238 689 3300 facta
745 3241 999 3317 augebat
1049 3245 1354 3305 atrocitate
1403 3242 1735 3304 verborum.
1820 3241 1979 3304 Nihil
2020 3243 2209 3320 magis
2247 3241 2305 3301 in
2353 3241 2538 3298 natura

535 3339 639 3381 sua
677 3321 912 3420 laudare
954 3342 1019 3383 se
1069 3342 1139 3384 ac
1192 3328 1450 3409 probare
1491 3326 1722 3388 dicebat
1763 3346 1965 3409 quam,
2026 3337 2087 3388 ut
2128 3325 2313 3404 ipsius
2362 3313 2590 3380 verbo-³⁵

534 3413 691 3504 utar,
748 3401 1188 3487 αὸιατρεψίαν
1237 3412 1379 3492 [hoc
1421 3421 1510 3472 est
1538 3411 2056 3490 inverecundiaml.
2141 3404 2399 3471 Monenti
2429 3398 2534 3459 An·

533 3497 726 3588 toniae
761 3490 922 3551 aviae
958 3499 1243 3570 tamquam
1285 3514 1487 3575 parum
1527 3507 1688 3557 esset
1722 3514 1839 3558 non
1878 3494 2193 3557 oboedire:
2254 3486 2533 3554 Memmii?

533 3580 612 3633 ait
655 3573 863 3636 omnia
905 3574 1058 3637 milei
1103 3586 1164 3640 et
1199 3579 1266 3642 in
1307 3579 1507 3641 omnis
1546 3579 1775 3642 licere!
1834 3577 2246 3642 Trucidatnrus
2289 3577 2533 3637 fratrem,
