2700 4234
1017 325 1357 374 nummus.
2111 316 2191 378 95

209 499 276 540 ne
319 497 424 558 qua
469 479 916 558 deportarentur
957 479 1067 538 nisi
1113 496 1401 540 concessa
1445 489 1539 541 aut
1580 481 1935 541 necessaria.
2008 482 2191 544 Trans

206 563 446 624 Rhenum
473 580 616 622 vero
653 581 784 622 eum
808 567 966 623 xvitae
999 563 1259 623 ordinem
1289 567 1499 640 tenuit,
1546 571 1605 622 ut
1632 563 1845 623 sedens
1876 565 1933 623 in
1964 567 2189 645 cespite

205 646 340 706 nudo
384 646 569 706 cibum
601 655 875 725 caperet,
923 663 1104 725 saepe
1137 649 1260 706 sine
1294 649 1544 708 tentorio
1578 656 1981 726 pernoctaret,
2022 667 2189 728 prae-

205 739 360 809 cepta
391 733 688 809 sequentis
711 730 824 790 diei
857 731 1045 791 omnia
1077 732 1169 810 (et
1191 731 1240 789 si
1263 731 1399 810 quid
1422 731 1592 791 subiti
1613 732 1867 790 muneris
1890 733 2187 809 iniungen-

163 814 318 874 5du1n
357 824 550 890 esset,
591 832 700 892 per
731 813 1000 892 libellos)
1035 813 1249 882 daret;‹
1271 814 1460 876 addita
1488 815 1801 888 monitione
1834 824 1919 892 ut,
1968 814 2041 874 de
2072 834 2185 895 quo

201 899 428 978 quisque
457 897 776 974 dubitaret,
822 915 1029 966 senec
1061 897 1176 958 alio
1208 899 1529 977 interprete
1565 916 1925 977 quacumque
1960 899 2051 959 vel
2084 917 2186 960 no-

198 983 298 1041 etis
329 982 471 1042 bora
501 990 778 1044 uteretur.
841 981 1220 1060 Disciplinam
1249 985 1533 1042 acerrime
1565 983 1797 1060 exegit,
1830 983 2179 1045 animadver-
2202 1003 2270 1057 19

195 1068 402 1126 sionum
437 1075 496 1124 et
537 1065 973 1142 ignominiarum
1018 1065 1332 1141 generibus
1388 1085 1464 1126 ex
1508 1063 1844 1144 antiquitate
1894 1068 2181 1145 repetitis,

193 1158 357 1227 atque
385 1150 554 1210 etiam
586 1148 784 1226 legato
815 1149 1101 1233 legionis,
1136 1149 1288 1227 quod
1316 1167 1539 1228 paucos
1570 1149 1781 1209 milites
1816 1167 1944 1210 cum
1974 1150 2181 1211 liberto

132 1241 177 1281 1⁰
193 1251 296 1292 suo
339 1243 494 1300 trans
539 1234 723 1311 ripam
757 1241 1024 1293 venatum
1053 1233 1339 1309 misisset,
1381 1234 1691 1311 ignominia
1722 1242 1941 1294 notato.
2003 1233 2181 1295 Proe-

191 1317 296 1392 lia,
343 1319 597 1395 quamvis
635 1317 924 1377 minimum
960 1316 1226 1376 fortunae
1273 1317 1616 1396 casibusque
1645 1319 2037 1396 permitteret,
2080 1318 2179 1377 ali-

191 1408 392 1479 quanto
435 1403 791 1462 constantius
825 1399 1006 1460 inibat
1045 1401 1312 1479 quotiens
1355 1400 1695 1461 lucubrante
1732 1420 1829 1482 se,
1880 1401 2068 1461 subito
2110 1419 2181 1461 ac

187 1483 336 1544 nullo
383 1485 786 1563 propellente,
834 1485 1132 1544 decideret
1173 1485 1365 1544 lumen
1412 1493 1470 1543 et
1500 1485 1963 1563 extingueretur,
2002 1486 2179 1544 confi·

191 1568 339 1646 dens,
372 1577 430 1628 ut
465 1567 680 1645 aiebat,
715 1577 948 1629 ostento
988 1567 1098 1628 sibi
1137 1587 1170 1629 a
1209 1566 1523 1628 maioribus
1558 1570 1676 1628 suis
1708 1570 1765 1626 in
1799 1571 1951 1628 omni
1974 1569 2181 1630 ducatu

131 1672 172 1712 15
189 1653 609 1730 expertissimo.
670 1653 787 1712 Sed
815 1671 881 1712 re
912 1670 1202 1732 prospere
1239 1661 1437 1728 gesta,
1470 1668 1586 1712 non
1614 1651 1847 1710 multum
1879 1651 2017 1711 afuit
2046 1653 2181 1730 quin
2215 1687 2223 1695 ι

187 1753 216 1796 a
240 1734 516 1796 Bructero
565 1735 810 1815 quodam
852 1736 1250 1812 occideretur,
1295 1737 1387 1796 cui
1416 1737 1563 1795 inter
1593 1737 1893 1814 proximos
1924 1736 2180 1795 versanti

187 1827 240 1878 et
277 1819 660 1898 trepidatione
701 1820 936 1880 detecto
977 1820 1276 1880 tormentis
1307 1837 1592 1898 expressa
1628 1820 1922 1879 confessio
1956 1827 2047 1878 est
2082 1815 2179 1878 co'-

2336 1766 2414 1822 ‚9

2330 1829 2409 1872 f.

187 1903 336 1980 gitati
359 1904 664 1964 facinoris.
718 1905 772 1965 A
806 1904 1110 1965 Germania
1141 1904 1201 1963 in
1224 1903 1427 1963 urbem
1457 1913 1595 1982 post
1623 1902 1911 1963 biennium
1940 1921 2173 1980 regres-
2197 1921 2265 1982 20

189 2005 276 2046 sus
302 1987 692 2066 triumphum,
722 2006 893 2068 quem
923 1987 1252 2064 distulerat,
1297 1989 1451 2065 egit,
1484 1987 1975 2066 prosequentibus
2005 1989 2175 2047 etiam
2250 1991 2310 2047 ³.-

129 2086 172 2127 20
187 2069 414 2148 legatis,
459 2071 672 2149 quibus
702 2071 1064 2150 triumphalia
1101 2080 1438 2132 ornamenta
1468 2073 1820 2150 impetrarat.
1883 2071 1975 2131 Ac
2020 2073 2177 2149 prius

187 2171 340 2230 quam
380 2155 438 2214 in
467 2154 818 2233 Capitolium
849 2156 1146 2232 flecteret,
1192 2155 1493 2216 descendit
1520 2173 1553 2214 e
1592 2173 1761 2214 curru
1794 2172 1978 2233 seque
2011 2171 2176 2232 prae-

187 2236 379 2297 sidenti
412 2240 572 2318 patri
600 2239 672 2299 ad
700 2257 889 2316 genua
917 2239 1212 2299 summisit.
1264 2239 1543 2298 Batonem
1570 2238 1923 2299 Pannonium
1951 2237 2177 2314 ducem,

185 2319 500 2397 ingentibus
548 2322 816 2383 donatum
858 2325 1160 2402 praemiis,
1206 2324 1543 2384 Ravennam
1578 2321 1893 2397 transtulit,
1934 2323 2179 2399 gratiam

185 2404 467 2484 referens,
520 2405 675 2484 quod
718 2425 782 2466 se
824 2407 1110 2486 quondam
1143 2424 1268 2466 cum
1299 2408 1563 2466 exercitu
1592 2405 1891 2484 iniquitate
1921 2405 2037 2464 loci
2070 2404 2177 2463 cir-

126 2502 170 2542 25
188 2488 529 2549 cumclusum
569 2507 776 2568 passus
822 2501 980 2551 esset
1019 2490 1290 2551 evadere.
1350 2489 1655 2551 Prandium
1701 2488 1908 2549 dehinc
1956 2487 2176 2567 populo

185 2571 327 2632 mille
368 2575 617 2651 mensis,
663 2582 721 2633 et
761 2576 1114 2651 congiarium
1147 2583 1425 2634 trecenos
1470 2593 1729 2634 nummos
1756 2574 1969 2633 viritim
2002 2571 2175 2632 dedit.

183 2653 474 2716 Dedicavit
527 2665 588 2718 et
633 2655 998 2718 Concordiae
1050 2658 1278 2737 aedem,
1336 2659 1473 2718 item
1513 2659 1770 2719 Pollucis
1815 2666 1875 2716 et
1916 2655 2175 2717 Castoris

2254 2386 2293 2404 ,κ
2460 2407 2463 2414 Ι

2244 2413 2261 2446 ῐι
2288 2421 2404 2450 522*
2448 2413 2459 2435 -”

2228 2485 2333 2531 a·
2369 2469 2465 2540 ga,

2226 2521 2331 2588 (ἧς
2362 2540 2395 2570 Ψ
2444 2547 2451 2556 ·

186 2755 282 2798 suo
329 2741 641 2820 fratrisque
693 2743 952 2818 nomine,
1011 2741 1084 2801 de
1135 2741 1433 2803 manubiis.
1508 2742 1599 2802 Ac
1638 2759 1758 2801 non
1798 2740 1977 2800 multo
2021 2739 2254 2818 post,2l
2364 2741 2368 2744 ’

188 2820 314 2898 lege
359 2842 466 2900 per
500 2825 774 2886 consules
804 2825 920 2885 lata
948 2834 1008 2885 ut
1037 2819 1370 2904 provincias
1402 2845 1527 2885 eum
1558 2825 1827 2902 Augusto
1867 2824 2173 2882 communi-
2200 2845 2247 2910 ἆ
2290 2886 2298 2892 ,

124 2912 266 2962 soter
307 2905 728 2968 administraret
768 2908 1050 2986 simulque
1093 2927 1325 2969 censum
1358 2917 1589 2986 ageret,
1636 2906 1867 2967 condito
1906 2905 2089 2965 lustro
2118 2905 2176 2964 in
2224 2937 2232 2945 ,

184 2985 464 3062 Illyricum
509 2994 811 3070 profectus
857 3001 966 3056 est.
1025 2991 1101 3052 Et
1145 2996 1331 3054 statim
1378 3011 1453 3052 ex
1482 2994 1689 3051 itinere
1722 2997 2034 3050 revocatus
2066 2990 2177 3048 iam

187 3070 402 3146 quidem
431 3074 745 3153 adfectum,
776 3076 880 3136 sed
909 3084 1097 3136 tamen
1125 3079 1439 3155 spirantem
1472 3075 1656 3136 adhuc
1688 3075 2011 3150 Augustum
2041 3090 2173 3150 rep-

189 3155 329 3228 perit
358 3156 578 3237 fuitque
607 3177 718 3220 una
755 3168 989 3220 secreto
1023 3173 1132 3238 per
1160 3169 1338 3218 totum
1371 3159 1538 3218 diem.

301 3238 438 3300 Scio
469 3241 646 3320 vulgo
679 3261 1016 3323 persuasum
1047 3245 1241 3323 quasi,
1289 3260 1536 3319 egresso
1566 3250 1701 3321 post
1730 3247 2019 3300 secretum
2048 3258 2167 3299 ser-

126 3336 171 3378 as
186 3335 400 3384 monem
441 3323 705 3402 Tiberio,
751 3344 868 3387 vox
893 3326 1142 3404 Augusti
1184 3345 1291 3406 per
1332 3325 1723 3386 cubicularios
1764 3332 2013 3403 excepta
2054 3323 2163 3384 sit:

189 3399 470 3466 Miserum
507 3409 800 3487 populum
849 3411 926 3472 R.
983 3411 1089 3490 qui
1135 3409 1249 3470 sub
1295 3415 1421 3470 tam
1463 3409 1643 3470 lentis
1684 3408 1961 3470 mamillis
2011 3407 2171 3468 erit!

189 3483 271 3544 Ne
285 3485 418 3548 illud
435 3490 662 3569 quidem
676 3494 884 3570 ignoro
911 3494 1135 3572 aliquos
1165 3493 1493 3570 tradidisse,
1509 3492 1831 3571 Augustum
1858 3493 2047 3572 palam
2061 3507 2173 3550 nec

107 3579 114 3586 ·
194 3565 600 3634 dissimulanter
628 3595 846 3638 morum
883 3579 1005 3637 eius
1035 3577 1320 3637 diritatem
1349 3577 1497 3637 adeo
1525 3577 1910 3658 improbasse,
1934 3585 1995 3635 ut
2027 3589 2173 3632 non·
2213 3591 2235 3656 ᾖ
