2700 4234
431 265 555 329 316
994 274 1055 325 ο.
1097 273 1427 325 suuronu
1468 272 1899 335 rnAannm

432 440 602 493 tunae
637 429 874 491 alterius
906 436 1122 492 tantum
1165 430 1479 493 affectum*
1530 439 1591 491 ut
1632 428 1732 491 Me
1780 431 1966 491 liceat
2014 444 2231 489 casum
2262 425 2433 487 mise-

430 514 575 577 rari
597 513 862 575 insontis
897 514 1084 575 amici
1109 523 1168 574 et
1191 511 1483 577 Extincto
1510 511 1889 575 miseratus*
1928 511 2238 593 aqrestis,·
2267 512 2431 571 mise·

432 598 552 659 reri
581 607 770 660 autem
799 615 948 677 opus
982 600 1164 676 ipsius
1195 598 1441 659 hominis
1471 607 1580 677 est,
1611 607 1670 659 ut
1709 596 1931 674 Turne,
1962 597 2029 658 in
2052 603 2112 659 te
2140 612 2428 675 suprema

433 682 632 758 salus,
661 681 959 743 miserere
991 684 1262 745 tuorum!

558 766 776 827 fletum
827 768 1091 829 timorem
1134 775 1193 827 et
1235 767 1552 846 pavorem]
1608 775 1792 827 metus
1842 766 2057 826 frustra
2119 764 2429 843 prospicit;
2455 784 2481 827 ε

435 853 605 911 timor
635 848 824 911 subita
867 852 1076 911 mentis
1115 851 1537 919 consternatio;
1580 868 1764 930 pavor
1810 849 1980 913 animi
2022 857 2247 927 motus,
2289 846 2435 909 uude

437 936 610 995 etiam
640 932 849 1012 pavida
879 935 1126 995 iumenta
1156 933 1442 995 dicuntur.

561 1017 890 1079 Monstrare
943 1029 1002 1079 et
1035 1018 1457 1097 demonstrare]
1506 1026 1889 1078 monstramus
1941 1016 2156 1094 semel,
2205 1015 2437 1077 demon·

435 1110 682 1163 stramus
711 1103 970 1181 saepius.

565 1185 886 1247 Matronam
945 1193 1004 1245 et
1055 1193 1295 1245 matrem
1347 1184 1623 1263 familias]
1671 1193 1929 1246 matrona
1969 1184 2123 1245 filios
2170 1183 2432 1263 ampliat;
2456 1203 2503 1246 ιο

435 1278 620 1329 mater
647 1268 894 1329 familias
927 1285 1076 1347 quae
1107 1270 1260 1347 patri
1289 1268 1543 1329 familiae
1570 1270 1783 1346 nupsit.

561 1350 790 1411 Moenia
846 1360 906 1411 et
965 1350 1252 1432 aedificia]
1297 1353 1525 1414 moenia
1569 1350 1933 1431 publicorum
1988 1360 2121 1411 suut
2174 1368 2439 1429 operum,

437 1434 700 1496 aedificia
727 1435 1098 1513 privatorum.

557 1518 746 1580 Meret
775 1527 836 1579 et
875 1519 1154 1598 meretur]
1190 1536 1395 1581 mereo
1428 1528 1615 1581 meret
1645 1520 1771 1598 quis
1812 1519 2143 1579 mercedem
2171 1517 2268 1579 vel
2298 1534 2439 1597 poe-

437 1619 593 1671 nam;
647 1619 883 1665 mereor
923 1613 1178 1666 meretur
1221 1612 1411 1664 autem
1449 1604 1545 1683 qui
1590 1622 1667 1663 ex
1712 1602 1950 1665 alterius
1983 1602 2193 1663 iudicio
2239 1620 2439 1681 parem
2456 1622 2503 1664 ιε

437 1686 741 1747 beneficiis
771 1688 1016 1765 gratiam
1047 1695 1338 1766 expectat.

557 1769 750 1847 Mergi
795 1778 856 1830 et
897 1788 1138 1849 mergae
1182 1770 1299 1831 hoc
1341 1766 1635 1849 differunt]
1680 1772 1867 1848 mergi
1908 1779 2038 1831 sunt
2082 1787 2229 1831 aves
2273 1771 2438 1831 mari·

437 1872 548 1913 nae
580 1870 726 1932 quae
773 1854 926 1913 sein
967 1872 1173 1933 aquam
1204 1863 1501 1932 mergunt;
1547 1872 1782 1932 mergae
1828 1862 1957 1915 sunt
1987 1854 2173 1915 fustes
2208 1852 2441 1913 deducti

439 1935 646 2015 quibus
674 1938 905 1997 metitur
938 1939 996 1997 in
1027 1938 1192 2016 aquis
1220 1937 1489 2017 profundi
1524 1940 1829 2016 quantitas.

559 2016 810 2080 Nullum‘
834 2028 892 2080 et
935 2021 1246 2100 neminem]
1285 2020 1477 2081 nullus
1530 2020 1603 2081 ad
1643 2023 1915 2082 universa
1960 2030 2159 2101 potest
2198 2020 2501 2097 referring»

436 2118 606 2164 nemo
635 2102 708 2164 ad
735 2102 1049 2181 hominem,
1083 2104 1244 2166 velut
1270 2123 1344 2165 ue
1370 2104 1544 2165 homo
1575 2104 1822 2184 quidem.

560 2184 754 2247 Noctu
795 2198 852 2249 et
893 2187 1096 2267 nocte]
1130 2198 1304 2249 noctu
1345 2190 1433 2249 sic
1468 2188 1709 2250 dicimus
1741 2188 2031 2269 quomodo
2056 2188 2344 2266 interdiu,
2384 2196 2443 2247 et

359 2333 390 2355 ⁰
439 2271 729 2349 significat
757 2272 1008 2351 aliquam
1037 2281 1259 2352 partem
1287 2273 1493 2351 noctis,
1528 2272 1674 2341 diei;
1708 2282 1883 2333 nocte
1911 2280 2100 2333 autem
2130 2280 2311 2332 totam
2336 2288 2440 2331 no·

439 2362 590 2415 ctem
620 2355 1032 2433 intellegimuS.

563 2436 812 2499 Nescire
855 2447 914 2499 et
952 2440 1252 2519 ignorare]
1294 2441 1390 2519 qui
1428 2442 1655 2517 nescit,
1701 2441 1947 2501 omnium
1992 2440 2193 2500 notitia
2238 2446 2508 2507 caretas

440 2520 536 2599 qui
565 2521 826 2598 ignorat,
862 2521 1078 2600 aliquid
1105 2526 1310 2584 nescit.

562 2601 769 2663 Natum
829 2613 889 2666 et
939 2607 1199 2686 gnatum]
1239 2599 1892 2686 natus'participialiter
1934 2605 2141 2666 dicitur
2186 2624 2220 2667 a
2251 2604 2443 2665 verbo

441 2686 595 2766 quod
627 2695 719 2746 est
749 2689 945 2757 nasci;
983 2697 1189 2767 gnatus
1221 2710 1254 2751 a
1283 2692 1667 2768 generatione
1698 2690 1848 2751 filius
1876 2690 2102 2750 dicitur.

564 2768 862 2833 Nefarium
912 2780 972 2833 et
1026 2772 1360 2853 nefandum]
1413 2774 1669 2835 nefarius
1714 2776 1773 2835 in
1819 2772 2017 2833 verbis
2056 2772 2442 2851 intellegitur,

438 2854 717 2917 nefandus
745 2857 803 2916 in
829 2871 1034 2935 opere.
2462 2874 2513 2917 ω

556 2936 749 3001 Nutrit
779 2948 839 2999 et
868 2940 1140 3020 nutricat]
1171 2942 1348 3001 nutrit
1376 2940 1602 3015 mulier,
1634 2941 1881 3001 nutricat
1908 2942 2221 3001 masculum

558 3020 920 3101 Nequiquam
951 3032 1010 3083 et
1039 3025 1427 3104 nequaquam]
1444 3026 1787 3105 nequiquam
1816 3023 2048 3103 frustra,
2079 3041 2446 3104 nequaquam

439 3104 600 3169 nullo
630 3106 802 3169 modo
833 3108 1140 3186 signifieat.

567 3186 768 3251 Oleum
799 3200 858 3251 et
889 3190 1098 3252 olivam
1131 3200 1192 3253 et
1220 3192 1457 3271 olivum]
1492 3191 1625 3253 olea
1656 3191 1879 3252 fructus
1910 3200 2017 3269 est,
2052 3192 2209 3253 oliva
2237 3191 2444 3268 arbor,

375 3340 401 3363 ο
440 3270 736 3334 multitudo
786 3292 930 3334 vero
973 3274 1178 3335 dicitur
1221 3276 1530 3354 olivetum,
1573 3284 1635 3335 ut
1677 3285 2055 3355 querquetum
2104 3284 2513 3355 prunetum335

439 3353 589 3416 unde
621 3356 832 3417 olivum
863 3357 1147 3435 liquorem
1177 3358 1495 3438 appellant.
1582 3360 1801 3420 Verum
1850 3362 1975 3420 sine
2005 3360 2337 3420 discrimine
2378 3367 2442 3419 et

440 3436 628 3498 oleam
663 3448 724 3499 et
753 3441 964 3500 olivam
1003 3459 1109 3520 pro
1138 3440 1329 3503 fructu
1363 3460 1543 3522 saepe
1571 3443 1729 3503 multi
1768 3452 2105 3523 posuerunt,
2136 3460 2248 3503 nec
2276 3442 2439 3504 refu·

437 3520 520 3595 git
554 3524 853 3598 quominus
887 3532 1188 3604 utramque
1218 3544 1342 3587 rem
1372 3536 1617 3605 utroque
1638 3528 1877 3593 ,nomine
1909 3527 2178 3587 dixerint.
