2700 4234
964 315 1173 364 mvus
1206 317 1574 366 cmumus
2157 309 2273 370 163

264 471 614 554 quaestoriis
657 471 1085 550 praetoriisque
1131 473 1482 532 ornamentis
1513 471 1786 533 honorari
1828 473 2016 533 libens
2068 485 2275 554 passus

266 566 385 627 est3
432 564 647 615 tautum
684 563 995 633 praeterea
1030 553 1340 633 adquirere
1385 565 1445 614 et
1487 575 1728 635 rapere,
1774 567 1836 616 ut
1877 567 2158 636 querente
2197 574 2272 620 eo

267 639 553 720 quondam
583 637 657 698 de
688 639 817 698 lisci
850 639 1168 715 exiguitate
1186 656 1302 698 non
1326 639 1574 700 absurde
1604 640 1814 700 dictum
1845 643 1952 717 sit,
1987 639 2270 704 abunda-

264 731 465 786 turum
478 768 497 800 ,
531 722 593 783 ai
618 739 662 782 a
690 721 934 783 duobus
954 721 1195 783 libertis
1224 723 1290 783 in
1308 723 1686 784 consortium
1711 723 2108 802 reciperetur.
2146 727 2272 804 His,
2287 746 2358 802 29

212 823 237 864 s
264 817 325 868 ut
358 808 505 886 dixi,
545 806 944 886 uxoribusque
974 807 1269 883 addictus,
1312 793 1427 867 nbn
1464 807 1786 886 principem
1827 827 1925 884 se,
1969 809 2075 868 sed
2114 813 2272 870 mini-

263 902 443 952 strum
474 894 631 968 egit,
667 889 1013 970 compendio
1048 892 1325 970 cuiusque
1359 890 1560 950 horum
1594 891 1690 982 vpl
1723 894 1894 952 etiam
1943 893 2130 955 studio
2179 903 2274 956 aut

263 976 500 1038 libidine
538 975 796 1036 honores
828 976 1123 1034 exercitus
1157 975 1524 1054 impunitates
1560 975 1847 1055 supplicia
1889 971 2131 1054 largitus
2163 987 2271 1055 est,

265 1071 325 1121 et
352 1059 578 1140 quidem
616 1059 874 1118 insciens
912 1058 1253 1138 plerumque
1283 1067 1341 1118 et
1370 1060 1624 1136 ignarus.
1710 1060 1802 1120 Ac
1834 1079 1908 1119 ne
1941 1061 2272 1138 singillatim

262 1147 485 1206 minora
528 1159 760 1222 quoque
804 1156 1169 1219 enumerem,
1220 1152 1533 1203 revocatas
1570 1142 1954 1205 liberalitates
2001 1148 2154 1221 eius,
2192 1147 2270 1206 iu·

190 1245 241 1285 ιο
265 1229 415 1290 dicia
458 1227 745 1303 rescissa,
787 1227 1129 1306 suppositos
1169 1235 1267 1286 aut
1300 1228 1470 1287 etiam
1513 1227 1700 1306 palam
1746 1229 2068 1290 immutatos
2111 1229 2270 1291 dato-

262 1332 387 1374 rum
413 1311 735 1372 ofiiciorum
755 1310 1099 1372 codicillos:
1126 1311 1380 1390 Appium
1403 1309 1655 1371 Silanum
1681 1329 2064 1373 consocerum
2087 1332 2270 1389 suum,

261 1397 552 1474 Iuliasque
594 1395 833 1455 alteram
871 1394 1080 1471 Drusi,
1125 1395 1366 1455 alteram
1409 1394 1731 1456 Germanici
1771 1397 1977 1473 filiam,
2037 1400 2271 1457 crimine

262 1484 486 1542 incerto
517 1497 631 1539 nec
662 1479 1005 1539 defensione
1036 1478 1155 1539 ulla
1184 1478 1312 1539 data
1344 1479 1591 1556 occidit,
1621 1481 1754 1539 item
1782 1479 1900 1540 CN.
1937 1481 2271 1561 Pompeium

261 1566 497 1626 maioris
523 1564 675 1624 tiliae
711 1565 892 1624 virum
910 1608 927 1639 ,
964 1571 1023 1622 et
1050 1563 1111 1622 L.
1146 1563 1403 1623 Silanum
1425 1563 1662 1623 minoris
1690 1581 1984 1644 sponsum.
2031 1565 2124 1626 Ex
2149 1566 2270 1644 qui-

193 1659 243 1699 15
265 1649 373 1708 bus
402 1648 711 1726 Pompeius
737 1648 799 1723 in
819 1646 1127 1707 concubitu
1158 1646 1357 1706 dilecti
1381 1646 1798 1708 adulescentuli
1826 1649 2135 1709 confossus
2160 1658 2268 1724 est,

266 1733 496 1792 Silanus
518 1730 790 1791 abdicare
822 1750 887 1790 se
916 1739 1187 1811 praetura
1218 1739 1349 1790 ante
1381 1729 1509 1790 1111.
1540 1730 1634 1791 m.
1664 1729 1783 1792 Ian.
1815 1733 2078 1811 morique
2109 1733 2270 1792 initio

265 1817 396 1877 anni
430 1823 703 1891 coactus,
748 1814 841 1874 die
887 1816 1019 1893 ipso
1054 1814 1275 1876 Claudii
1314 1824 1373 1874 et
1401 1815 1768 1894 Agrippinae
1804 1816 2144 1895 nuptiarum.
2205 1814 2272 1875 Iu

266 1900 519 1978 quinque
568 1906 627 1958 et
672 1899 905 1976 triginta
952 1907 1259 1960 senatores
1302 1908 1718 1978 trecentosque
1759 1900 2005 1979 amplius
2046 1901 2271 1979 equites

263 1984 333 2045 R.
369 1991 522 2043 tanta
563 1981 845 2043 facilitate
894 1983 1324 2060 animadvertit,
1375 1991 1466 2059 ut,
1511 1982 1584 2042 de
1615 2001 1764 2043 nece
1808 1983 2134 2044 consularis
2163 1984 2270 2044 viri

191 2083 244 2124 20
263 2069 621 2128 renuntiante
654 2068 997 2126 centurione
1027 2067 1239 2127 factum
1270 2085 1405 2127 esse
1433 2067 1590 2146 quod
1621 2069 1999 2158 ignperasset,
2029 2075 2272 2146 negaret

264 2153 567 2232 quicquam
598 2167 663 2210 se
699 2152 1055 2231 imperasse,
1090 2150 1270 2211 nihilo
1295 2154 1481 2211 minus
1512 2169 1634 2210 rem
1660 2151 2088 2231 comprobaret,
2117 2152 2269 2212 affir-

262 2235 546 2296 mantibus
585 2233 812 2294 libertis
866 2236 1065 2295 officio
1108 2235 1319 2295 milites
1363 2235 1630 2310 functoS,
1690 2235 1844 2314 quod
1883 2235 1956 2294 ad
1997 2235 2271 2296 ultionem

263 2311 807 2398 imperatoris'ultro
834 2319 1358 2396 procucurrissent.
1391 2318 1537 2378 Nam
1562 2318 1703 2378 illud
1725 2335 1952 2379 omnem
1977 2319 2148 2379 iidem
2169 2337 2269 2378 ex-

266 2404 515 2463 cesserit
539 2401 693 2480 quod
717 2404 963 2480 nuptiis,
994 2421 1137 2482 quas
1160 2401 1472 2464 Messalina
1504 2420 1630 2462 cum
1655 2402 1918 2463 adultero
1942 2402 2088 2462 Silio
2111 2402 2268 2462 fece-

189 2506 243 2546 25
265 2496 372 2563 rat,
396 2484 646 2545 tabellas
666 2485 816 2544 dotis
839 2488 1038 2564 etipse
1057 2489 1509 2564 consignaverit,
1535 2486 1818 2564 inductus,
1841 2489 2004 2566 quasi
2025 2485 2267 2547 deindu-

263 2571 403 2630 stria
440 2569 846 2629 simularentur
896 2571 965 2630 ad
1011 2572 1383 2631 avertendum
1429 2571 2004 2651 transferendumque
2044 2573 2268 2650 pericu-

262 2655 407 2731 lum,
441 2653 597 2733 quod
630 2655 924 2714 imminere
954 2656 1069 2734 ipsi
1100 2673 1207 2734 per
1238 2654 1518 2734 quaedam
1546 2662 1772 2717 ostenta
1802 2655 2266 2735 portenderetur.

386 2737 720 2799 Auctoritas
756 2738 1127 2817 dignitasque
1155 2739 1377 2800 formae
1421 2757 1536 2799 non
1582 2739 1806 2799 defuit*
1839 2738 1936 2800 vel
1967 2740 2139 2800 stanti
2171 2739 2264 2798 vel
2285 2751 2354 2805 30

264 2820 487 2882 sedenti
518 2839 587 2882 ac
619 2824 939 2903 praecipue
980 2822 1335 2900 quiescenti;
1398 2825 1560 2902 (nam
1603 2832 1664 2883 et
1703 2823 1934 2901 prolixo
1977 2840 2092 2882 nec
2130 2821 2268 2882 exili

192 2926 245 2968 30
267 2922 519 2984 corpore
552 2916 710 2982 erat,
744 2915 803 2966 et
826 2906 1031 2985 specie
1056 2908 1380 2986 canitieque
1405 2907 1636 2985 pulcra,
1670 2907 1876 2986 opimis
1905 2906 2266 2988 cervicibus)

266 2998 521 3051 ceterum
566 2998 625 3051 et
666 2991 1095 3067 ingredientem
1136 2990 1525 3052 destituebant
1565 2990 1823 3071 poplites
1875 2991 2058 3050 minus
2102 2991 2266 3067 firmi,

263 3083 322 3134 et
351 3076 596 3134 remisse
627 3074 762 3152 quid
786 3074 882 3134 vel
916 3075 1070 3134 serio
1096 3082 1369 3153 agentem
1389 3075 1563 3135 multa
1596 3073 2084 3136 dehonestabant:
2117 3075 2268 3134 risus

262 3158 568 3236 indecens,
623 3157 707 3219 ira
760 3159 988 3237 turpior
1042 3167 1341 3238 spumante
1401 3161 1578 3238 rictu,
1635 3159 1956 3219 umentibus
2009 3158 2263 3235 naribus,

263 3251 570 3321 praeterea
603 3241 837 3319 linguae
872 3242 1200 3318 titubantia,
1248 3252 1538 3323 caputque
1583 3260 1710 3302 cum
1747 3259 2008 3322 semper,
2065 3251 2181 3304 tum
2209 3245 2266 3302 in

190 3347 241 3387 35
263 3325 788 3404 quantulocumque
816 3335 950 3386 actu
981 3327 1077 3386 vel
1106 3327 1353 3386 maxime
1383 3326 1702 3386 tremulum.
1757 3327 2090 3389 valitudine
2119 3329 2268 3388 sicut
2283 3342 2346 3396 31

258 3411 393 3470 olim
422 3413 613 3488 gravi,
648 3411 722 3470 ita
759 3412 1038 3489 princeps
1071 3427 1357 3489 prospera
1388 3429 1524 3470 usus
1555 3419 1669 3487 est,
1699 3422 1954 3492 excepto
1986 3411 2264 3474 stomachi

256 3493 499 3570 dolore,
534 3511 650 3573 quo
681 3511 749 3554 se
780 3503 1115 3573 correptum
1148 3496 1317 3554 etiam
1348 3494 1420 3555 de
1447 3496 1866 3557 consciscenda
1893 3507 2081 3558 morte
2106 3497 2264 3571 cogi-

256 3588 414 3638 tasse
444 3576 606 3638 dixit.

1800 3661 1924 3723 11*
