2700 4234
494 312 576 376 84
684 323 746 380 c.
778 322 1079 372 snmom
1109 313 1367 380 mmo.
1398 319 1494 366 DE
1525 318 1693 365 vrrA
1725 315 2096 364 CAESARUM
2129 315 2266 365 Lm.
2302 315 2380 364 11.

1785 469 1840 531 εἰ
1867 468 1933 532 δέ
1959 493 2017 530 τι

829 561 953 640 ἔχοι
982 562 1177 633 καλῶς
1204 551 1271 620 τὰ
1296 558 1610 656 παίγνιον,
1641 548 1856 636 κρότον
1890 549 2022 616 δότε

828 644 932 706 καὶ
959 641 1178 718 πάντες
1206 637 1367 722 ἡμᾶς
1394 633 1539 720 μετὰ
1569 641 1752 721 χαρᾶς
1779 637 2188 720 προπέμψατε.

498 731 775 793 Omnibus
816 731 1027 792 deinde
1058 730 1341 806 dimissis,
1393 728 1524 788 dum
1553 725 1932 786 advenientes
1963 724 2037 785 ab
2069 724 2213 784 urbe
2241 725 2315 784 de
2345 724 2522 784 Drusi

497 818 613 879 lilia
642 835 822 895 aegra
851 817 1198 892 interrogat,
1231 822 1476 893 repente
1507 811 1564 870 in
1593 810 1814 871 osculis
1842 810 2036 871 Liviae
2066 811 2210 868 etin
2233 808 2342 870 hac
2368 827 2524 871 voce
2547 826 2576 865 5

498 902 746 964 defecit:
782 897 989 976 Livia,
1014 899 1217 961 nostri
1236 896 1486 976 coniuyt‘
1503 913 1734 956 memor
1755 894 1931 971 vive,
1963 911 2044 955 ac
2069 893 2250 956 vale!
2281 895 2522 955 sortitus

498 987 713 1047 exitum
745 984 979 1046 facilem
1016 993 1074 1043 et
1105 984 1335 1062 qualem
1378 999 1613 1060 semper
1645 987 1975 1059 optaverat.
2040 977 2188 1039 Nam
2217 979 2346 1040 fere
2378 996 2520 1079 quo—

496 1072 647 1131 tiens
703 1070 959 1130 audisset
1010 1069 1125 1128 cito
1184 1086 1255 1128 ac
1298 1066 1459 1126 nullo
1501 1065 1756 1124 cruciatu
1801 1063 2128 1124 defunctum
2169 1065 2520 1143 quempiam,

498 1153 609 1215 sibi
653 1163 711 1213 et
753 1156 873 1214 suis
906 1141 1328 1213 εὐθανασίαν
1365 1149 1608 1210 similem
1639 1149 1788 1229 (hoc
1821 1150 1973 1208 enim
2005 1156 2063 1208 et
2092 1149 2278 1209 verbo
2312 1149 2394 1208 uti
2423 1165 2518 1208 so-

496 1238 687 1315 lebat)
734 1237 1098 1317 precabatur.
1171 1237 1362 1298 Unum
1409 1236 1641 1296 omnino
1681 1242 1812 1293 ante
1857 1233 2112 1293 efflatam
2155 1235 2398 1295 animam
2445 1234 2590 1292 sii-10

496 1339 671 1400 gnum
730 1321 1016 1382 alienatae
1068 1322 1277 1381 mentis
1330 1318 1612 1395 ostendit,
1666 1318 1822 1396 quod
1865 1318 2056 1377 subito
2097 1317 2444 1398 pavefactus
2489 1335 2522 1377 a

499 1404 878 1485 quadraginta
908 1424 973 1466 se
1003 1405 1309 1465 iuvenibus
1339 1403 1530 1482 abripi
1563 1411 1801 1482 questus
1833 1412 1941 1462 est.
1983 1401 2050 1463 Id
2075 1419 2309 1481 quoque
2333 1403 2522 1478 magis

497 1491 863 1569 praesagium
896 1509 1066 1569 quam
1094 1492 1303 1549 mentis
1334 1488 1648 1548 deminutio
1678 1487 1812 1564 fuit,
1845 1486 2128 1565 siquidem
2159 1486 2400 1547 totidem
2419 1488 2520 1545 mi-

418 1586 518 1639 loo
540 1574 673 1634 lites
706 1576 1063 1654 praetoriani
1094 1574 1426 1634 extulerunt
1454 1590 1583 1632 eum
1617 1573 1676 1630 in
1709 1571 2020 1652 publicum.
2083 1570 2238 1632 Obiit
2269 1572 2326 1630 in
2362 1569 2521 1631 cubi-

500 1660 633 1718 culo
664 1660 906 1736 eodem,
942 1676 1057 1738 quo
1092 1667 1259 1738 pater
1290 1657 1600 1734 Octavius,
1635 1654 1864 1716 duobus
1895 1656 2114 1733 Sextis,
2145 1655 2430 1734 Pompeio
2467 1664 2524 1715 et
2545 1671 2596 1710 ιε

498 1742 818 1823 Appuleio,
853 1761 1017 1803 cons.
1060 1742 1244 1802 XIIII.
1270 1742 1400 1802 Kal.
1429 1740 1730 1819 Septemb.
1763 1740 1910 1800 hora
1942 1739 2056 1800 diei
2087 1757 2258 1817 nona,
2289 1748 2522 1820 septua-

498 1830 729 1905 gesimo
763 1836 821 1887 et
852 1836 1021 1887 sexto
1054 1830 1261 1888 aetatis
1292 1843 1475 1900 anno,
1509 1824 1714 1885 diebus
1745 1825 1819 1885 V.
1849 1833 1907 1884 et
1937 1824 2124 1885 XXX.
2159 1826 2363 1884 minus.

626 1908 855 1989 Corpus
912 1911 1265 1971 decuriones
1304 1911 1748 1988 municipiorum
1787 1917 1846 1968 et
1887 1909 2246 1970 coloniarum
2293 1928 2325 1969 a
2367 1906 2524 1969 Nola

496 1993 755 2056 Bovillas
799 2012 983 2074 usque
1027 1996 1440 2075 deportarunt,
1493 1994 1762 2054 noctibus
1805 2003 2054 2073 propter
2087 1995 2229 2063 ‚anni
2273 2003 2522 2072 tempus,

500 2097 629 2139 cum
659 2079 907 2140 interdiu
934 2081 990 2138 in
1022 2079 1263 2140 basilica
1296 2081 1575 2158 cuiusque
1613 2076 1815 2158 oppidi
1845 2077 1941 2137 vel
1974 2079 2031 2138 in
2069 2078 2295 2138 aedium
2325 2095 2522 2138 sacra·
2544 2090 2601 2131 2⁰

498 2181 622 2224 rum
654 2165 899 2224 maxima
932 2173 1339 2245 reponeretur.
1399 2164 1453 2222 A
1483 2161 1726 2223 Bovillis
1753 2172 2034 2240 equester
2066 2162 2209 2224 ordo
2241 2163 2524 2240 suscepit,

499 2247 742 2326 urbique
782 2247 971 2308 intulit
1000 2257 1174 2327 atque
1207 2251 1265 2308 in
1298 2247 1592 2308 vestibulo
1624 2247 1826 2308 domus
1861 2246 2212 2308 conlocavit.
2273 2247 2526 2307 Senatus

500 2341 558 2392 et
590 2333 649 2391 in
678 2331 882 2392 funere
915 2332 1175 2392 ornando
1211 2341 1272 2392 et
1302 2334 1360 2392 in
1391 2333 1668 2392 memoria
1698 2330 2036 2392 honoranda
2066 2348 2138 2391 eo
2172 2330 2361 2392 studio
2395 2349 2526 2391 cer-

497 2418 657 2477 tatim
698 2433 1055 2494 progressus
1098 2426 1221 2493 est,
1264 2426 1325 2476 ut
1363 2419 1513 2476 inter
1555 2415 1667 2476 alia
1701 2415 2002 2495 complura
2034 2417 2365 2476 censuerint
2401 2417 2527 2494 qui·

500 2501 660 2576 dam,
691 2498 862 2558 funus
894 2499 1222 2581 triumphali
1256 2511 1428 2580 porta
1457 2499 1808 2577 ducendum,
1843 2500 2237 2579 praecedente
2260 2500 2530 2561 Victoria
2553 2521 2604 2560 25

500 2601 649 2662 quae
681 2586 771 2642 e'st
804 2584 863 2642 in
890 2586 1078 2662 curia,
1114 2586 1456 2646 canentibus
1485 2587 1710 2645 neniam
1735 2585 2061 2665 principum
2083 2584 2287 2644 liberis
2314 2585 2528 2644 utrius-

503 2685 617 2746 que
653 2685 859 2738 sexus;
894 2668 1023 2746 alii,
1052 2671 1427 2749 exequiarum
1459 2669 1553 2729 die
1585 2670 1892 2748 ponendos
1925 2668 2130 2730 anulos
2163 2677 2378 2730 aureos
2407 2669 2530 2729 fer-

500 2769 757 2830 reosque
802 2753 1143 2823 sumendos;
1198 2754 1494 2831 nonnulli,
1538 2770 1675 2815 ossa
1724 2753 1974 2831 legenda
2026 2771 2134 2833 per
2179 2753 2532 2814 sacerdotes

502 2853 851 2897 summorum
884 2838 1293 2917 collegiorum.
1353 2838 1486 2899 Fuit
1519 2847 1578 2898 et
1611 2839 1707 2917 qui
1741 2837 2032 2915 suaderet,
2065 2837 2530 2917 appellationem

502 2923 719 2980 mensis
752 2922 1003 2999 Augusti
1033 2925 1090 2983 in
1119 2922 1526 3006 Septembrem
1561 2922 2051 2999 transferendam,
2085 2921 2240 3001 quod
2272 2920 2389 2982 hoc
2419 2940 2529 3000 ge·
2555 2942 2608 2983 ao

500 3006 655 3065 nitus
687 3004 1021 3084 Augustus,
1067 3007 1169 3068 illo
1214 2999 1521 3067 defunctus
1557 3015 1747 3077 esset;
1800 3007 1974 3084 aliuS,
2009 3015 2069 3066 ut
2098 3023 2267 3065 omne
2295 3015 2533 3084 tempus

504 3107 536 3150 a
581 3091 769 3167 primo
802 3089 895 3151 die
929 3091 1103 3153 natali
1136 3091 1206 3152 ad
1238 3093 1453 3151 exitum
1484 3093 1608 3151 eius
1641 3091 1936 3152 saeculum
1959 3053 2289 3168 ⁹Augustum
2321 3091 2533 3168 appel-

502 3173 724 3233 laretur
756 3183 814 3233 et
848 3177 925 3236 ita
956 3178 1014 3234 in
1042 3176 1229 3236 fastos
1258 3175 1597 3236 referretur.
1665 3177 1883 3236 Verum
1915 3175 2172 3235 adhibito
2203 3173 2535 3236 honoribus

502 3255 716 3334 modo,
754 3257 1019 3320 bifariam
1051 3259 1312 3321 laudatus
1348 3269 1468 3320 est:
1501 3276 1611 3339 pro
1647 3259 1796 3321 aede
1827 3260 1957 3320 Divi
1987 3259 2095 3320 Iuli
2133 3277 2166 3318 a
2197 3258 2438 3318 Tiberio
2475 3266 2538 3317 et

503 3357 613 3418 pro
644 3344 853 3402 rostris
886 3344 1184 3404 veteribus
1216 3363 1249 3405 a
1273 3343 1467 3404 Druso
1496 3343 1695 3405 Tiberi
1726 3344 1869 3421 lilio,
1901 3362 1973 3405 ac
2009 3352 2337 3404 senatorum
2367 3360 2534 3402 ume-
2561 3357 2618 3398 35

504 3424 586 3481 ris
630 3423 856 3485 delatus
900 3428 957 3486 in
990 3425 1267 3508 Campum
1311 3437 1737 3529 crematusque.
1795 3427 1925 3488 Nec
1960 3428 2142 3489 defuit
2170 3429 2259 3486 vir
2291 3435 2537 3526 praeto-

505 3507 643 3582 rius,
671 3511 764 3585 qui
800 3527 864 3570 se
898 3511 1155 3589 effigiem
1187 3513 1426 3572 cremati
1458 3522 1687 3573 euntem
1717 3514 1774 3572 in
1799 3513 2022 3574 caelum
2048 3511 2267 3571 vidisse
2291 3512 2539 3571 iuraret.

454 3600 459 3604 ·
506 3589 810 3668 Reliquias
866 3594 1135 3672 legerunt
1187 3598 1476 3674 primores
1529 3599 1820 3677 equestris
1876 3596 2121 3674 ordinis,
2177 3595 2414 3655 tunicati
2479 3601 2546 3653 et
