2700 4234
947 325 1157 372 DIVUS
1195 325 1447 374 muns.
2122 315 2197 376 13

192 498 304 558 que
347 479 612 554 ordinum
655 495 878 553 genere
917 478 1012 536 vel
1057 479 1328 539 invitatos
1371 479 1466 538 vel
1499 487 1709 556 sponte
1752 479 1823 538 ad
1854 498 1917 538 se
1952 498 2199 541 comme-

191 563 336 622 antis
364 549 676 622 υῦειιίηιό
683 561 946 638 congiari
1017 562 1513 639 prosequebatur,
1546 562 1830 621 libertos
1813 581 2049 641 insuper
2078 583 2199 624 ser-

193 647 482 724 vulosque
508 645 819 721 cuiusque,
853 663 922 722 pr
1004 643 1276 704 tdomino
1310 654 1635 723 patronove
1662 654 1863 720 gratus
1891 648 1988 723 qui
2019 657 2197 706 esset.

189 730 334 789 Tum
377 745 612 787 reorum
651 737 746 786 aut
779 727 1181 788 obaeratorum
1220 737 1317 788 aut
1346 728 1630 806 prodigae
1666 729 1977 788 iuventutis
2016 731 2197 790 subsi-

145 813 342 878 sdium
371 813 600 871 unicum
640 829 710 870 ac
745 811 1227 889 promptissimum
1259 819 1417 887 erat,
1464 813 1573 870 nisi
1620 829 1767 889 quos
1809 813 2049 888 gravior
2090 815 2197 873 cri-

188 898 400 956 minum
429 895 527 954 vel
561 895 790 972 inopiae
819 894 1156 954 luxuriaeve
1189 893 1278 953 vis
1305 903 1579 971 urgeret,
1622 911 1790 972 quam
1822 904 1880 954 ut
1904 895 2199 957 subveniri

191 988 399 1057 posset
435 997 467 1038 a
509 995 606 1046 se;
650 977 740 1036 his
783 976 956 1055 plane
983 977 1172 1055 palam
1201 977 1361 1038 bello
1398 978 1569 1038 civili
1595 995 1755 1056 opus
1783 995 1919 1038 esse
1948 979 2196 1042 dicebat.

189 1063 318 1122 Nec
363 1063 585 1121 minore
629 1060 818 1119 studio
854 1079 1032 1136 reges
1073 1070 1245 1138 atque
1278 1062 1613 1139 provincias
1653 1079 1759 1139 per
1798 1071 2077 1124 terrarum
2109 1076 2285 1130 or-28

192 1147 328 1205 bem
369 1143 722 1220 adliciebat,
761 1144 890 1203 aliis
934 1145 1294 1222 captivorum
1337 1144 1492 1204 milia
1534 1144 1687 1204 dono
1730 1145 2017 1222 offerenS,
2074 1148 2200 1208 aliis

125 1254 177 1294 ιο
198 1231 344 1290 citra
373 1237 602 1288 senatus
632 1227 952 1306 populique
982 1227 1413 1304 auctoritatem,
1448 1245 1561 1306 quo
1592 1227 1812 1287 vellent
1842 1237 1901 1288 et
1933 1231 2200 1308 quotiens

194 1310 447 1386 vellent,
496 1311 702 1370 auxilia
751 1311 1123 1386 submittens,
1179 1329 1475 1390 superque
1522 1310 1723 1372 Italiae
1754 1311 2199 1392 'Galliarumque

195 1404 258 1456 et
283 1393 714 1473 Hispaniarum,
751 1395 930 1455 Asiae
963 1411 1196 1472 quoque
1239 1404 1297 1454 et
1329 1395 1609 1454 Graeciae
1642 1396 2071 1474 potentissimas
2108 1416 2197 1457 ur-

192 1479 304 1538 bes
333 1479 666 1557 praecipuis
691 1477 968 1556 operibus
991 1496 1310 1547 exornans3
1345 1477 1563 1554 donec,
1596 1480 1849 1538 attonitis
1878 1480 1987 1539 iam
2020 1483 2196 1539 omni-

191 1564 332 1638 bus,
377 1570 435 1620 et
482 1579 754 1639 quorsum
798 1561 898 1621 illa
948 1561 1251 1621 tenderent
1293 1563 1721 1639 reputantibus,
1762 1561 1991 1622 Marcus
2030 1562 2196 1624 Clau-

151 1672 168 1682 ·
122 1647 320 1708 radius
349 1645 663 1706 Marcellus
706 1645 909 1704 consul
939 1644 1130 1704 edicto
1163 1645 1496 1723 praefatus,
1540 1644 1613 1703 de
1646 1663 1861 1704 summa
1890 1665 1955 1704 se
1985 1664 2050 1704 re
2099 1665 2195 1724 pu·

189 1730 345 1789 blica
375 1738 665 1826 acturum,
708 1728 928 1788 rettulit
968 1728 1036 1786 ad
1080 1737 1368 1803 senatum,
1409 1737 1470 1786 ut
1514 1730 1567 1786 ei
1610 1727 2025 1788 succederetur
2068 1739 2199 1788 ante

190 1825 460 1891 tempuS,
491 1814 758 1889 quoniam
784 1811 944 1870 bello
973 1812 1244 1898 confecto
1276 1829 1394 1889 pax
1424 1821 1582 1870 esset
1624 1829 1697 1871 ac
1727 1811 1924 1871 dimitti
1956 1811 2199 1872 deberet

193 1898 382 1956 victor
440 1896 759 1962 exercitus:
820 1904 878 1954 et
932 1889 1004 1954 ne
1055 1895 1310 1955 absentis
1368 1895 1514 1956 ratio
1566 1897 1809 1955 comitiis
1861 1895 2195 1971 haberetur,

192 1978 421 2058 quando
453 1997 564 2038 nec
593 1979 778 2078 plebi
787 1979 935 2037 scito
966 1979 1272 2057 Pompeius
1306 1988 1513 2056 postea
1546 1979 1914 2066 obrogasset.
1992 1979 2196 2059 (Acci-

119 2083 174 2122 20
195 2064 358 2124 derat
389 2072 608 2137 autem,
641 2072 702 2122 ut
732 2064 782 2122 is
794 2055 1004 2138 legem
1037 2062 1154 2122 de
1137 2080 1260 2120 lure
1295 2064 1729 2138 magistratuum
1766 2057 1965 2123 ferens
1996 2080 2069 2123 eo
2103 2081 2195 2124 ca-

193 2149 346 2226 pite',
391 2163 505 2224 quo
548 2147 827 2224 petitione
867 2145 1150 2205 honorum
1191 2144 1449 2206 absentis
1492 2145 1895 2223 submovebat,
1940 2164 2015 2204 ne
2052 2145 2195 2205 Cae-

193 2248 382 2290 sarem
415 2228 643 2306 quidem
676 2231 1009 2308 exciperet,
1041 2247 1149 2307 per
1169 2228 1567 2296 oblivionem
1610 2247 1681 2288 ac
1708 2246 1876 2304 mox,
1909 2229 2045 2304 lege
2086 2231 2198 2288 iam

193 2316 250 2372 in
294 2331 396 2371 aes
445 2313 627 2372 incisa
672 2322 730 2372 et
777 2314 834 2370 in
882 2313 1165 2372 aerarium
1205 2311 1468 2386 condita,
1510 2312 1838 2388 corrigeret
1881 2312 2194 2388 errorem.)

191 2396 319 2456 Nec
369 2405 672 2455 contentus
710 2395 1024 2456 Marcellus
1067 2397 1399 2474 provincias
1442 2393 1682 2455 Caesari
1729 2403 1787 2454 et
1830 2395 2199 2473 privilegium

124 2503 172 2542 25
193 2481 462 2558 eripere,
511 2480 704 2539 retulit
745 2480 950 2554 etiam,
1001 2489 1061 2538 ut
1113 2479 1367 2554 colonis,
1422 2495 1569 2556 quos
1618 2479 1925 2555 rogatione
1970 2479 2197 2538 Vatinia

191 2563 420 2622 Novum
471 2561 708 2623 Comum
757 2562 1125 2637 deduxisset,
1180 2563 1383 2622 civitas
1446 2562 1821 2664 adimeretur,
1877 2562 2033 2641 quod
2090 2580 2197 2640 per

193 2645 562 2706 ambitionem
594 2656 651 2706 et
680 2647 826 2706 ultra
858 2649 1282 2724 praescriptum
1313 2645 1443 2706 data
1478 2655 1675 2706 esset.
1688 2637 1712 2709 ι’

193 2813 440 2874 auditum
483 2815 706 2889 ferunt,
755 2811 1076 2891 difficilius
1120 2830 1189 2872 se
1221 2812 1565 2890 principem
1611 2811 1881 2872 civitatis
1919 2829 1961 2871 a
1992 2811 2195 2888 primo

121 2916 172 2956 30
193 2897 414 2957 ordine
454 2897 520 2956 in
547 2895 877 2957 secundum
918 2914 1102 2976 quam
1151 2914 1230 2956 em
1262 2895 1534 2956 secundo
1566 2895 1632 2954 in
1664 2894 2059 2974 novissimum
2090 2896 2191 2954 cle-

192 2979 391 3055 trudt',
421 2997 635 3040 summa
668 2997 784 3058 ope
814 2981 1024 3039 restitit
1036 2980 1284 3058 ,partim'
1316 2997 1425 3058 per
1458 2981 1885 3038 intercessores
1916 2978 2195 3054 tribunoS,

191 3064 400 3141 partim
432 3080 540 3144 per
573 3065 836 3123 Servium
865 3064 1178 3141 Sulpicium
1207 3063 1453 3124 alterum
1481 3062 1797 3122 consulem.
1865 3061 2197 3138 Insequenti

192 3164 429 3225 quoque
461 3165 610 3207 anno
644 3147 786 3209 Gaio
815 3146 1455 3306 MameQutmri
1491 3146 1736 3226 patrueli
1772 3162 1876 3204 suo
1910 3145 2157 3206 Marco'
2141 3163 2199 3204 ιιι

193 3231 496 3290 consulatu
527 3239 892 3292 successerat
965 3247 1032 3289 ea
1076 3248 1166 3289 em
1327 3239 1557 3308 ptante,
1605 3229 1893 3305 collegam
1926 3230 2049 3288 eius
2081 3228 2196 3288 Ae-

120 3334 173 3374 as
191 3313 406 3377 milium
437 3313 705 3391 Paulum,
753 3314 1067 3391 Gaiumque
1100 3311 1410 3373 Curionem
1437 3315 1913 3374 violentissimum
1943 3312 2195 3372 tribuno-

191 3415 318 3456 rum
361 3399 584 3474 ingenti
611 3397 882 3458 mercede
925 3397 1270 3459 defensores
1304 3399 1545 3474 paravit.
1636 3397 1754 3458 Sed
1787 3415 1913 3458 cum
1946 3397 2195 3456 obstina-

190 3480 306 3540 tius
339 3481 526 3542 omnia
569 3482 668 3558 agi
703 3481 931 3542 videret
971 3490 1030 3540 et
1071 3480 1412 3556 designatos
1456 3481 1624 3542 etIam
1662 3481 1935 3541 consules
1967 3499 2011 3548 e⁴
2034 3488 2197 3557 parte

195 3561 460 3643 diversa,
503 3575 762 3627 senatum
802 3565 1006 3624 litteris
1040 3564 1393 3642 deprecatus
1441 3573 1559 3642 est,
1606 3581 1678 3623 ne
1715 3564 1825 3623 sibi
1854 3563 2199 3622 beneficium

319 2727 654 2789 Commotus
695 2729 784 2789 his
827 2727 1072 2805 Caesar,
1116 2748 1186 2790 ac
1231 2729 1523 2804 iudicanS,
1567 2729 1723 2806 quod
1771 2747 1951 2807 saepe
2004 2747 2079 2788 ex
2122 2745 2194 2788 eo
2213 2738 2281 2792 29
