2700 4234
448 1679 510 1733 11

793 109 1138 197 ‘xxv-
1616 148 1649 159 ”

529 316 652 379 262
1035 327 1095 377 0.
1123 327 1505 377 sumemus
1536 328 2025 389 rmmmnnns

530 485 626 564 qui
655 484 869 563 primus
897 482 1014 544 hoc
1045 500 1372 561 cognomen
1392 483 1506 545 sihi
1527 482 1865 560 vindicavit,
1914 482 2218 561 multiplici
2248 484 2541 563 variaque

529 567 789 630 doctrina
812 566 1176 628 censebatur.
1221 567 1391 643 Quod
1414 586 1553 627 sane
1575 586 1650 627 ex
1674 566 2096 627 commentariis
2120 567 2245 626 eius
2262 576 2539 646 apparet,

530 668 854 731 quanquam
908 652 1237 731 paucissimi
1283 659 1508 721 extent:
1574 650 1645 711 de
1689 668 1930 729 quorum
1985 659 2176 710 tamen
2218 651 2393 729 copia
2450 652 2540 710 sic

529 736 712 795 altera
735 734 806 795 ad
831 734 1073 796 eundem
1093 734 1360 795 Hermam
1392 732 1641 814 epistola
1670 736 1990 812 significat:
2027 732 2227 813 Hylen
2251 740 2539 795 nostram

531 820 676 880 aliis
697 825 987 880 memento
1019 818 1478 896 commendare,
1511 836 1695 899 qaam
1716 817 1912 879 omnis
1929 819 2177 898 qeneris
2199 816 2535 897 coeyimaS,

529 905 620 964 uti
644 904 805 979 scis,
837 903 1218 982 octinqentos
1245 903 1310 963 in
1341 902 1556 965 libros.
1627 900 1819 963 Coluit
1847 910 2054 981 postea
2085 901 2536 962 familiarissime

531 986 597 1049 G.
632 986 964 1047 Sallustium
1004 996 1061 1046 et
1091 1005 1164 1047 eo
1191 986 1463 1047 defuncto
1494 985 1755 1046 Asinium
1788 984 2143 1063 Pollionem,
2178 1002 2327 1064 quos
2352 985 2535 1047 histo-

527 1073 670 1131 riam
701 1088 1053 1151 componere
1086 1088 1437 1147 aggressos,
1470 1071 1711 1132 alterum
1749 1070 2038 1132 breviario
2062 1087 2252 1130 rerum
2285 1071 2537 1130 omnium

528 1157 931 1230 Romanarum,
961 1172 1034 1214 ex
1061 1154 1267 1233 quibus
1293 1172 1438 1233 quas
1460 1154 1643 1215 vellet
1673 1152 1941 1232 eligeret,
1971 1154 2259 1230 instruxit,
2286 1153 2535 1213 alterum

532 1241 864 1320 praeceptis
898 1238 969 1298 de
1010 1239 1235 1297 ratione
1275 1237 1588 1298 scribendi.
1663 1238 1792 1313 Quo
1838 1239 2023 1316 magis
2064 1239 2241 1298 miror
2270 1236 2537 1297 Asinium
2560 1254 2607 1293 ιο

531 1322 872 1399 credidisse,
897 1322 1130 1400 antiqua
1153 1339 1284 1381 eum
1306 1321 1487 1382 verba
1508 1330 1567 1381 et
1591 1322 1805 1398 figuras
1828 1320 2059 1381 solitum
2083 1340 2219 1381 esse
2245 1320 2538 1399 colligere

529 1406 834 1475 Sallustio:
863 1424 987 1465 cum
1013 1403 1124 1464 sibi
1149 1406 1298 1465 sciat
1324 1404 1464 1465 nihil
1489 1404 1643 1467 aliud
1666 1405 1911 1466 suadere
1944 1424 2111 1485 quam
2134 1415 2194 1465 ut
2218 1415 2355 1466 noto
2395 1407 2537 1465 civi-

528 1491 687 1569 lique
722 1499 781 1550 et
821 1490 1060 1569 proprio
1089 1506 1359 1550 sermone
1390 1498 1608 1565 utatur,
1652 1491 1911 1568 vitetque
1936 1492 2183 1552 maxime
2207 1488 2535 1550 obscurita-

530 1583 645 1634 tem
678 1573 936 1634 Sallustii
965 1582 1022 1634 et
1052 1573 1344 1634 audaciam
1379 1576 1437 1633 in
1468 1573 1955 1634 translationibus,

2559 836 2585 875 5

653 1658 717 1719 Ρ.
749 1658 1020 1719 Valerius
1053 1654 1231 1733 Cato,
1271 1666 1332 1718 ut
1364 1657 1622 1717 nonnulli
1655 1656 2032 1735 tradiderunt,
2065 1656 2308 1717 Burseni
2343 1659 2603 1718 cuius-1⁵

529 1744 661 1803 dam
700 1742 944 1803 libertus
984 1760 1058 1801 ex
1106 1740 1322 1809 Gallia:
1382 1741 1512 1819 ipse
1550 1739 1784 1817 libello,
1831 1743 1920 1801 cui
1970 1750 2060 1801 est
2102 1741 2297 1803 titulus
2337 1740 2534 1801 Indi-

531 1826 820 1904 gnati0,
854 1827 1162 1902 ingenuum
1193 1843 1258 1884 se
1291 1834 1482 1885 natum
1513 1825 1590 1886 ait
1620 1833 1677 1885 et
1710 1824 1987 1904 pupillum
2019 1824 2312 1902 relictum,
2345 1842 2535 1905 eoque

530 1909 758 1970 facilius
789 1908 1020 1969 licentia
1052 1906 1273 1982 Syllani
1305 1909 1585 1986 temporis
1615 1915 1845 1969 exutum
1878 1910 2246 1987 patrimonio,
2319 1910 2537 1970 Docuit

530 1992 738 2052 multos
770 2000 828 2052 et
858 1990 1116 2067 nobiles,
1160 1991 1437 2069 visusque
1474 2000 1564 2050 est
1596 1992 1948 2071 peridoneus
1983 2001 2373 2073 praeceptor,
2420 2012 2533 2053 ma-

531 2078 684 2137 xime
727 2075 799 2136 ad
843 2076 1131 2155 poeticam
1169 2072 1566 2153 tendentibuS,
1608 2084 1667 2136 ut
1705 2075 1933 2155 quidem
1965 2095 2256 2157 apparere
2304 2076 2404 2137 vel
2448 2076 2603 2141 hiszo

531 2160 839 2221 versiculis
870 2167 1094 2241 potest:

945 2247 1076 2305 Cato
1102 2249 1495 2320 grammaticus
1508 2290 1523 2315 ‚
1559 2247 1758 2304 Latina
1793 2247 1974 2319 Siren,

949 2330 1058 2399 Qui
1075 2332 1224 2387 solus
1252 2332 1376 2403 leyit
1406 2346 1475 2385 ac
1500 2330 1644 2402 facit
1687 2339 1904 2404 poetas,

533 2411 590 2472 Is
637 2413 873 2490 scrIpsit
908 2418 1143 2489 praeter
1181 2412 1589 2487 grammaticos
1625 2410 1862 2471 libellos
1909 2412 2079 2472 etiam
2116 2422 2421 2492 poemata,
2466 2433 2540 2473 ex

537 2493 742 2573 quibus
782 2495 1096 2573 praecipue
1119 2491 1436 2573 probantur
1469 2492 1686 2568 Lydia
1726 2495 1886 2556 etDi
1900 2512 2049 2558 ana.
2096 2496 2310 2572 Lydiae
2337 2497 2536 2559 Ticida
2556 2519 2601 2561 25

534 2576 815 2638 meminit:
1301 2622 1310 2629 .

965 2665 1140 2738 Lydia
1169 2666 1453 2722 doctorum
1486 2669 1731 2723 maxima
1754 2684 1894 2725 cura
1926 2668 2061 2725 liber
2071 2692 2089 2731 ,-

535 2743 754 2805 Dianae
788 2742 993 2805 Cinna:

883 2832 1084 2889 Secula
1106 2841 1442 2906 permaneat
1466 2838 1644 2893 nostri
1672 2835 1948 2908 Dictynna
1979 2834 2213 2893 Catonis.

537 2916 698 2976 Vixit
727 2913 797 2973 ad
822 2922 1137 2975 extremam
1165 2924 1493 2993 senectam,
1525 2916 1630 2976 sed
1661 2916 1717 2973 in
1746 2933 1959 2975 summa
1984 2915 2266 2995 pauperie
2297 2924 2356 2975 et
2388 2934 2541 2995 pene
2560 2934 2608 2977 ao

538 2999 766 3079 inopia,
799 2997 1024 3058 abditus
1053 2998 1283 3059 modico
1314 3002 1652 3077 gurgustio,
1694 3008 1998 3079 postquam
2030 2998 2361 3060 Tusculana
2402 2999 2543 3060 villa

540 3081 922 3144 creditoribus
951 3090 1243 3159 cesserat,
1275 3091 1334 3142 ut
1368 3091 1569 3143 auctor
1599 3090 1690 3142 est
1721 3080 2061 3143 Bibaculus:

950 3169 1014 3227 Si
1041 3172 1162 3245 quis
1186 3169 1335 3243 forte
1367 3172 1476 3226 mei
1497 3172 1713 3227 domum
1744 3170 1985 3236 Catonis,

945 3256 1208 3326 Depictas
1235 3256 1397 3310 minin
1427 3257 1673 3325 assulae,
1704 3260 1757 3311 et
1780 3254 1899 3312 illos

943 3338 1188 3394 Custodia
1221 3339 1364 3395 videt
1390 3338 1636 3397 hortulos
1659 3336 1863 3411 Priapi
1874 3365 1888 3395 .-

948 3419 1220 3491 Miratur,
1249 3422 1441 3494 quibus
1464 3423 1553 3479 ille
1579 3424 1877 3494 disciplinis

951 3502 1181 3558 Tantam
1208 3506 1278 3559 sit
1307 3508 1629 3578 sapientiam
1664 3514 1965 3577 asseculuS,

954 3586 1122 3655 Quem
1150 3593 1263 3643 tres
1291 3590 1548 3646 cauliculi
1558 3634 1573 3661 ,
1603 3590 1804 3647 selibra
1832 3590 2035 3662 sarri-e,

2566 3356 2609 3398 35
