2700 4234
469 321 593 383 232
634 332 694 380 c.
732 329 1035 380 sumom
1055 328 1315 389 TRANQ.
1347 329 1445 376 mc.
1471 329 1640 376 vrrs
1673 328 2045 376 cansarum
2067 330 2207 378 Lm.
2232 331 2381 410 vni.

390 496 461 551 14
600 486 961 548 Offensarum
994 484 1526 563 inimicitiarumque
1559 483 1787 543 minime
1827 500 2050 543 memor
2086 495 2464 565 executor-ve,

466 571 687 634 Vitellii
700 569 885 629 hostis
898 570 988 628 sui
1004 568 1177 628 filiam
1191 567 1633 646 spendidissime
1645 569 1930 627 maritavit
1941 567 2284 646 dotavitque
2297 573 2464 630 etiam

466 665 525 718 et
545 654 835 714 instruxit.
886 651 1201 731 Trepidam
1226 669 1356 710 eum
1385 651 1694 712 interdicta
1724 651 1855 712 aula
1887 650 1993 710 sub
2021 649 2259 712 Nerone
2293 671 2461 732 quae-

464 746 825 817 rentemque,
862 735 1129 814 quidnam
1158 742 1368 812 ageret
1397 743 1494 795 aut
1521 753 1636 814 quo
1667 734 1875 811 abiret,
1909 733 2139 812 quidam
2164 753 2242 795 ex
2265 737 2460 797 officio

468 821 833 885 admissionis
868 819 1035 880 simul
1066 819 1397 899 expellens,
1431 817 1610 878 abire
1637 817 2036 880 Morbouiam
2070 819 2337 879 iusserat.
2380 819 2458 880 ·In
2487 842 2514 882 ⁵

466 908 619 970 hunc
644 913 849 984 postea
883 902 1295 982 deprecantem
1328 901 1480 962 haud
1505 902 1654 963 ultra
1681 901 1864 962 verba
1897 901 2224 978 excanduit,
2254 911 2312 962 et
2341 905 2459 982 qui-

470 991 599 1052 dem
620 986 857 1048 totidem
888 987 1015 1048 iere
1044 993 1219 1065 atque
1253 983 1476 1044 eadem.
1530 984 1675 1046 Nam
1703 994 1764 1044 ut
1791 986 2128 1064 suspicione
2153 986 2342 1065 aliqua
2365 985 2462 1045 vel

470 1081 624 1136 metu
652 1071 724 1132 ad
758 1070 1078 1152 perniciem
1110 1071 1448 1146 cuiusquam
1473 1069 1928 1146 compelleretur
1949 1077 2164 1129 tautum
2193 1070 2352 1146 afuit,
2383 1078 2461 1146 ut,

422 1177 429 1182 ·
472 1155 835 1217 monentibus
894 1154 1094 1215 amicis
1150 1150 1465 1212 cavendum
1513 1170 1649 1212 esse
1697 1151 1958 1212 Mettium
2001 1151 2459 1230 Pompusianum,

474 1239 629 1320 quod
657 1238 836 1314 volgo
868 1235 1209 1297 crederetur
1241 1237 1506 1312 genesim
1535 1235 1756 1296 babere
1802 1237 2266 1315 imperatoriam,
2311 1239 2532 1297 insu-10

474 1342 582 1403 per
616 1321 913 1382 consulem
950 1317 1178 1396 iecerit,
1218 1319 1514 1398 spondens
1545 1319 1894 1399 quandoque
1939 1318 2212 1380 beneficii
2251 1337 2463 1380 memo·
2654 1377 2662 1396 .

472 1423 593 1467 rem
626 1405 897 1465 futurum.
1533 1461 1536 1464 ,
2629 1396 2668 1550 ι

393 1514 454 1566 15
588 1487 721 1548 Non
752 1497 974 1558 temere
1006 1488 1133 1565 quis
1166 1487 1398 1565 punitus
1425 1487 1628 1546 insons
1658 1488 2021 1566 reperietur,
2069 1488 2177 1546 nisi
2224 1487 2465 1547 absente

472 1590 545 1634 eo
579 1580 639 1632 et
665 1575 873 1650 ignaro
898 1580 994 1632 aut
1018 1579 1181 1630 certe
1203 1570 1383 1629 invito
1413 1578 1587 1648 atque
1610 1569 1882 1652 decepto.
1935 1569 2206 1631 Helvidio
2234 1570 2460 1647 Prisco,

472 1659 569 1736 qui
602 1665 661 1716 et
686 1673 989 1716 reversum
1017 1672 1085 1714 se
1114 1672 1191 1714 ex
1221 1654 1388 1728 Syria
1417 1652 1586 1712 solus
1626 1655 1854 1732 privato
1893 1655 2123 1714 nomine
2152 1656 2537 1742 Vespasia-15

470 1757 603 1800 num
632 1739 987 1800 salutaverat
1014 1747 1074 1798 et
1102 1739 1161 1796 in
1202 1747 1474 1815 praetura
1517 1736 1781 1797 omuibus
1825 1736 2033 1798 edictis
2079 1739 2204 1798 sine
2243 1737 2466 1798 honore

472 1843 545 1886 ac
570 1823 860 1884 mentione
894 1823 1011 1882 ulla
1042 1821 1460 1896 transmiserat,
1497 1836 1614 1880 non
1645 1829 1778 1881 ante
1811 1823 2144 1882 succensuit
2185 1839 2354 1900 quam
2385 1821 2463 1882 al-

472 1906 891 1968 tercationibus
942 1903 1410 1965 insolentissimis
1472 1921 1658 1982 paene
1725 1905 1806 1963 in*
1847 1903 2108 1966 ordinem
2174 1904 2462 1966 redactus.

470 1990 637 2051 Hunc
669 2006 933 2067 quoque,
972 1989 1229 2066 quamvis
1258 1986 1584 2064 relegatum
1613 1989 1830 2066 primo,
1873 1987 2081 2048 deinde
2123 1997 2180 2048 et
2222 1988 2466 2048 interfici

472 2077 708 2149 iussum,
742 2073 935 2149 magni
968 2071 1291 2132 aestimavit
1322 2089 1562 2130 servare
1596 2089 1832 2150 quoquo
1881 2072 2092 2150 modo,
2133 2073 2322 2132 missis
2367 2072 2463 2149 qui
2483 2093 2537 2133 20

476 2172 859 2237 percussores
888 2162 1265 2223 revocarent;
1310 2163 1370 2213 et
1395 2164 1724 2232 servasset,
1769 2157 1878 2214 nisi
1911 2157 2021 2216 iam
2053 2158 2283 2234 perisse
2313 2155 2464 2216 falso
2503 2192 2518 2210 .

472 2241 851 2301 renuntiatum
899 2246 1078 2298 esset.
1165 2235 1437 2298 Ceterum
1485 2256 1676 2316 neque
1731 2237 1915 2300 caede
1965 2241 2300 2318 cuiusquam
2351 2256 2465 2298 um-

476 2342 646 2404 quam
673 2323 707 2361 *
738 2324 903 2382 iustis
931 2320 1235 2401 suppliciis
1263 2321 1648 2382 inlacrimavit
1677 2322 1850 2382 etiam
1881 2331 1939 2382 et
1970 2324 2269 2400 ingemuit.

390 2433 459 2488 16
598 2407 741 2488 Sola
784 2415 901 2482 est,
944 2408 1001 2465 in
1038 2422 1147 2483 qua
1208 2407 1418 2464 merito
1471 2404 1768 2484 culpetur,
1824 2409 2106 2484 pecuniae
2159 2405 2464 2485 cupiditas.

472 2490 607 2552 Non
632 2490 783 2550 enim
822 2497 1127 2548 contentus
1156 2490 1372 2549 omissa
1399 2488 1508 2548 sub
1539 2487 1722 2550 Galba
1769 2490 2084 2567 vectigalia
2124 2504 2463 2566 revocasse,
2483 2509 2541 2549 25

474 2590 625 2634 nova
653 2581 712 2632 et
739 2572 943 2649 gravia
972 2569 1296 2648 addidisse,
1328 2573 1562 2632 auxisse
1595 2571 1810 2633 tributa
1846 2574 2194 2651 provinciis,
2227 2571 2466 2633 nonnul·

476 2656 549 2716 lis
578 2664 637 2715 et
665 2655 1017 2734 duplicasse,
1052 2656 1483 2732 negotiationes
1515 2673 1748 2734 quoque
1777 2656 1874 2716 vel
1907 2659 2134 2736 privato
2168 2656 2467 2736 pudendas

475 2739 775 2819 propalam
801 2741 1085 2814 exercuit,
1112 2739 1433 2812 coemendo
1459 2738 1760 2818 quaedam,
1776 2748 1991 2800 tantum
2011 2749 2071 2800 ut
2093 2741 2278 2820 pluris
2305 2749 2466 2818 post-

476 2843 547 2884 ea
590 2822 957 2885 distraheret.
1035 2822 1126 2884 Ne
1161 2822 1475 2882 candidatis
1519 2823 1748 2901 quidem
1791 2823 2083 2901 honores,
2125 2825 2322 2884 reisve
2351 2832 2468 2884 tam

474 2908 725 2968 innoxiis
768 2924 936 2985 quam
978 2906 1325 2967 nocentibus
1372 2906 1774 2967 absolutiones
1815 2907 2114 2968 venditare
2161 2915 2466 2967 cunctatus
2488 2927 2546 2969 30

476 3001 587 3052 est.
648 2989 915 3052 Creditur
945 2993 1117 3052 etiam
1146 3000 1588 3069 procuratorum
1611 2993 2048 3071 rapacissimum
2079 3009 2367 3070 quemque
2393 2991 2468 3050 ad

477 3075 761 3155 ampliora
790 3073 986 3135 officia
1018 3092 1093 3134 ex
1120 3072 1407 3134 industria
1451 3073 1658 3134 solitus
1714 3091 2098 3153 promovere,
2141 3091 2256 3154 quo
2302 3075 2465 3136 locu-

477 3160 762 3238 pletiores
791 3175 929 3218 mox
964 3157 1406 3227 condemnaret;
1441 3157 1648 3235 quibus
1682 3157 1912 3236 quidem
1939 3159 2122 3235 volgo
2159 3175 2266 3238 pro
2285 3175 2464 3237 spon·

476 3244 605 3318 geis
636 3241 935 3302 dicebatur
962 3243 1075 3319 uti,
1119 3239 1273 3320 quod
1301 3242 1466 3321 quasi
1498 3251 1558 3301 et
1585 3243 1780 3302 siccos
1822 3241 2215 3302 madefaceret
2259 3250 2317 3300 et
2361 3259 2463 3302 ex·

478 3326 753 3404 primeret
782 3327 1047 3384 umentis.
2487 3338 2546 3379 ss

602 3407 843 3484 Quidam
874 3417 1074 3468 natura
1110 3407 1536 3486 cupidissimum
1566 3408 1814 3484 tradunt,
1851 3408 2023 3487 idque
2049 3407 2468 3488 exprobratum

474 3493 530 3551 ei
562 3509 595 3550 a
628 3508 769 3550 sene
802 3489 1075 3567 bubulce,
1110 3492 1234 3568 qui,
1270 3500 1484 3568 negata
1514 3491 1628 3550 sibi
1655 3492 1905 3569 gratuita
1937 3490 2242 3569 libertate,
2294 3509 2466 3569 quam

469 3573 769 3652 imperium
800 3572 1069 3651 adeptum
1098 3573 1443 3653 suppliciter
1468 3574 1691 3651 orabat,
1726 3575 2198 3653 proclamaverit,
2219 3575 2467 3654 vulpem
