2700 4234
610 306 729 355 mvl
1305 300 1713 349 PRAEFATIO.

626 463 888 522 nonnulla
935 462 1380 536 typographica,
1422 459 1774 530 intelligitur.
1867 458 1999 515 Tum
2045 475 2075 513 e
2119 459 2441 519 Florentius

629 547 880 606 editione
909 563 960 603 a.
995 550 1152 616 1478,
1195 562 1338 617 quae
1361 552 1610 602 veterum
1632 541 1876 601 omnium
1904 543 2075 613 longe
2100 544 2308 615 optima
2332 552 2441 615 est,

625 631 966 689 lectionibus
1008 630 1182 685 ferme
1215 628 1445 685 chxx
1483 627 1729 700 receptis
1762 626 1989 682 totidem
2030 626 2150 681 fere
2184 630 2440 685 emenda·

626 716 813 771 tiones
841 713 1160 769 intulerunt.
1252 713 1367 769 Sed
1396 728 1466 768 ne
1496 713 1769 767 Incertam
1798 709 2019 782 quidem
2050 711 2439 781 neglexerunt,

629 798 856 857 circiter
880 796 1030 853 XXV
1045 795 1209 867 locis,
1231 802 1302 853 ut
1330 813 1385 868 p.
1400 802 1526 866 260,
1564 800 1634 853 22
1663 796 1855 865 reperi
1864 815 1886 855 ,-
1922 809 1975 867 p.
2008 798 2132 863 266,
2162 799 2193 852 7
2230 796 2440 866 ᾳαοαάς

627 899 681 956 p.
718 886 842 950 269,
871 886 957 939 21.
988 885 1058 939 28
1088 880 1313 935 adiectis
1341 884 1399 934 et
1424 880 1629 952 infuit,-
1672 894 1726 951 p.
1755 882 1880 947 271,
1912 884 1979 936 1ο
2006 883 2237 949 actaque
2266 882 2341 933 ita
2369 879 2439 935 ad

628 966 780 1027 iliam
820 963 1121 1020 editionem
1153 962 1275 1021 sive
1316 964 1506 1034 potins
1552 961 1942 1019 Beroaldinam
1983 960 2105 1017 eius
2148 962 2437 1033 repetitio-

630 1064 754 1105 nem
784 1048 1028 1112 reflctis;
1061 1047 1391 1105 Beroaldnm
1431 1046 1575 1102 enim
1606 1044 2026 1101 emendationes
2050 1046 2350 1116 quaedam,
2382 1052 2443 1101 nt

627 1149 686 1194 n.
718 1138 857 1203 258,
891 1136 926 1190 6
955 1130 1373 1192 Praeconinus;
1414 1148 1469 1202 p.
1502 1136 1639 1197 266,
1670 1135 1741 1189 30
1754 1130 2167 1199 praesagiente,
2196 1130 2443 1200 prodere

632 1221 907 1275 videntur.
961 1213 1096 1271 „His
1147 1214 1198 1271 si
1249 1213 1535 1270 addideris
1566 1227 1743 1286 pauca
1794 1228 1897 1269 sno
1929 1212 2164 1269 arbitrio
2208 1213 2444 1269 admini-

633 1305 828 1368 strata,
860 1304 919 1352 ut
949 1296 1183 1354 Graecis
1216 1297 1422 1353 litt-eris
1446 1296 1719 1354 vocabula
1752 1294 1966 1353 Graeca
1997 1295 2203 1367 scripta
2224 1336 2243 1366 ‚
2280 1296 2445 1353 Cice-

630 1382 786 1440 ronis
812 1382 994 1437 locum
1027 1399 1081 1454 p.
1115 1388 1250 1453 263,
1288 1386 1356 1439 25
1389 1397 1511 1453 sqq.
1542 1398 1575 1436 e
1608 1380 1881 1435 Cicerone
1910 1380 2246 1453 suppletum,
2276 1396 2442 1454 prae-

633 1481 829 1523 nomen
875 1464 922 1532 Q
955 1481 1060 1539 pro
1095 1465 1158 1519 M
1201 1482 1256 1538 p.
1287 1470 1425 1535 258,
1474 1471 1506 1524 9
1551 1470 1896 1533 correctum,
1943 1466 1999 1519 in
2046 1479 2099 1535 p.
2134 1468 2259 1534 257,
2291 1468 2351 1524 17
2390 1468 2449 1519 et

633 1552 733 1605 etsi
759 1566 814 1622 p.
833 1554 958 1618 265,
995 1556 1059 1609 19
1091 1548 1356 1619 additum,
1386 1549 1627 1604 deletum
1657 1564 1711 1620 p.
1738 1552 1862 1617 261,
1892 1552 1961 1606 25
1994 1553 2313 1621 corruptum
2342 1562 2445 1605 vo-

633 1634 887 1691 cabulum
921 1628 1172 1704 (natum,
1201 1637 1398 1702 natus,
1446 1627 1785 1702 nominatus)
1826 1637 1885 1687 et
1921 1647 1973 1703 p.
2004 1636 2140 1700 266,
2186 1636 2253 1691 27
2285 1646 2448 1689 vero:

637 1734 850 1774 omnem
893 1716 1149 1773 Aldinam
1186 1717 1490 1773 editionem
1535 1715 1865 1787 explicatam
1909 1721 1966 1770 et
2005 1714 2163 1787 quasi
2215 1715 2271 1770 in
2320 1716 2450 1771 luce

635 1800 873 1872 positam
909 1801 1165 1856 habebis.
1255 1800 1484 1858 Restant
1530 1805 1743 1869 tamen,
1792 1813 1899 1854 non
1946 1805 2032 1855 est
2076 1799 2222 1854 enim
2258 1799 2450 1855 celan..
2540 1804 2545 1807 ’

636 1884 794 1954 dum,
828 1883 992 1939 etiam
1031 1900 1174 1939 nunc
1207 1884 1447 1941 obscura
1476 1885 1645 1939 haec:
1680 1888 1931 1938 oratores
1963 1882 2205 1947 additum
2242 1900 2296 1955 p.
2322 1888 2450 1954 257,

503 1991 514 1999 ·
634 1972 700 2034 6;
753 1966 927 2023 Sutrii
963 1984 1016 2039 p.
1065 1972 1200 2038 264,
1244 1973 1309 2025 14
1343 1974 1401 2024 et
1450 1966 1675 2038 quidam
1727 1982 1781 2039 p.
1832 1971 1973 2036 269,
2028 1972 2097 2026 36
2152 1968 2418 2039 scriptum

636 2067 868 2124 quorum
921 2050 1151 2123 primum
1193 2057 1248 2105 et
1297 2052 1519 2106 tertium
1568 2049 1623 2105 in
1666 2048 2055 2119 Berolinensi‚
2108 2052 2347 2107 medium
2392 2052 2450 2106 in

635 2135 892 2194 Leidensi
949 2134 1095 2190 libro
1138 2140 1350 2204 exstat,
1406 2135 1734 2207 impressum
1780 2120 1913 2189 ante
1952 2132 2154 2189 Aldum
2197 2151 2307 2191 non
2351 2150 2448 2191 co·

637 2236 826 2290 gnovn

757 2302 855 2358 His
885 2302 1057 2373 igitur
1093 2303 1395 2359 virtutibus
1426 2305 1713 2359 excellens
1743 2302 1949 2359 Aldina
1980 2302 2241 2358 recensio
2278 2302 2449 2374 digna

638 2391 695 2442 et
713 2386 902 2443 habita
929 2393 1016 2443 est
1045 2393 1101 2442 et
1131 2386 1256 2457 fuit,
1287 2402 1431 2457 qnae
1462 2386 1531 2443 ab
1563 2386 1987 2459 insequentibus
2014 2386 2105 2441 vel
2136 2402 2239 2458 per
2268 2386 2449 2443 omnia

637 2471 727 2528 vel
768 2470 964 2543 paucis
992 2470 1214 2526 mutatis
1255 2464 1627 2542 repeteretur.
1716 2472 1868 2526 Inter
1899 2469 2129 2526 criticos
2159 2470 2449 2542 proximae

638 2554 846 2610 aetatis
870 2553 1128 2610 laudandi
1161 2560 1286 2609 sunt
1318 2554 1595 2610 Robertns
1630 2554 1979 2628 Stephanus,
2008 2552 2162 2609 Elias
2190 2553 2449 2625 Vinetu5‚

634 2635 888 2693 Achilles
927 2636 1172 2706 Statius,
1208 2642 1263 2692 et
1295 2636 1426 2693 inde
1454 2654 1487 2693 a
1520 2636 1849 2695 casaubono
1882 2637 1925 2694 ii
1956 2637 2048 2709 qni
2084 2638 2154 2693 de
2186 2638 2450 2695 universo

637 2720 909 2777 Suetonio
943 2721 1088 2777 bene
1119 2727 1458 2777 mernerunt.
1504 2720 1638 2779 Nam
1670 2721 2007 2789 coniunctim
2038 2737 2159 2777 cum
2190 2722 2355 2778 libris
2380 2724 2453 2779 de

636 2804 750 2861 vita
780 2803 1077 2861 Caesarum
1125 2804 1286 2878 primi
1313 2803 1593 2862 Antonius
1638 2805 1917 2878 Gryphins
1949 2806 2198 2877 Lugduni
2230 2824 2281 2873 ει,
2313 2812 2455 2867 1566

637 2894 695 2945 et
729 2890 1058 2945 Theodorus
1089 2890 1417 2946 Pulmannns
1446 2887 1793 2963 Antverpiae
1826 2906 1877 2947 a.
1918 2896 2053 2951 1574
2083 2891 2253 2946 edere
2289 2891 2453 2947 insti-

636 2978 875 3027 tuernnt.

763 3054 974 3113 Novum
1028 3057 1230 3114 edendi
1277 3057 1687 3115 fundamentum
1740 3058 1875 3115 iecit
1923 3057 2239 3115 Lndovicns
2281 3058 2454 3115 Tross

640 3139 936 3196 Hammone
979 3158 1029 3197 a.
1067 3146 1196 3201 1841
1242 3140 1475 3213 eiusque
1513 3144 1823 3215 exemplum
1864 3142 2108 3199 imitatus
2134 3142 2453 3199 Frideriens

642 3223 826 3282 Osann
861 3227 1058 3282 Gissae
1088 3231 1254 3297 1854,
1299 3226 1559 3283 Leidensi
1598 3227 1745 3284 libro
1778 3226 2109 3297 ubicumque
2131 3221 2267 3281 'fleri
2296 3227 2451 3283 salva

637 3309 856 3366 ratione
889 3311 1069 3382 potuit
1109 3310 1256 3382 typis
1288 3326 1583 3384 expresso.
1674 3309 1793 3377 Qua
1826 3310 1882 3366 in
1915 3326 1977 3366 re
2012 3327 2134 3366 cum
2176 3326 2286 3367 non
2315 3312 2453 3367 satis

641 3393 994 3450 considerate
1044 3394 1130 3449 illi
1177 3394 1367 3464 egisse
1407 3394 1730 3465 videantur,
1784 3400 1939 3451 certa
1985 3396 2093 3451 iam
2132 3396 2453 3465 quaerenda

641 3482 768 3535 sunt
799 3484 1155 3548 argumenta,
1199 3480 1399 3549 quibus
1440 3479 1574 3535 boni
1614 3478 1746 3534 libri
1779 3495 1810 3534 a
1841 3478 2152 3551 corruptis,
2193 3478 2454 3549 singulae

640 3558 920 3639 lectiones
946 3562 1161 3635 probae
1204 3578 1234 3617 a
1271 3563 1431 3619 falsis
1468 3563 1895 3634 distinguantur.
