2700 4234
1047 319 1390 368 mmmmm.
2083 313 2202 374 105

200 475 485 537 seductum
518 482 961 553 constupraret,
1008 473 1293 552 simulque
1324 473 1560 534 fratrem
1595 475 1720 534 eius
1750 474 2072 547 tibicinem
2121 487 2201 540 at-

200 577 303 639 que
334 560 561 637 utrique
591 575 755 635 mox,
802 557 959 637 quod
988 565 1181 617 mutuo
1215 556 1492 634 flagitium
1528 557 1987 637 exprobrarant,
2035 580 2203 624 crura

196 645 462 720 fregisse.
515 641 880 702 Feminarum
914 658 1170 721 quoque,
1204 648 1263 699 et
1291 640 1522 719 quidem
1556 641 1882 720 illustrium,
1915 644 2290 723 capitibus&

196 736 403 806 quanto
430 743 615 806 opere
643 725 850 785 solitus
881 727 954 785 sit
982 724 1267 801 inludere,
1293 725 1728 786 evidentissime
1765 729 2033 806 apparuit
2058 728 2198 794 Mal-

153 829 177 869 ι
194 812 379 870 Ioniae
404 807 699 870 cuiusdam
721 810 895 887 exitu,
929 826 1099 888 quam
1122 807 1459 888 perductam
1483 827 1596 870 nec
1625 811 1934 889 quicquam
1956 812 2206 891 amplius

191 895 306 972 pati
360 893 826 954 constantissime
880 901 1245 954 recusantem
1296 892 1655 954 delatoribus
1707 894 1956 972 obiecit,
2009 914 2078 956 ac
2129 915 2202 956 ne

189 988 343 1038 ream
375 975 606 1056 quidem
637 976 1015 1055 interpellare
1051 976 1251 1054 desiit,
1283 977 1496 1056 ecquid
1524 979 1880 1056 paeniteret;
1913 979 2102 1042 donec
2133 998 2204 1040 ea

188 1061 394 1122 relicto
426 1060 641 1121 iudicio
677 1059 904 1122 domum
934 1079 999 1121 se
1029 1061 1279 1139 abripuit
1308 1062 1586 1141 ferroque
1619 1064 1924 1141 transegit,
1959 1062 2200 1126 obscae-

190 1146 366 1206 nitate
410 1145 533 1206 oris
574 1143 797 1205 hirsuto
842 1153 1016 1223 atque
1049 1144 1205 1205 olido
1238 1145 1368 1204 seni
1399 1145 1558 1205 clare
1592 1145 1969 1224 exprobrata,
2033 1147 2202 1210 Unde

127 1245 171 1286 w
188 1247 351 1289 mora
392 1229 451 1288 in
480 1227 810 1289 Atellanico
844 1228 1127 1305 exhodio,
1175 1229 1456 1306 proximis
1490 1229 1638 1290 ludis
1666 1229 1920 1292 adsensu
1951 1232 2200 1294 maximo

188 1321 444 1390 excepta
465 1357 482 1388 ,
533 1312 928 1390 percrebruit,
986 1312 1225 1373 hircum
1272 1313 1539 1374 vetulum
1589 1311 1857 1392 Capreis
1908 1321 2200 1376 natur-dm

188 1395 501 1474 ligurrire.

309 1479 603 1540 Pecuniae
647 1498 857 1559 parcus
900 1498 970 1541 ac
1009 1490 1215 1557 tenax,
1261 1480 1506 1540 comites
1539 1483 2067 1559 peregrinationum
2096 1492 2290 1548 err-46

187 1563 660 1643 peditionumque
692 1580 995 1642 numquam
1029 1564 1277 1641 salaria,
1317 1563 1556 1624 cibariis
1590 1573 1804 1624 tantum
1835 1569 2198 1644 sustentavit,

128 1664 168 1705 ιε
188 1666 295 1707 una
326 1645 504 1708 modo
541 1646 889 1708 liberalitate
920 1666 997 1708 ex
1038 1647 1393 1724 indulgentia
1422 1649 1610 1708 vitrici
1641 1658 2022 1728 prosecutus,
2072 1668 2200 1710 cum

186 1731 366 1791 tribus
399 1730 690 1792 classibus
719 1730 889 1791 factis
916 1749 1023 1809 pro
1047 1732 1325 1809 dignitate
1354 1733 1652 1810 cuiusque,
1686 1733 1904 1810 primae
1929 1742 2200 1794 sescenta

187 1816 491 1893 sestertia,
538 1812 827 1875 secundae
872 1815 1289 1894 quadringenta
1336 1814 1652 1892 distribuit,
1695 1815 1941 1878 ducenta
1970 1818 2198 1893 tertiae,

188 1916 353 1976 quam
383 1915 503 1958 non
532 1899 875 1976 amicorum,
908 1899 1014 1960 sed
1042 1908 1341 1977 gratorum
1370 1899 1724 1978 appellabat.
1825 1957 1834 1962 ,

307 1982 590 2061 Princeps
632 2000 823 2061 neque
868 1999 1051 2062 opera
1090 1982 1230 2044 ulla,
1250 1985 1558 2061 magnifica
1588 1984 1730 2044 fecit
1764 1985 1928 2064 (nam
1956 1993 2015 2044 et
2049 2001 2198 2063 quae
2214 1981 2282 2037 47

122 2086 169 2127 20
186 2067 309 2126 sola
354 2074 730 2144 susceperat,
776 2065 1025 2145 Augusti
1066 2067 1343 2145 templum
1384 2069 1921 2146 restitutionemque
1951 2067 2196 2147 Pompe·

186 2151 297 2210 iani
342 2149 587 2226 theatri,
628 2151 1149 2230 imperfecta.post
1194 2159 1283 2212 tot
1327 2169 1510 2213 annos
1534 2151 1798 2230 reliquit)
1841 2169 2034 2229 neque
2063 2169 2196 2230 spe·

188 2233 408 2294 ctacula
440 2233 674 2294 omnino
707 2234 911 2304 edidit;
945 2244 1003 2294 et
1034 2235 1127 2311 iis,
1157 2252 1304 2313 quae
1335 2234 1408 2294 ab
1439 2235 1634 2313 aliquo
1671 2235 2003 2312 ederentur,
2025 2238 2198 2296 raris-

188 2317 323 2376 sime
370 2317 662 2394 interfuit,
706 2336 779 2379 ne
828 2319 963 2398 quid
1005 2327 1460 2397 exposceretur,
1505 2320 1703 2396 utique
1746 2327 2054 2398 postquam
2100 2335 2197 2378 co-

187 2400 451 2461 moedum
462 2400 699 2460 Actium
721 2410 963 2464 coactus
986 2412 1077 2464 est
1088 2403 1505 2464 manumittere.
1534 2401 1854 2464 Paucorum
1869 2411 2200 2463 senatorum

122 2496 170 2536 25
191 2483 384 2563 inopia
426 2493 779 2564 sustentata,
819 2504 895 2546 ne
936 2485 1197 2564 pluribus
1240 2503 1413 2565 opem
1443 2487 1656 2562 ferret,
1699 2487 1939 2564 negavit
1972 2504 2038 2546 se
2068 2485 2214 2549 aliis-

192 2567 637 2645 subventurum,
686 2569 798 2628 nisi
852 2572 1075 2631 senatui
1123 2570 1303 2630 iustas
1342 2571 1774 2630 necessitatium
1813 2587 2018 2632 causas
2065 2586 2198 2648 pro-

190 2649 446 2712 bassent.
513 2652 644 2726 Quo
678 2661 850 2732 pacto
882 2653 1201 2734 plerosque
1234 2654 1520 2734 modestia
1551 2663 1610 2714 et
1640 2654 1864 2733 pudore
1897 2653 2196 2729 deterruit,

191 2734 249 2793 in
288 2734 492 2813 quibus
541 2734 873 2813 Hortalum,
920 2738 1117 2812 Quinti
1141 2737 1418 2800 Hortensi
1463 2738 1712 2798 oratoris
1752 2746 2060 2815 nepotem,
2103 2737 2200 2815 qui

194 2818 529 2958 permodica
572 2836 637 2878 re
684 2819 951 2882 familiari
995 2830 1235 2882 auctore
1264 2821 1535 2899 Augusto
1567 2831 1837 2899 quattuor
1864 2820 2087 2880 liberos
2116 2827 2197 2880 tu-

126 2922 177 2964 so
218 2910 359 2960 erat.
1208 2915 1215 2918 ·

315 2983 554 3046 Publice
604 2988 1049 3056 munificentiam
1102 2987 1195 3050 bis
1249 2990 1480 3050 omnino
1535 2987 1828 3064 exhibuit,
1890 2988 2286 3067 proposito48

192 3067 379 3128 milies
422 3072 697 3132 sestertio
736 3073 991 3149 gratuito
1024 3073 1083 3131 in
1110 3073 1320 3132 trienni
1348 3081 1607 3151 tempuS,
1651 3080 1713 3132 et
1737 3090 1938 3134 rursus
1967 3069 2197 3150 quibusa-

196 3149 319 3210 dam
366 3150 616 3214 dominis
649 3154 991 3232 insularum,
1028 3173 1177 3234 quae
1224 3156 1283 3215 in
1322 3165 1516 3218 monte
1552 3153 1754 3216 Caelio
1789 3155 2197 3231 denas-raram,

196 3237 384 3311 pretio
414 3239 704 3299 restituto.
774 3239 1032 3314 Quorum
1062 3239 1303 3300 alterum
1340 3258 1550 3318 magna
1582 3239 1923 3300 difficultate
1950 3255 2196 3298 numma-

133 3317 306 3392 ssria,
351 3320 576 3400 populo
619 3322 890 3383 auxilium
931 3323 1255 3401 flagitante,
1291 3333 1532 3386 coactus
1568 3331 1658 3386 est
1684 3323 1904 3401 facere,
1938 3340 2064 3383 cum
2093 3339 2200 3401 per

198 3411 428 3462 senatus
462 3405 785 3466 consultum
820 3409 1140 3485 sanxisset,
1172 3415 1234 3466 nt
1260 3407 1668 3468 foeneratores
1699 3407 1840 3468 duas
1873 3406 2197 3487 patrimonii

198 3493 391 3561 partes
436 3488 501 3546 in
552 3487 681 3549 solo
740 3489 1134 3567 collocarent,
1184 3489 1482 3551 debitores
1528 3490 1766 3553 totidem
1818 3493 1972 3552 aeris
2028 3488 2200 3551 alieni

198 3568 385 3628 statim
406 3569 729 3650 solverent,
759 3591 871 3634 nec
892 3592 991 3636 res
1017 3573 1420 3654 expediretur3
1458 3575 1700 3636 alterum
1729 3573 1803 3635 ad
1836 3570 2198 3650 mitigandam
