<?xml version="1.0" encoding="UTF-8"?>
<!DOCTYPE html PUBLIC "-//W3C//DTD XHTML 1.0 Transitional//EN"
    "http://www.w3.org/TR/xhtml1/DTD/xhtml1-transitional.dtd">
<html xmlns="http://www.w3.org/1999/xhtml" xml:lang="en" lang="en">
 <head>
  <title>
</title>
<meta http-equiv="Content-Type" content="text/html;charset=utf-8" />
  <meta name='ocr-system' content='tesseract 3.04.00' />
  <meta name='ocr-capabilities' content='ocr_page ocr_carea ocr_par ocr_line ocrx_word'/>
</head>
<body>
  <div class='ocr_page' id='page_1' title='image "./csuetonitranqui05rothgoog_0057.png"; bbox 0 0 2700 4234; ppageno 0'>
   <div class='ocr_carea' id='block_1_1' title="bbox 876 290 1974 345">
    <p class='ocr_par' dir='ltr' id='par_1_1' title="bbox 876 290 1974 345">
     <span class='ocr_line' id='line_1_1' title="bbox 876 290 1974 345; baseline 0.007 -8"><span class='ocrx_word' id='word_1_1' title='bbox 876 290 1297 341; x_wconf 79' lang='lat' dir='ltr'>PRAEFATIO.</span> <span class='ocrx_word' id='word_1_2' title='bbox 1901 298 1974 345; x_wconf 74' lang='lat' dir='ltr'>LI</span> 
     </span>
    </p>
   </div>
   <div class='ocr_carea' id='block_1_2' title="bbox 157 452 1979 1942">
    <p class='ocr_par' dir='ltr' id='par_1_2' title="bbox 157 452 1979 1942">
     <span class='ocr_line' id='line_1_2' title="bbox 185 452 1975 531; baseline 0.001 -21"><span class='ocrx_word' id='word_1_3' title='bbox 185 470 286 511; x_wconf 72' lang='lat' dir='ltr'>vum</span> <span class='ocrx_word' id='word_1_4' title='bbox 325 454 470 509; x_wconf 87' lang='lat' dir='ltr'>enim</span> <span class='ocrx_word' id='word_1_5' title='bbox 515 456 711 523; x_wconf 79' lang='lat' dir='ltr'>caput,</span> <span class='ocrx_word' id='word_1_6' title='bbox 759 467 867 507; x_wconf 86' lang='lat' dir='ltr'>non</span> <span class='ocrx_word' id='word_1_7' title='bbox 920 452 1155 521; x_wconf 85' lang='lat' dir='ltr'>librum,</span> <span class='ocrx_word' id='word_1_8' title='bbox 1213 452 1390 531; x_wconf 82' lang='lat' dir='ltr'>prima</span> <span class='ocrx_word' id='word_1_9' title='bbox 1441 454 1739 526; x_wconf 84' lang='lat' dir='ltr'>scriptoris</span> <span class='ocrx_word' id='word_1_10' title='bbox 1772 456 1975 523; x_wconf 24' lang='lat' dir='ltr'>§verba</span> 
     </span>
     <span class='ocr_line' id='line_1_3' title="bbox 176 535 1973 611; baseline 0.002 -20"><span class='ocrx_word' id='word_1_11' title='bbox 176 556 222 609; x_wconf 90' lang='lat' dir='ltr'>p.</span> <span class='ocrx_word' id='word_1_12' title='bbox 249 542 350 598; x_wconf 86' lang='lat'>268</span> <span class='ocrx_word' id='word_1_13' title='bbox 377 535 680 591; x_wconf 74' lang='lat' dir='ltr'><em>Rhetorica</em></span> <span class='ocrx_word' id='word_1_14' title='bbox 717 549 930 606; x_wconf 80' lang='lat' dir='ltr'>quoque</span> <span class='ocrx_word' id='word_1_15' title='bbox 969 535 1128 605; x_wconf 83' lang='lat' dir='ltr'>apud</span> <span class='ocrx_word' id='word_1_16' title='bbox 1162 550 1263 591; x_wconf 75' lang='lat' dir='ltr'>nos</span> <span class='ocrx_word' id='word_1_17' title='bbox 1293 537 1538 607; x_wconf 78' lang='lat' dir='ltr'><strong><em>perinde</em></strong></span> <span class='ocrx_word' id='word_1_18' title='bbox 1581 545 1743 609; x_wconf 80' lang='lat' dir='ltr'>atque</span> <span class='ocrx_word' id='word_1_19' title='bbox 1780 556 1973 611; x_wconf 71' lang='lat' dir='ltr'>yram·</span> 
     </span>
     <span class='ocr_line' id='line_1_4' title="bbox 175 618 1971 694; baseline 0.001 -19"><span class='ocrx_word' id='word_1_20' title='bbox 175 623 356 675; x_wconf 72' lang='lat' dir='ltr'>metica</span> <span class='ocrx_word' id='word_1_21' title='bbox 389 627 494 675; x_wconf 89' lang='lat' dir='ltr'>etc.</span> <span class='ocrx_word' id='word_1_22' title='bbox 529 624 722 690; x_wconf 82' lang='lat' dir='ltr'>aperte</span> <span class='ocrx_word' id='word_1_23' title='bbox 752 618 1008 690; x_wconf 85' lang='lat' dir='ltr'>produnt.</span> <span class='ocrx_word' id='word_1_24' title='bbox 1094 618 1209 674; x_wconf 86' lang='lat' dir='ltr'>Sed</span> <span class='ocrx_word' id='word_1_25' title='bbox 1237 636 1306 673; x_wconf 88' lang='lat' dir='ltr'>ne</span> <span class='ocrx_word' id='word_1_26' title='bbox 1336 620 1393 675; x_wconf 91' lang='lat' dir='ltr'>in</span> <span class='ocrx_word' id='word_1_27' title='bbox 1427 620 1718 677; x_wconf 74' lang='lat' dir='ltr'><strong>codicibus</strong></span> <span class='ocrx_word' id='word_1_28' title='bbox 1752 622 1971 694; x_wconf 81' lang='lat' dir='ltr'>quidem</span> 
     </span>
     <span class='ocr_line' id='line_1_5' title="bbox 173 700 1973 774; baseline 0 -14"><span class='ocrx_word' id='word_1_29' title='bbox 173 705 294 760; x_wconf 79' lang='lat' dir='ltr'>salis</span> <span class='ocrx_word' id='word_1_30' title='bbox 321 704 525 759; x_wconf 86' lang='lat' dir='ltr'>idonea</span> <span class='ocrx_word' id='word_1_31' title='bbox 559 706 881 772; x_wconf 79' lang='lat' dir='ltr'>argumenta</span> <span class='ocrx_word' id='word_1_32' title='bbox 913 700 1174 757; x_wconf 85' lang='lat' dir='ltr'>diversae</span> <span class='ocrx_word' id='word_1_33' title='bbox 1205 702 1489 774; x_wconf 84' lang='lat' dir='ltr'>opinionis</span> <span class='ocrx_word' id='word_1_34' title='bbox 1519 703 1792 763; x_wconf 80' lang='lat' dir='ltr'>invenias.</span> <span class='ocrx_word' id='word_1_35' title='bbox 1881 706 1973 762; x_wconf 90' lang='lat' dir='ltr'>In-</span> 
     </span>
     <span class='ocr_line' id='line_1_6' title="bbox 173 783 1973 858; baseline 0.002 -19"><span class='ocrx_word' id='word_1_36' title='bbox 173 786 400 858; x_wconf 87' lang='lat' dir='ltr'>terponit</span> <span class='ocrx_word' id='word_1_37' title='bbox 435 786 657 857; x_wconf 86' lang='lat' dir='ltr'>quidem</span> <span class='ocrx_word' id='word_1_38' title='bbox 691 783 1072 841; x_wconf 87' lang='lat' dir='ltr'>Berolinensis</span> <span class='ocrx_word' id='word_1_39' title='bbox 1107 785 1252 840; x_wconf 84' lang='lat' dir='ltr'>liber</span> <span class='ocrx_word' id='word_1_40' title='bbox 1286 788 1461 842; x_wconf 86' lang='lat' dir='ltr'>verba</span> <span class='ocrx_word' id='word_1_41' title='bbox 1494 786 1667 845; x_wconf 86' lang='lat' dir='ltr'>baec:</span> <span class='ocrx_word' id='word_1_42' title='bbox 1704 790 1973 846; x_wconf 78' lang='lat' dir='ltr'>Eiusdem</span> 
     </span>
     <span class='ocr_line' id='line_1_7' title="bbox 168 864 1973 941; baseline 0.003 -17"><span class='ocrx_word' id='word_1_43' title='bbox 168 871 228 925; x_wconf 81' lang='lat' dir='ltr'>de</span> <span class='ocrx_word' id='word_1_44' title='bbox 257 870 544 925; x_wconf 74' lang='lat' dir='ltr'>rhetoricis</span> <span class='ocrx_word' id='word_1_45' title='bbox 574 864 718 941; x_wconf 82' lang='lat' dir='ltr'>(sic)</span> <span class='ocrx_word' id='word_1_46' title='bbox 749 866 959 922; x_wconf 81' lang='lat' dir='ltr'>libellus</span> <span class='ocrx_word' id='word_1_47' title='bbox 989 870 1194 939; x_wconf 76' lang='lat' dir='ltr'>incipit,</span> <span class='ocrx_word' id='word_1_48' title='bbox 1234 868 1567 926; x_wconf 84' lang='lat' dir='ltr'>Harleianus</span> <span class='ocrx_word' id='word_1_49' title='bbox 1601 877 1656 926; x_wconf 92' lang='lat' dir='ltr'>et</span> <span class='ocrx_word' id='word_1_50' title='bbox 1686 871 1973 929; x_wconf 80' lang='lat' dir='ltr'>Parisinus</span> 
     </span>
     <span class='ocr_line' id='line_1_8' title="bbox 168 951 1970 1027; baseline 0.003 -20"><span class='ocrx_word' id='word_1_51' title='bbox 168 954 318 1008; x_wconf 82' lang='lat' dir='ltr'>haec:</span> <span class='ocrx_word' id='word_1_52' title='bbox 363 954 611 1009; x_wconf 79' lang='lat' dir='ltr'>Suetonii</span> <span class='ocrx_word' id='word_1_53' title='bbox 633 951 942 1022; x_wconf 82' lang='lat' dir='ltr'>Tranquilli</span> <span class='ocrx_word' id='word_1_54' title='bbox 969 953 1036 1006; x_wconf 83' lang='lat' dir='ltr'>de</span> <span class='ocrx_word' id='word_1_55' title='bbox 1059 954 1435 1022; x_wconf 71' lang='lat' dir='ltr'>yrammaticis</span> <span class='ocrx_word' id='word_1_56' title='bbox 1461 953 1599 1008; x_wconf 82' lang='lat' dir='ltr'>liber</span> <span class='ocrx_word' id='word_1_57' title='bbox 1621 958 1847 1027; x_wconf 58' lang='lat' dir='ltr'>primus</span> <span class='ocrx_word' id='word_1_58' title='bbox 1868 970 1970 1013; x_wconf 84' lang='lat' dir='ltr'>ex-</span> 
     </span>
     <span class='ocr_line' id='line_1_9' title="bbox 162 1034 1969 1113; baseline 0.003 -24"><span class='ocrx_word' id='word_1_59' title='bbox 162 1037 320 1105; x_wconf 82' lang='lat' dir='ltr'>plicit.</span> <span class='ocrx_word' id='word_1_60' title='bbox 403 1038 650 1107; x_wconf 78' lang='lat' dir='ltr'>sequitur</span> <span class='ocrx_word' id='word_1_61' title='bbox 697 1034 936 1089; x_wconf 80' lang='lat' dir='ltr'>eiusdem</span> <span class='ocrx_word' id='word_1_62' title='bbox 986 1035 1054 1089; x_wconf 81' lang='lat' dir='ltr'>de</span> <span class='ocrx_word' id='word_1_63' title='bbox 1098 1034 1407 1091; x_wconf 73' lang='lat' dir='ltr'>rhetoribus</span> <span class='ocrx_word' id='word_1_64' title='bbox 1452 1036 1587 1092; x_wconf 83' lang='lat' dir='ltr'>liber</span> <span class='ocrx_word' id='word_1_65' title='bbox 1631 1034 1969 1113; x_wconf 76' lang='lat' dir='ltr'>(secundus)</span> 
     </span>
     <span class='ocr_line' id='line_1_10' title="bbox 167 1117 1970 1190; baseline 0.002 -16"><span class='ocrx_word' id='word_1_66' title='bbox 167 1119 452 1176; x_wconf 74' lang='lat' dir='ltr'>Vaticanus</span> <span class='ocrx_word' id='word_1_67' title='bbox 479 1124 624 1180; x_wconf 78' lang='lat'>4498</span> <span class='ocrx_word' id='word_1_68' title='bbox 645 1120 814 1174; x_wconf 85' lang='lat' dir='ltr'>haee:</span> <span class='ocrx_word' id='word_1_69' title='bbox 860 1117 1024 1173; x_wconf 84' lang='lat' dir='ltr'>Liber</span> <span class='ocrx_word' id='word_1_70' title='bbox 1041 1121 1264 1189; x_wconf 76' lang='lat' dir='ltr'>primus</span> <span class='ocrx_word' id='word_1_71' title='bbox 1286 1121 1428 1190; x_wconf 82' lang='lat' dir='ltr'>finit.</span> <span class='ocrx_word' id='word_1_72' title='bbox 1506 1119 1753 1177; x_wconf 73' lang='lat' dir='ltr'>Suetonii</span> <span class='ocrx_word' id='word_1_73' title='bbox 1788 1122 1970 1178; x_wconf 81' lang='lat' dir='ltr'>Tran-</span> 
     </span>
     <span class='ocr_line' id='line_1_11' title="bbox 165 1201 1970 1272; baseline 0.003 -17"><span class='ocrx_word' id='word_1_74' title='bbox 165 1203 312 1272; x_wconf 76' lang='lat' dir='ltr'>quilli</span> <span class='ocrx_word' id='word_1_75' title='bbox 347 1202 596 1261; x_wconf 76' lang='lat' dir='ltr'>historici</span> <span class='ocrx_word' id='word_1_76' title='bbox 639 1202 706 1256; x_wconf 79' lang='lat' dir='ltr'>de</span> <span class='ocrx_word' id='word_1_77' title='bbox 746 1202 1076 1257; x_wconf 77' lang='lat' dir='ltr'>Rhetoribus</span> <span class='ocrx_word' id='word_1_78' title='bbox 1101 1201 1266 1257; x_wconf 83' lang='lat' dir='ltr'>Liber</span> <span class='ocrx_word' id='word_1_79' title='bbox 1306 1201 1393 1258; x_wconf 90' lang='grc' dir='ltr'>ΙΙ.</span> <span class='ocrx_word' id='word_1_80' title='bbox 1485 1204 1689 1259; x_wconf 83' lang='lat' dir='ltr'>Verum</span> <span class='ocrx_word' id='word_1_81' title='bbox 1732 1205 1789 1261; x_wconf 88' lang='lat' dir='ltr'>hi</span> <span class='ocrx_word' id='word_1_82' title='bbox 1840 1206 1970 1263; x_wconf 85' lang='lat' dir='ltr'>libri</span> 
     </span>
     <span class='ocr_line' id='line_1_12' title="bbox 169 1286 1972 1360; baseline 0.002 -21"><span class='ocrx_word' id='word_1_83' title='bbox 169 1286 274 1341; x_wconf 85' lang='lat' dir='ltr'>levi</span> <span class='ocrx_word' id='word_1_84' title='bbox 309 1292 430 1341; x_wconf 86' lang='lat' dir='ltr'>sunt</span> <span class='ocrx_word' id='word_1_85' title='bbox 458 1286 821 1353; x_wconf 77' lang='lat' dir='ltr'>auctoritate,</span> <span class='ocrx_word' id='word_1_86' title='bbox 857 1302 923 1341; x_wconf 86' lang='lat' dir='ltr'>ac</span> <span class='ocrx_word' id='word_1_87' title='bbox 955 1286 1094 1352; x_wconf 81' lang='lat' dir='ltr'>fides</span> <span class='ocrx_word' id='word_1_88' title='bbox 1120 1286 1308 1357; x_wconf 86' lang='lat' dir='ltr'>potius</span> <span class='ocrx_word' id='word_1_89' title='bbox 1340 1287 1413 1343; x_wconf 87' lang='lat' dir='ltr'>iis</span> <span class='ocrx_word' id='word_1_90' title='bbox 1439 1288 1717 1358; x_wconf 82' lang='lat' dir='ltr'>habenda,</span> <span class='ocrx_word' id='word_1_91' title='bbox 1753 1288 1849 1360; x_wconf 89' lang='lat' dir='ltr'>qui</span> <span class='ocrx_word' id='word_1_92' title='bbox 1882 1290 1972 1345; x_wconf 89' lang='lat' dir='ltr'>vel</span> 
     </span>
     <span class='ocr_line' id='line_1_13' title="bbox 167 1368 1972 1443; baseline 0.004 -21"><span class='ocrx_word' id='word_1_93' title='bbox 167 1368 300 1423; x_wconf 89' lang='lat' dir='ltr'>nihil</span> <span class='ocrx_word' id='word_1_94' title='bbox 341 1369 479 1424; x_wconf 83' lang='lat' dir='ltr'>tituli</span> <span class='ocrx_word' id='word_1_95' title='bbox 513 1371 600 1424; x_wconf 82' lang='lat' dir='ltr'>vel</span> <span class='ocrx_word' id='word_1_96' title='bbox 646 1370 714 1424; x_wconf 83' lang='lat' dir='ltr'>de</span> <span class='ocrx_word' id='word_1_97' title='bbox 753 1368 1063 1424; x_wconf 77' lang='lat' dir='ltr'><em>rhetoribus</em></span> <span class='ocrx_word' id='word_1_98' title='bbox 1106 1375 1314 1425; x_wconf 85' lang='lat' dir='ltr'>tantum</span> <span class='ocrx_word' id='word_1_99' title='bbox 1356 1370 1733 1442; x_wconf 85' lang='lat' dir='ltr'>interserunt,</span> <span class='ocrx_word' id='word_1_100' title='bbox 1776 1374 1972 1443; x_wconf 84' lang='lat' dir='ltr'>&#39;quales</span> 
     </span>
     <span class='ocr_line' id='line_1_14' title="bbox 163 1450 1975 1523; baseline 0.002 -16"><span class='ocrx_word' id='word_1_101' title='bbox 163 1458 284 1507; x_wconf 89' lang='lat' dir='ltr'>sunt</span> <span class='ocrx_word' id='word_1_102' title='bbox 309 1452 631 1523; x_wconf 85' lang='lat' dir='ltr'>Leidensis‚</span> <span class='ocrx_word' id='word_1_103' title='bbox 663 1450 980 1522; x_wconf 75' lang='lat' dir='ltr'>GudianuS,</span> <span class='ocrx_word' id='word_1_104' title='bbox 1011 1452 1414 1523; x_wconf 84' lang='lat' dir='ltr'>Farnesianus‚</span> <span class='ocrx_word' id='word_1_105' title='bbox 1442 1453 1701 1511; x_wconf 86' lang='lat' dir='ltr'>Vaticani</span> <span class='ocrx_word' id='word_1_106' title='bbox 1746 1462 1885 1517; x_wconf 89' lang='grc'>1518</span> <span class='ocrx_word' id='word_1_107' title='bbox 1919 1462 1975 1511; x_wconf 88' lang='lat' dir='ltr'>et</span> 
     </span>
     <span class='ocr_line' id='line_1_15' title="bbox 161 1534 1974 1608; baseline 0 -15"><span class='ocrx_word' id='word_1_108' title='bbox 161 1541 304 1601; x_wconf 77' lang='lat'><strong>1862,</strong></span> <span class='ocrx_word' id='word_1_109' title='bbox 335 1536 448 1593; x_wconf 90' lang='lat' dir='ltr'>alii.</span> <span class='ocrx_word' id='word_1_110' title='bbox 521 1534 578 1593; x_wconf 87' lang='lat' dir='ltr'>Is</span> <span class='ocrx_word' id='word_1_111' title='bbox 608 1551 829 1608; x_wconf 87' lang='lat' dir='ltr'>quoque</span> <span class='ocrx_word' id='word_1_112' title='bbox 860 1536 1074 1605; x_wconf 69' lang='lat' dir='ltr'>titulu5‚</span> <span class='ocrx_word' id='word_1_113' title='bbox 1108 1536 1200 1607; x_wconf 89' lang='lat' dir='ltr'>qui</span> <span class='ocrx_word' id='word_1_114' title='bbox 1231 1538 1497 1607; x_wconf 82' lang='lat' dir='ltr'>vulgares</span> <span class='ocrx_word' id='word_1_115' title='bbox 1532 1538 1813 1594; x_wconf 76' lang='lat' dir='ltr'>editiones</span> <span class='ocrx_word' id='word_1_116' title='bbox 1843 1540 1974 1596; x_wconf 87' lang='lat' dir='ltr'>inde</span> 
     </span>
     <span class='ocr_line' id='line_1_16' title="bbox 162 1618 1979 1693; baseline 0 -18"><span class='ocrx_word' id='word_1_117' title='bbox 162 1620 224 1675; x_wconf 87' lang='lat' dir='ltr'>ab</span> <span class='ocrx_word' id='word_1_118' title='bbox 262 1618 463 1677; x_wconf 78' lang='lat' dir='ltr'>Aldina</span> <span class='ocrx_word' id='word_1_119' title='bbox 538 1619 665 1677; x_wconf 87' lang='lat' dir='ltr'>anni</span> <span class='ocrx_word' id='word_1_120' title='bbox 713 1626 850 1680; x_wconf 84' lang='grc'>1508</span> <span class='ocrx_word' id='word_1_121' title='bbox 905 1620 1230 1691; x_wconf 84' lang='lat' dir='ltr'>occupavit:</span> <span class='ocrx_word' id='word_1_122' title='bbox 1284 1618 1344 1677; x_wconf 83' lang='lat'>0.</span> <span class='ocrx_word' id='word_1_123' title='bbox 1388 1618 1630 1675; x_wconf 83' lang='lat' dir='ltr'>Suetonii</span> <span class='ocrx_word' id='word_1_124' title='bbox 1668 1621 1979 1693; x_wconf 79' lang='lat' dir='ltr'>Tranquilli</span> 
     </span>
     <span class='ocr_line' id='line_1_17' title="bbox 159 1702 1974 1781; baseline 0.002 -24"><span class='ocrx_word' id='word_1_125' title='bbox 159 1702 279 1781; x_wconf 62' lang='lat' dir='ltr'>libras</span> <span class='ocrx_word' id='word_1_126' title='bbox 302 1704 430 1774; x_wconf 85' lang='lat' dir='ltr'>duo,</span> <span class='ocrx_word' id='word_1_127' title='bbox 461 1704 542 1759; x_wconf 82' lang='lat' dir='ltr'>de</span> <span class='ocrx_word' id='word_1_128' title='bbox 583 1704 749 1757; x_wconf 77' lang='lat' dir='ltr'>illu‘s</span> <span class='ocrx_word' id='word_1_129' title='bbox 766 1702 998 1758; x_wconf 77' lang='lat' dir='ltr'>tribus</span> <span class='ocrx_word' id='word_1_130' title='bbox 1033 1704 1409 1773; x_wconf 75' lang='lat' dir='ltr'>yrammaticis</span> <span class='ocrx_word' id='word_1_131' title='bbox 1437 1708 1490 1757; x_wconf 83' lang='lat' dir='ltr'>et</span> <span class='ocrx_word' id='word_1_132' title='bbox 1526 1703 1594 1758; x_wconf 89' lang='lat' dir='ltr'>cl</span> <span class='ocrx_word' id='word_1_133' title='bbox 1604 1706 1759 1759; x_wconf 82' lang='lat' dir='ltr'>aris</span> <span class='ocrx_word' id='word_1_134' title='bbox 1789 1704 1974 1760; x_wconf 77' lang='lat' dir='ltr'>rheto-</span> 
     </span>
     <span class='ocr_line' id='line_1_18' title="bbox 157 1780 1973 1861; baseline 0.001 -18"><span class='ocrx_word' id='word_1_135' title='bbox 157 1786 314 1857; x_wconf 76' lang='lat' dir='ltr'>ribus,</span> <span class='ocrx_word' id='word_1_136' title='bbox 344 1787 688 1861; x_wconf 85' lang='lat' dir='ltr'>prostremis</span> <span class='ocrx_word' id='word_1_137' title='bbox 714 1787 877 1843; x_wconf 91' lang='lat' dir='ltr'>modo</span> <span class='ocrx_word' id='word_1_138' title='bbox 910 1780 1101 1843; x_wconf 84' lang='lat' dir='ltr'>verbis</span> <span class='ocrx_word' id='word_1_139' title='bbox 1133 1787 1496 1842; x_wconf 78' lang='lat' dir='ltr'>vetustiorum</span> <span class='ocrx_word' id='word_1_140' title='bbox 1526 1786 1741 1857; x_wconf 77' lang='lat' dir='ltr'>aliquot</span> <span class='ocrx_word' id='word_1_141' title='bbox 1770 1787 1973 1845; x_wconf 83' lang='lat' dir='ltr'>editio·</span> 
     </span>
     <span class='ocr_line' id='line_1_19' title="bbox 158 1868 1975 1942; baseline 0.001 -17"><span class='ocrx_word' id='word_1_142' title='bbox 158 1886 273 1926; x_wconf 89' lang='lat' dir='ltr'>num</span> <span class='ocrx_word' id='word_1_143' title='bbox 297 1870 694 1929; x_wconf 79' lang='lat' dir='ltr'>auctoiitatem</span> <span class='ocrx_word' id='word_1_144' title='bbox 726 1868 1008 1941; x_wconf 58' lang='lat' dir='ltr'>sequitur,</span> <span class='ocrx_word' id='word_1_145' title='bbox 1027 1870 1292 1927; x_wconf 88' lang='lat' dir='ltr'>maiorem</span> <span class='ocrx_word' id='word_1_146' title='bbox 1322 1877 1535 1942; x_wconf 70' lang='lat' dir='ltr'>partem</span> <span class='ocrx_word' id='word_1_147' title='bbox 1570 1871 1637 1926; x_wconf 85' lang='lat' dir='ltr'>ab</span> <span class='ocrx_word' id='word_1_148' title='bbox 1659 1870 1806 1928; x_wconf 85' lang='lat' dir='ltr'>Aldo</span> <span class='ocrx_word' id='word_1_149' title='bbox 1838 1888 1975 1927; x_wconf 87' lang='lat' dir='ltr'>con-</span> 
     </span>
    </p>
   </div>
   <div class='ocr_carea' id='block_1_3' title="bbox 154 1956 2287 3277">
    <p class='ocr_par' dir='ltr' id='par_1_3' title="bbox 162 1956 548 2013">
     <span class='ocr_line' id='line_1_20' title="bbox 162 1956 548 2013; baseline 0 -4"><span class='ocrx_word' id='word_1_150' title='bbox 162 1956 402 2013; x_wconf 87' lang='lat' dir='ltr'>cinnatus</span> <span class='ocrx_word' id='word_1_151' title='bbox 433 1962 548 2013; x_wconf 79' lang='lat' dir='ltr'>est.</span> 
     </span>
    </p>

    <p class='ocr_par' dir='ltr' id='par_1_4' title="bbox 154 2033 2287 3277">
     <span class='ocr_line' id='line_1_21' title="bbox 276 2033 2287 2111; baseline 0.002 -16"><span class='ocrx_word' id='word_1_152' title='bbox 276 2040 429 2095; x_wconf 83' lang='lat' dir='ltr'>Hunc</span> <span class='ocrx_word' id='word_1_153' title='bbox 477 2039 739 2094; x_wconf 89' lang='lat' dir='ltr'>libellum</span> <span class='ocrx_word' id='word_1_154' title='bbox 786 2045 915 2110; x_wconf 89' lang='lat' dir='ltr'>post</span> <span class='ocrx_word' id='word_1_155' title='bbox 954 2033 1437 2111; x_wconf 81' lang='lat' dir='ltr'>Hieronymum²⁷)</span> <span class='ocrx_word' id='word_1_156' title='bbox 1483 2038 1576 2109; x_wconf 91' lang='lat' dir='ltr'>qui</span> <span class='ocrx_word' id='word_1_157' title='bbox 1624 2039 1835 2109; x_wconf 87' lang='lat' dir='ltr'>legerit</span> <span class='ocrx_word' id='word_1_158' title='bbox 1881 2040 2164 2099; x_wconf 68' lang='lat' dir='ltr'>aut⁸³²0⁶¹¹l0</span> <span class='ocrx_word' id='word_1_159' title='bbox 2206 2040 2287 2083; x_wconf 69' lang='lat' dir='ltr'>XV</span> 
     </span>
     <span class='ocr_line' id='line_1_22' title="bbox 162 2090 2255 2193; baseline 0.004 -18"><span class='ocrx_word' id='word_1_160' title='bbox 162 2121 708 2191; x_wconf 80' lang='lat' dir='ltr'>commemoraverit,</span> <span class='ocrx_word' id='word_1_161' title='bbox 750 2122 1019 2177; x_wconf 86' lang='lat' dir='ltr'>neminem</span> <span class='ocrx_word' id='word_1_162' title='bbox 1053 2122 1200 2178; x_wconf 86' lang='lat' dir='ltr'>novi.</span> <span class='ocrx_word' id='word_1_163' title='bbox 1287 2120 1473 2177; x_wconf 84' lang='lat' dir='ltr'>Multis</span> <span class='ocrx_word' id='word_1_164' title='bbox 1517 2122 1691 2193; x_wconf 88' lang='lat' dir='ltr'>igitur</span> <span class='ocrx_word' id='word_1_165' title='bbox 1728 2123 1975 2179; x_wconf 86' lang='lat' dir='ltr'>saeculis</span> <span class='ocrx_word' id='word_1_166' title='bbox 2022 2090 2255 2184; x_wconf 45' lang='lat' dir='ltr'>mssgssimin</span> 
     </span>
     <span class='ocr_line' id='line_1_23' title="bbox 161 2204 1975 2279; baseline 0 -18"><span class='ocrx_word' id='word_1_167' title='bbox 161 2222 252 2277; x_wconf 87' lang='lat' dir='ltr'>pro</span> <span class='ocrx_word' id='word_1_168' title='bbox 285 2205 591 2279; x_wconf 88' lang='lat' dir='ltr'>deperdito</span> <span class='ocrx_word' id='word_1_169' title='bbox 619 2205 811 2261; x_wconf 87' lang='lat' dir='ltr'>haberi</span> <span class='ocrx_word' id='word_1_170' title='bbox 841 2204 1052 2274; x_wconf 81' lang='lat' dir='ltr'>debuit,</span> <span class='ocrx_word' id='word_1_171' title='bbox 1085 2205 1266 2260; x_wconf 86' lang='lat' dir='ltr'>donec</span> <span class='ocrx_word' id='word_1_172' title='bbox 1296 2204 1525 2260; x_wconf 84' lang='lat' dir='ltr'>circiter</span> <span class='ocrx_word' id='word_1_173' title='bbox 1552 2221 1605 2260; x_wconf 90' lang='lat' dir='ltr'>a.</span> <span class='ocrx_word' id='word_1_174' title='bbox 1626 2210 1761 2263; x_wconf 82' lang='lat'>1452</span> <span class='ocrx_word' id='word_1_175' title='bbox 1788 2205 1975 2261; x_wconf 88' lang='lat' dir='ltr'>Enoc</span> 
     </span>
     <span class='ocr_line' id='line_1_24' title="bbox 162 2286 1974 2360; baseline 0.001 -17"><span class='ocrx_word' id='word_1_176' title='bbox 162 2289 598 2353; x_wconf 59' lang='lat' dir='ltr'>Ammianus,</span> <span class='ocrx_word' id='word_1_177' title='bbox 658 2286 945 2343; x_wconf 85' lang='lat' dir='ltr'>Germania</span> <span class='ocrx_word' id='word_1_178' title='bbox 987 2288 1272 2359; x_wconf 87' lang='lat' dir='ltr'>Daniaque</span> <span class='ocrx_word' id='word_1_179' title='bbox 1315 2294 1651 2360; x_wconf 85' lang='lat' dir='ltr'>peragrata,</span> <span class='ocrx_word' id='word_1_180' title='bbox 1698 2305 1819 2344; x_wconf 92' lang='lat' dir='ltr'>cum</span> <span class='ocrx_word' id='word_1_181' title='bbox 1862 2289 1974 2344; x_wconf 85' lang='lat' dir='ltr'>alia</span> 
     </span>
     <span class='ocr_line' id='line_1_25' title="bbox 161 2367 1985 2445; baseline -0.001 -18"><span class='ocrx_word' id='word_1_182' title='bbox 161 2372 494 2445; x_wconf 81' lang='lat' dir='ltr'>antiquitatis</span> <span class='ocrx_word' id='word_1_183' title='bbox 555 2378 900 2426; x_wconf 88' lang='lat' dir='ltr'>monumenta</span> <span class='ocrx_word' id='word_1_184' title='bbox 949 2367 1050 2445; x_wconf 86' lang='lat' dir='ltr'>(de</span> <span class='ocrx_word' id='word_1_185' title='bbox 1096 2372 1296 2442; x_wconf 83' lang='lat' dir='ltr'>quibus</span> <span class='ocrx_word' id='word_1_186' title='bbox 1338 2370 1566 2427; x_wconf 85' lang='lat' dir='ltr'>videndi</span> <span class='ocrx_word' id='word_1_187' title='bbox 1614 2370 1858 2427; x_wconf 89' lang='lat' dir='ltr'>Orellius</span> <span class='ocrx_word' id='word_1_188' title='bbox 1907 2372 1985 2426; x_wconf 80' lang='lat' dir='ltr'>ad&#39;</span> 
     </span>
     <span class='ocr_line' id='line_1_26' title="bbox 160 2454 1973 2527; baseline 0.001 -18"><span class='ocrx_word' id='word_1_189' title='bbox 160 2456 440 2513; x_wconf 77' lang='lat' dir='ltr'>Ciceronis</span> <span class='ocrx_word' id='word_1_190' title='bbox 487 2454 768 2525; x_wconf 82' lang='lat' dir='ltr'>epistolas</span> <span class='ocrx_word' id='word_1_191' title='bbox 823 2454 909 2510; x_wconf 89' lang='lat' dir='ltr'>ed.</span> <span class='ocrx_word' id='word_1_192' title='bbox 941 2460 974 2511; x_wconf 83' lang='lat'><strong>2</strong></span> <span class='ocrx_word' id='word_1_193' title='bbox 1015 2472 1067 2527; x_wconf 87' lang='lat' dir='ltr'>p.</span> <span class='ocrx_word' id='word_1_194' title='bbox 1104 2454 1302 2522; x_wconf 83' lang='lat' dir='ltr'>XLIII,</span> <span class='ocrx_word' id='word_1_195' title='bbox 1346 2454 1659 2511; x_wconf 85' lang='lat' dir='ltr'>Massmann</span> <span class='ocrx_word' id='word_1_196' title='bbox 1698 2454 1766 2510; x_wconf 89' lang='lat' dir='ltr'>ad</span> <span class='ocrx_word' id='word_1_197' title='bbox 1798 2454 1973 2511; x_wconf 82' lang='lat' dir='ltr'>Taciti</span> 
     </span>
     <span class='ocr_line' id='line_1_27' title="bbox 159 2538 1977 2609; baseline 0.006 -18"><span class='ocrx_word' id='word_1_198' title='bbox 159 2538 494 2595; x_wconf 73' lang='lat' dir='ltr'>Germaniam</span> <span class='ocrx_word' id='word_1_199' title='bbox 545 2554 602 2609; x_wconf 89' lang='lat' dir='ltr'>p.</span> <span class='ocrx_word' id='word_1_200' title='bbox 640 2544 698 2596; x_wconf 86' lang='lat' dir='ltr'>ll</span> <span class='ocrx_word' id='word_1_201' title='bbox 749 2543 804 2593; x_wconf 88' lang='lat' dir='ltr'>et</span> <span class='ocrx_word' id='word_1_202' title='bbox 838 2538 897 2592; x_wconf 87' lang='lat' dir='ltr'>T.</span> <span class='ocrx_word' id='word_1_203' title='bbox 939 2540 1238 2595; x_wconf 78' lang='lat' dir='ltr'>Mommsen</span> <span class='ocrx_word' id='word_1_204' title='bbox 1295 2540 1348 2595; x_wconf 88' lang='lat' dir='ltr'>in</span> <span class='ocrx_word' id='word_1_205' title='bbox 1398 2541 1589 2597; x_wconf 87' lang='lat' dir='ltr'>Museo</span> <span class='ocrx_word' id='word_1_206' title='bbox 1630 2542 1895 2599; x_wconf 84' lang='lat' dir='ltr'>Rhenano</span> <span class='ocrx_word' id='word_1_207' title='bbox 1942 2548 1977 2601; x_wconf 83' lang='lat'>6</span> 
     </span>
     <span class='ocr_line' id='line_1_28' title="bbox 158 2618 1975 2697; baseline 0.003 -22"><span class='ocrx_word' id='word_1_208' title='bbox 158 2640 203 2693; x_wconf 89' lang='lat' dir='ltr'>p.</span> <span class='ocrx_word' id='word_1_209' title='bbox 227 2618 352 2697; x_wconf 82' lang='lat'>627)</span> <span class='ocrx_word' id='word_1_210' title='bbox 387 2631 502 2679; x_wconf 88' lang='lat' dir='ltr'>tum</span> <span class='ocrx_word' id='word_1_211' title='bbox 541 2622 718 2678; x_wconf 83' lang='lat' dir='ltr'>Taciti</span> <span class='ocrx_word' id='word_1_212' title='bbox 753 2623 893 2679; x_wconf 90' lang='lat' dir='ltr'>duos</span> <span class='ocrx_word' id='word_1_213' title='bbox 937 2624 1186 2692; x_wconf 73' lang='lat' dir='ltr'>libelloS,</span> <span class='ocrx_word' id='word_1_214' title='bbox 1217 2624 1287 2679; x_wconf 91' lang='lat' dir='ltr'>de</span> <span class='ocrx_word' id='word_1_215' title='bbox 1319 2623 1612 2680; x_wconf 83' lang='lat' dir='ltr'>Germania</span> <span class='ocrx_word' id='word_1_216' title='bbox 1646 2631 1703 2679; x_wconf 89' lang='lat' dir='ltr'>et</span> <span class='ocrx_word' id='word_1_217' title='bbox 1731 2625 1801 2680; x_wconf 89' lang='lat' dir='ltr'>de</span> <span class='ocrx_word' id='word_1_218' title='bbox 1836 2624 1975 2681; x_wconf 85' lang='lat' dir='ltr'>Ora-</span> 
     </span>
     <span class='ocr_line' id='line_1_29' title="bbox 158 2706 1968 2777; baseline 0.002 -17"><span class='ocrx_word' id='word_1_219' title='bbox 158 2707 392 2777; x_wconf 83' lang='lat' dir='ltr'>toribus,</span> <span class='ocrx_word' id='word_1_220' title='bbox 421 2722 556 2762; x_wconf 89' lang='lat' dir='ltr'>cum</span> <span class='ocrx_word' id='word_1_221' title='bbox 588 2707 697 2761; x_wconf 89' lang='lat' dir='ltr'>hoc</span> <span class='ocrx_word' id='word_1_222' title='bbox 724 2706 1082 2774; x_wconf 84' lang='lat' dir='ltr'>Suetoniano‚</span> <span class='ocrx_word' id='word_1_223' title='bbox 1114 2723 1222 2763; x_wconf 88' lang='lat' dir='ltr'>uno</span> <span class='ocrx_word' id='word_1_224' title='bbox 1253 2714 1311 2761; x_wconf 93' lang='lat' dir='ltr'>ut</span> <span class='ocrx_word' id='word_1_225' title='bbox 1334 2707 1558 2763; x_wconf 83' lang='lat' dir='ltr'>videtur</span> <span class='ocrx_word' id='word_1_226' title='bbox 1590 2706 1789 2763; x_wconf 84' lang='lat' dir='ltr'>codice</span> <span class='ocrx_word' id='word_1_227' title='bbox 1822 2724 1968 2764; x_wconf 86' lang='lat' dir='ltr'>com-</span> 
     </span>
     <span class='ocr_line' id='line_1_30' title="bbox 155 2789 1974 2862; baseline 0.001 -19"><span class='ocrx_word' id='word_1_228' title='bbox 155 2790 484 2861; x_wconf 86' lang='lat' dir='ltr'>prehensos.,</span> <span class='ocrx_word' id='word_1_229' title='bbox 527 2790 744 2861; x_wconf 84' lang='lat' dir='ltr'>reperit</span> <span class='ocrx_word' id='word_1_230' title='bbox 772 2790 826 2844; x_wconf 91' lang='lat' dir='ltr'>in</span> <span class='ocrx_word' id='word_1_231' title='bbox 858 2789 1182 2862; x_wconf 80' lang='lat' dir='ltr'>Italiamque</span> <span class='ocrx_word' id='word_1_232' title='bbox 1215 2790 1415 2845; x_wconf 86' lang='lat' dir='ltr'>attulit.</span> <span class='ocrx_word' id='word_1_233' title='bbox 1508 2790 1654 2845; x_wconf 89' lang='lat' dir='ltr'>Vide</span> <span class='ocrx_word' id='word_1_234' title='bbox 1686 2790 1974 2847; x_wconf 83' lang='lat' dir='ltr'>Iovianum</span> 
     </span>
     <span class='ocr_line' id='line_1_31' title="bbox 156 2870 1972 2945; baseline 0.002 -20"><span class='ocrx_word' id='word_1_235' title='bbox 156 2873 448 2930; x_wconf 85' lang='lat' dir='ltr'>Pontanum</span> <span class='ocrx_word' id='word_1_236' title='bbox 481 2892 538 2930; x_wconf 87' lang='lat' dir='ltr'>a.</span> <span class='ocrx_word' id='word_1_237' title='bbox 577 2876 714 2931; x_wconf 84' lang='lat'>1460</span> <span class='ocrx_word' id='word_1_238' title='bbox 746 2874 887 2929; x_wconf 87' lang='lat' dir='ltr'>haec</span> <span class='ocrx_word' id='word_1_239' title='bbox 927 2874 1235 2929; x_wconf 83' lang='lat' dir='ltr'>tradentem</span> <span class='ocrx_word' id='word_1_240' title='bbox 1263 2872 1409 2929; x_wconf 73' lang='lat' dir='ltr'>infra</span> <span class='ocrx_word' id='word_1_241' title='bbox 1440 2892 1495 2945; x_wconf 86' lang='lat' dir='ltr'>p.</span> <span class='ocrx_word' id='word_1_242' title='bbox 1527 2878 1648 2932; x_wconf 81' lang='lat'><strong>288.</strong></span> <span class='ocrx_word' id='word_1_243' title='bbox 1742 2870 1842 2929; x_wconf 86' lang='lat' dir='ltr'>Cui</span> <span class='ocrx_word' id='word_1_244' title='bbox 1874 2890 1972 2929; x_wconf 85' lang='lat' dir='ltr'>au-</span> 
     </span>
     <span class='ocr_line' id='line_1_32' title="bbox 155 2955 1971 3015; baseline 0.002 -6"><span class='ocrx_word' id='word_1_245' title='bbox 155 2956 291 3012; x_wconf 87' lang='lat' dir='ltr'>ctori</span> <span class='ocrx_word' id='word_1_246' title='bbox 333 2955 759 3015; x_wconf 82' lang='lat' dir='ltr'>assentiendum</span> <span class='ocrx_word' id='word_1_247' title='bbox 793 2955 1049 3013; x_wconf 82' lang='lat' dir='ltr'>existimo</span> <span class='ocrx_word' id='word_1_248' title='bbox 1087 2956 1355 3012; x_wconf 83' lang='lat' dir='ltr'>referenti</span> <span class='ocrx_word' id='word_1_249' title='bbox 1395 2958 1683 3012; x_wconf 75' lang='lat' dir='ltr'>mendosos</span> <span class='ocrx_word' id='word_1_250' title='bbox 1723 2959 1833 3011; x_wconf 82' lang='lat' dir='ltr'>iam</span> <span class='ocrx_word' id='word_1_251' title='bbox 1864 2962 1971 3012; x_wconf 84' lang='lat' dir='ltr'>tum</span> 
     </span>
     <span class='ocr_line' id='line_1_33' title="bbox 155 3038 1971 3113; baseline 0.002 -20"><span class='ocrx_word' id='word_1_252' title='bbox 155 3046 201 3093; x_wconf 82' lang='lat' dir='ltr'>et</span> <span class='ocrx_word' id='word_1_253' title='bbox 239 3040 602 3113; x_wconf 77' lang='lat' dir='ltr'>imperfectos</span> <span class='ocrx_word' id='word_1_254' title='bbox 639 3038 679 3092; x_wconf 87' lang='lat' dir='ltr'>i.</span> <span class='ocrx_word' id='word_1_255' title='bbox 729 3056 778 3093; x_wconf 88' lang='lat' dir='ltr'>e.</span> <span class='ocrx_word' id='word_1_256' title='bbox 819 3046 1063 3095; x_wconf 84' lang='lat' dir='ltr'>extrema</span> <span class='ocrx_word' id='word_1_257' title='bbox 1115 3046 1274 3112; x_wconf 86' lang='lat' dir='ltr'>parte</span> <span class='ocrx_word' id='word_1_258' title='bbox 1321 3041 1603 3096; x_wconf 78' lang='lat' dir='ltr'>mutilatus</span> <span class='ocrx_word' id='word_1_259' title='bbox 1648 3039 1825 3097; x_wconf 79' lang='lat' dir='ltr'>fuisse</span> <span class='ocrx_word' id='word_1_260' title='bbox 1866 3042 1971 3097; x_wconf 86' lang='lat' dir='ltr'>hos</span> 
     </span>
     <span class='ocr_line' id='line_1_34' title="bbox 156 3114 1973 3194; baseline 0.001 -18"><span class='ocrx_word' id='word_1_261' title='bbox 156 3125 548 3191; x_wconf 84' lang='lat' dir='ltr'>grammaticos</span> <span class='ocrx_word' id='word_1_262' title='bbox 593 3128 650 3176; x_wconf 88' lang='lat' dir='ltr'>et</span> <span class='ocrx_word' id='word_1_263' title='bbox 679 3114 966 3188; x_wconf 73' lang='lat' dir='ltr'>rhetoras}</span> <span class='ocrx_word' id='word_1_264' title='bbox 1010 3124 1110 3179; x_wconf 91' lang='lat' dir='ltr'>sed</span> <span class='ocrx_word' id='word_1_265' title='bbox 1143 3124 1302 3179; x_wconf 81' lang='lat' dir='ltr'>fidem</span> <span class='ocrx_word' id='word_1_266' title='bbox 1335 3123 1747 3194; x_wconf 82' lang='lat' dir='ltr'>denegandam,</span> <span class='ocrx_word' id='word_1_267' title='bbox 1789 3139 1911 3178; x_wconf 90' lang='lat' dir='ltr'>cum</span> <span class='ocrx_word' id='word_1_268' title='bbox 1944 3140 1973 3178; x_wconf 86' lang='lat' dir='ltr'>a</span> 
     </span>
     <span class='ocr_line' id='line_1_35' title="bbox 154 3204 2035 3277; baseline 0.001 -18"><span class='ocrx_word' id='word_1_269' title='bbox 154 3204 459 3265; x_wconf 87' lang='lat' dir='ltr'>Polentono</span> <span class='ocrx_word' id='word_1_270' title='bbox 494 3204 763 3262; x_wconf 85' lang='lat' dir='ltr'>Patavino</span> <span class='ocrx_word' id='word_1_271' title='bbox 793 3207 1024 3262; x_wconf 85' lang='lat' dir='ltr'>alterum</span> <span class='ocrx_word' id='word_1_272' title='bbox 1040 3206 1296 3261; x_wconf 89' lang='lat' dir='ltr'>Suetonii</span> <span class='ocrx_word' id='word_1_273' title='bbox 1327 3206 1601 3276; x_wconf 82' lang='lat' dir='ltr'>codicem,</span> <span class='ocrx_word' id='word_1_274' title='bbox 1636 3206 1694 3261; x_wconf 87' lang='lat' dir='ltr'>in</span> <span class='ocrx_word' id='word_1_275' title='bbox 1725 3221 1834 3277; x_wconf 87' lang='lat' dir='ltr'>quo</span> <span class='ocrx_word' id='word_1_276' title='bbox 1866 3206 1975 3263; x_wconf 88' lang='lat' dir='ltr'>alia</span> <span class='ocrx_word' id='word_1_277' title='bbox 2026 3266 2035 3273; x_wconf 65' lang='grc'><em>,</em></span> 
     </span>
    </p>
   </div>
   <div class='ocr_carea' id='block_1_4' title="bbox 155 3283 1972 3361">
    <p class='ocr_par' dir='ltr' id='par_1_5' title="bbox 155 3283 1972 3361">
     <span class='ocr_line' id='line_1_36' title="bbox 155 3283 1972 3361; baseline 0.004 -22"><span class='ocrx_word' id='word_1_278' title='bbox 155 3288 456 3347; x_wconf 76' lang='lat' dir='ltr'>illustrium</span> <span class='ocrx_word' id='word_1_279' title='bbox 512 3290 764 3347; x_wconf 86' lang='lat' dir='ltr'>virorum</span> <span class='ocrx_word' id='word_1_280' title='bbox 820 3305 950 3361; x_wconf 88' lang='lat' dir='ltr'>pars</span> <span class='ocrx_word' id='word_1_281' title='bbox 1014 3288 1259 3360; x_wconf 84' lang='lat' dir='ltr'>inesset,</span> <span class='ocrx_word' id='word_1_282' title='bbox 1313 3294 1719 3345; x_wconf 84' lang='lat' dir='ltr'>concrematum</span> <span class='ocrx_word' id='word_1_283' title='bbox 1772 3283 1972 3361; x_wconf 81' lang='lat' dir='ltr'>arguit.</span> 
     </span>
    </p>
   </div>
   <div class='ocr_carea' id='block_1_5' title="bbox 149 3379 566 3395">
    <p class='ocr_par' dir='ltr' id='par_1_6' title="bbox 149 3379 566 3395">
     <span class='ocr_line' id='line_1_37' title="bbox 149 3379 566 3395; baseline 0 839"><span class='ocrx_word' id='word_1_284' title='bbox 149 3379 566 3395; x_wconf 95' lang='lat' dir='ltr'> </span> 
     </span>
    </p>
   </div>
   <div class='ocr_carea' id='block_1_6' title="bbox 155 3416 1975 3679">
    <p class='ocr_par' dir='ltr' id='par_1_7' title="bbox 155 3416 1975 3679">
     <span class='ocr_line' id='line_1_38' title="bbox 284 3416 1975 3484; baseline 0.002 -18"><span class='ocrx_word' id='word_1_285' title='bbox 284 3418 376 3479; x_wconf 81' lang='lat'>27)</span> <span class='ocrx_word' id='word_1_286' title='bbox 418 3416 644 3467; x_wconf 86' lang='lat' dir='ltr'>Gellium</span> <span class='ocrx_word' id='word_1_287' title='bbox 694 3432 892 3483; x_wconf 87' lang='lat' dir='ltr'>quoque</span> <span class='ocrx_word' id='word_1_288' title='bbox 938 3418 1056 3469; x_wconf 84' lang='lat' dir='ltr'>huic</span> <span class='ocrx_word' id='word_1_289' title='bbox 1101 3419 1270 3469; x_wconf 88' lang='lat' dir='ltr'>libello</span> <span class='ocrx_word' id='word_1_290' title='bbox 1314 3419 1497 3469; x_wconf 86' lang='lat' dir='ltr'>debere</span> <span class='ocrx_word' id='word_1_291' title='bbox 1548 3420 1791 3483; x_wconf 79' lang='lat' dir='ltr'>arbitror,</span> <span class='ocrx_word' id='word_1_292' title='bbox 1846 3436 1975 3484; x_wconf 78' lang='lat' dir='ltr'>quae</span> 
     </span>
     <span class='ocr_line' id='line_1_39' title="bbox 155 3483 1974 3603; baseline 0.001 -68"><span class='ocrx_word' id='word_1_293' title='bbox 155 3483 222 3600; x_wconf 57' lang='lat'>:13</span> <span class='ocrx_word' id='word_1_294' title='bbox 223 3520 256 3601; x_wconf 56' lang='lat'>:¹</span> <span class='ocrx_word' id='word_1_295' title='bbox 257 3486 357 3603; x_wconf 43' lang='lat' dir='ltr'>¹iti-1</span> <span class='ocrx_word' id='word_1_296' title='bbox 401 3501 511 3537; x_wconf 90' lang='lat' dir='ltr'>non</span> <span class='ocrx_word' id='word_1_297' title='bbox 559 3486 772 3537; x_wconf 85' lang='lat' dir='ltr'>nimium</span> <span class='ocrx_word' id='word_1_298' title='bbox 819 3488 1086 3553; x_wconf 83' lang='lat' dir='ltr'>diligenter</span> <span class='ocrx_word' id='word_1_299' title='bbox 1132 3487 1196 3537; x_wconf 88' lang='lat' dir='ltr'>de</span> <span class='ocrx_word' id='word_1_300' title='bbox 1241 3486 1559 3553; x_wconf 83' lang='lat' dir='ltr'>philosophis</span> <span class='ocrx_word' id='word_1_301' title='bbox 1597 3498 1645 3537; x_wconf 86' lang='lat' dir='ltr'>et</span> <span class='ocrx_word' id='word_1_302' title='bbox 1688 3488 1974 3561; x_wconf 77' lang='lat' dir='ltr'>rbetoribus</span> 
     </span>
     <span class='ocr_line' id='line_1_40' title="bbox 1648 3622 1718 3679; baseline 0 -17"><span class='ocrx_word' id='word_1_303' title='bbox 1648 3622 1718 3679; x_wconf 72' lang='lat' dir='ltr'>d*</span> 
     </span>
    </p>
   </div>
  </div>
 </body>
</html>
