<?xml version="1.0" encoding="UTF-8"?>
<!DOCTYPE html PUBLIC "-//W3C//DTD XHTML 1.0 Transitional//EN"
    "http://www.w3.org/TR/xhtml1/DTD/xhtml1-transitional.dtd">
<html xmlns="http://www.w3.org/1999/xhtml" xml:lang="en" lang="en">
 <head>
  <title>
</title>
<meta http-equiv="Content-Type" content="text/html;charset=utf-8" />
  <meta name='ocr-system' content='tesseract 3.04.00' />
  <meta name='ocr-capabilities' content='ocr_page ocr_carea ocr_par ocr_line ocrx_word'/>
</head>
<body>
  <div class='ocr_page' id='page_1' title='image "./csuetonitranqui05rothgoog_0363.png"; bbox 0 0 2700 4234; ppageno 0'>
   <div class='ocr_carea' id='block_1_1' title="bbox 1003 315 2242 380">
    <p class='ocr_par' dir='ltr' id='par_1_1' title="bbox 1003 315 2242 380">
     <span class='ocr_line' id='line_1_1' title="bbox 1003 315 2242 380; baseline 0.006 -8"><span class='ocrx_word' id='word_1_1' title='bbox 1003 325 1464 374; x_wconf 80' lang='lat' dir='ltr'><strong>DOMITIANUS.</strong></span> <span class='ocrx_word' id='word_1_2' title='bbox 2113 315 2242 380; x_wconf 81' lang='lat'><strong>&#39;253</strong></span> 
     </span>
    </p>
   </div>
   <div class='ocr_carea' id='block_1_2' title="bbox 140 478 2360 3666">
    <p class='ocr_par' dir='ltr' id='par_1_2' title="bbox 183 478 2243 1067">
     <span class='ocr_line' id='line_1_2' title="bbox 240 478 2242 563; baseline 0 -19"><span class='ocrx_word' id='word_1_3' title='bbox 240 480 667 561; x_wconf 80' lang='lat' dir='ltr'><strong>exemplaribus</strong></span> <span class='ocrx_word' id='word_1_4' title='bbox 690 478 941 559; x_wconf 89' lang='lat' dir='ltr'><strong>undique</strong></span> <span class='ocrx_word' id='word_1_5' title='bbox 965 480 1160 558; x_wconf 87' lang='lat' dir='ltr'><strong>petitis</strong></span> <span class='ocrx_word' id='word_1_6' title='bbox 1176 525 1191 556; x_wconf 94' lang='lat'><strong>,</strong></span> <span class='ocrx_word' id='word_1_7' title='bbox 1227 480 1536 558; x_wconf 79' lang='lat' dir='ltr'>missisque</span> <span class='ocrx_word' id='word_1_8' title='bbox 1558 478 1990 542; x_wconf 82' lang='lat' dir='ltr'><strong>Alexandream</strong></span> <span class='ocrx_word' id='word_1_9' title='bbox 2016 483 2112 563; x_wconf 89' lang='lat' dir='ltr'><strong>qui</strong></span> <span class='ocrx_word' id='word_1_10' title='bbox 2145 482 2242 544; x_wconf 88' lang='lat' dir='ltr'><strong>de-</strong></span> 
     </span>
     <span class='ocr_line' id='line_1_3' title="bbox 240 562 2243 643; baseline 0.001 -17"><span class='ocrx_word' id='word_1_11' title='bbox 240 566 561 626; x_wconf 79' lang='lat' dir='ltr'>scriberent</span> <span class='ocrx_word' id='word_1_12' title='bbox 585 565 1093 642; x_wconf 89' lang='lat' dir='ltr'><strong>emeudarentque.</strong></span> <span class='ocrx_word' id='word_1_13' title='bbox 1142 562 1464 643; x_wconf 87' lang='lat' dir='ltr'><strong>Numquam</strong></span> <span class='ocrx_word' id='word_1_14' title='bbox 1488 573 1679 624; x_wconf 89' lang='lat' dir='ltr'><strong>tamen</strong></span> <span class='ocrx_word' id='word_1_15' title='bbox 1701 574 1797 626; x_wconf 92' lang='lat' dir='ltr'><strong>aut</strong></span> <span class='ocrx_word' id='word_1_16' title='bbox 1817 565 2096 628; x_wconf 84' lang='lat' dir='ltr'>historiae</span> <span class='ocrx_word' id='word_1_17' title='bbox 2120 579 2243 629; x_wconf 85' lang='lat' dir='ltr'><strong>car-</strong></span> 
     </span>
     <span class='ocr_line' id='line_1_4' title="bbox 236 647 2240 727; baseline 0.001 -17"><span class='ocrx_word' id='word_1_18' title='bbox 236 649 556 710; x_wconf 84' lang='lat' dir='ltr'><strong>minibusve</strong></span> <span class='ocrx_word' id='word_1_19' title='bbox 594 647 909 709; x_wconf 84' lang='lat' dir='ltr'><strong>noscendis</strong></span> <span class='ocrx_word' id='word_1_20' title='bbox 946 664 1186 727; x_wconf 79' lang='lat' dir='ltr'><strong>operam</strong></span> <span class='ocrx_word' id='word_1_21' title='bbox 1222 648 1394 708; x_wconf 89' lang='lat' dir='ltr'><strong>ullam</strong></span> <span class='ocrx_word' id='word_1_22' title='bbox 1441 657 1536 708; x_wconf 91' lang='lat' dir='ltr'><strong>aut</strong></span> <span class='ocrx_word' id='word_1_23' title='bbox 1573 648 1706 708; x_wconf 90' lang='lat' dir='ltr'><strong>stilo</strong></span> <span class='ocrx_word' id='word_1_24' title='bbox 1755 649 1852 710; x_wconf 82' lang='lat' dir='ltr'><strong>vel</strong></span> <span class='ocrx_word' id='word_1_25' title='bbox 1901 655 2240 712; x_wconf 88' lang='lat' dir='ltr'><strong>necessario</strong></span> 
     </span>
     <span class='ocr_line' id='line_1_5' title="bbox 239 731 2241 796; baseline 0 -2"><span class='ocrx_word' id='word_1_26' title='bbox 239 733 412 794; x_wconf 84' lang='lat' dir='ltr'><strong>dedit.</strong></span> <span class='ocrx_word' id='word_1_27' title='bbox 488 733 733 794; x_wconf 82' lang='lat' dir='ltr'><strong>Praeter</strong></span> <span class='ocrx_word' id='word_1_28' title='bbox 770 731 1217 794; x_wconf 73' lang='lat' dir='ltr'><strong>commentarios</strong></span> <span class='ocrx_word' id='word_1_29' title='bbox 1262 741 1321 792; x_wconf 86' lang='lat' dir='ltr'><strong>et</strong></span> <span class='ocrx_word' id='word_1_30' title='bbox 1367 740 1497 793; x_wconf 88' lang='lat' dir='ltr'><strong>acta</strong></span> <span class='ocrx_word' id='word_1_31' title='bbox 1542 732 1740 794; x_wconf 85' lang='lat' dir='ltr'><strong>Tiberi</strong></span> <span class='ocrx_word' id='word_1_32' title='bbox 1787 731 2059 794; x_wconf 85' lang='lat' dir='ltr'><strong>Caesaris</strong></span> <span class='ocrx_word' id='word_1_33' title='bbox 2102 734 2241 796; x_wconf 85' lang='lat' dir='ltr'><strong>nihil</strong></span> 
     </span>
     <span class='ocr_line' id='line_1_6' title="bbox 183 815 2241 897; baseline -0.001 -17"><span class='ocrx_word' id='word_1_34' title='bbox 183 839 219 880; x_wconf 66' lang='lat' dir='ltr'><strong>s</strong></span> <span class='ocrx_word' id='word_1_35' title='bbox 237 817 564 887; x_wconf 87' lang='lat' dir='ltr'><strong>lectitabat;</strong></span> <span class='ocrx_word' id='word_1_36' title='bbox 596 816 879 897; x_wconf 84' lang='lat' dir='ltr'><strong>epistolas</strong></span> <span class='ocrx_word' id='word_1_37' title='bbox 902 817 1313 895; x_wconf 88' lang='lat' dir='ltr'><strong>orationesque</strong></span> <span class='ocrx_word' id='word_1_38' title='bbox 1338 825 1398 876; x_wconf 92' lang='lat' dir='ltr'><strong>et</strong></span> <span class='ocrx_word' id='word_1_39' title='bbox 1419 815 1608 876; x_wconf 89' lang='lat' dir='ltr'><strong>edicta</strong></span> <span class='ocrx_word' id='word_1_40' title='bbox 1633 816 1826 878; x_wconf 84' lang='lat' dir='ltr'><strong>alieno</strong></span> <span class='ocrx_word' id='word_1_41' title='bbox 1849 818 2138 880; x_wconf 86' lang='lat' dir='ltr'><strong>formabat</strong></span> <span class='ocrx_word' id='word_1_42' title='bbox 2161 823 2241 879; x_wconf 83' lang='lat' dir='ltr'><strong>in-</strong></span> 
     </span>
     <span class='ocr_line' id='line_1_7' title="bbox 236 898 2240 980; baseline 0.001 -19"><span class='ocrx_word' id='word_1_43' title='bbox 236 903 433 980; x_wconf 78' lang='lat' dir='ltr'><strong>genio,</strong></span> <span class='ocrx_word' id='word_1_44' title='bbox 478 901 780 961; x_wconf 88' lang='lat' dir='ltr'><strong>Sermonis</strong></span> <span class='ocrx_word' id='word_1_45' title='bbox 804 909 994 960; x_wconf 91' lang='lat' dir='ltr'><strong>tamen</strong></span> <span class='ocrx_word' id='word_1_46' title='bbox 1016 917 1127 960; x_wconf 87' lang='lat' dir='ltr'><strong>nec</strong></span> <span class='ocrx_word' id='word_1_47' title='bbox 1151 898 1521 978; x_wconf 82' lang='lat' dir='ltr'><strong>inelegantis,</strong></span> <span class='ocrx_word' id='word_1_48' title='bbox 1547 900 1830 962; x_wconf 85' lang='lat' dir='ltr'><strong>dictorum</strong></span> <span class='ocrx_word' id='word_1_49' title='bbox 1854 903 2135 964; x_wconf 83' lang='lat' dir='ltr'><strong>interdum</strong></span> <span class='ocrx_word' id='word_1_50' title='bbox 2159 913 2240 963; x_wconf 91' lang='lat' dir='ltr'><strong>et-</strong></span> 
     </span>
     <span class='ocr_line' id='line_1_8' title="bbox 233 981 2243 1067; baseline 0.001 -21"><span class='ocrx_word' id='word_1_51' title='bbox 233 988 347 1046; x_wconf 89' lang='lat' dir='ltr'><strong>iam</strong></span> <span class='ocrx_word' id='word_1_52' title='bbox 380 983 750 1061; x_wconf 84' lang='lat' dir='ltr'><strong>notabilium,</strong></span> <span class='ocrx_word' id='word_1_53' title='bbox 806 981 1031 1046; x_wconf 84' lang='lat' dir='ltr'><strong>Vellem</strong></span> <span class='ocrx_word' id='word_1_54' title='bbox 1075 985 1258 1062; x_wconf 87' lang='lat' dir='ltr'><strong>iuquit</strong></span> <span class='ocrx_word' id='word_1_55' title='bbox 1296 989 1423 1044; x_wconf 85' lang='lat' dir='ltr'><strong>tam</strong></span> <span class='ocrx_word' id='word_1_56' title='bbox 1455 983 1778 1063; x_wconf 74' lang='lat' dir='ltr'><strong>formosus</strong></span> <span class='ocrx_word' id='word_1_57' title='bbox 1829 1003 1996 1063; x_wconf 77' lang='lat' dir='ltr'><strong>esse,</strong></span> <span class='ocrx_word' id='word_1_58' title='bbox 2058 1003 2243 1067; x_wconf 81' lang='lat' dir='ltr'><strong>quam</strong></span> 
     </span>
    </p>

    <p class='ocr_par' dir='ltr' id='par_1_3' title="bbox 146 1065 2319 1230">
     <span class='ocr_line' id='line_1_9' title="bbox 146 1065 2241 1150; baseline -0.001 -18"><span class='ocrx_word' id='word_1_59' title='bbox 146 1143 153 1150; x_wconf 39' lang='grc'><em>,</em></span> <span class='ocrx_word' id='word_1_60' title='bbox 234 1069 505 1132; x_wconf 67' lang='lat' dir='ltr'><strong>Maelius</strong></span> <span class='ocrx_word' id='word_1_61' title='bbox 527 1067 653 1130; x_wconf 75' lang='lat' dir='ltr'><strong>sibi</strong></span> <span class='ocrx_word' id='word_1_62' title='bbox 675 1067 921 1129; x_wconf 79' lang='lat' dir='ltr'><strong>videtur</strong></span> <span class='ocrx_word' id='word_1_63' title='bbox 933 1092 965 1139; x_wconf 89' lang='lat'><em>;</em></span> <span class='ocrx_word' id='word_1_64' title='bbox 990 1076 1049 1127; x_wconf 89' lang='lat' dir='ltr'><strong>et</strong></span> <span class='ocrx_word' id='word_1_65' title='bbox 1073 1065 1366 1128; x_wconf 86' lang='lat' dir='ltr'><strong>cuiusdam</strong></span> <span class='ocrx_word' id='word_1_66' title='bbox 1391 1077 1565 1147; x_wconf 88' lang='lat' dir='ltr'><strong>caput</strong></span> <span class='ocrx_word' id='word_1_67' title='bbox 1583 1070 1864 1130; x_wconf 80' lang='lat' dir='ltr'><strong>varietate</strong></span> <span class='ocrx_word' id='word_1_68' title='bbox 1887 1070 2083 1150; x_wconf 87' lang='lat' dir='ltr'><strong>capilli</strong></span> <span class='ocrx_word' id='word_1_69' title='bbox 2110 1070 2241 1131; x_wconf 91' lang='lat' dir='ltr'><strong>sub-</strong></span> 
     </span>
     <span class='ocr_line' id='line_1_10' title="bbox 234 1149 2319 1230; baseline 0 -16"><span class='ocrx_word' id='word_1_70' title='bbox 234 1152 465 1214; x_wconf 89' lang='lat' dir='ltr'><strong>rutilum</strong></span> <span class='ocrx_word' id='word_1_71' title='bbox 510 1162 567 1212; x_wconf 90' lang='lat' dir='ltr'><strong>et</strong></span> <span class='ocrx_word' id='word_1_72' title='bbox 618 1154 882 1213; x_wconf 89' lang='lat' dir='ltr'><strong>incanum</strong></span> <span class='ocrx_word' id='word_1_73' title='bbox 916 1149 1245 1230; x_wconf 75' lang='lat' dir='ltr'><strong>perfusam</strong></span> <span class='ocrx_word' id='word_1_74' title='bbox 1272 1151 1473 1212; x_wconf 78' lang='lat' dir='ltr'><strong>nivem</strong></span> <span class='ocrx_word' id='word_1_75' title='bbox 1499 1151 1698 1214; x_wconf 75' lang='lat' dir='ltr'><strong>mulso</strong></span> <span class='ocrx_word' id='word_1_76' title='bbox 1731 1152 1898 1223; x_wconf 88' lang='lat' dir='ltr'><strong>dixit;</strong></span> <span class='ocrx_word' id='word_1_77' title='bbox 1948 1153 2319 1217; x_wconf 74' lang='lat' dir='ltr'><strong>condicio-21</strong></span> 
     </span>
    </p>

    <p class='ocr_par' dir='ltr' id='par_1_4' title="bbox 151 1233 2245 1398">
     <span class='ocr_line' id='line_1_11' title="bbox 151 1233 2245 1316; baseline 0 -18"><span class='ocrx_word' id='word_1_78' title='bbox 151 1260 215 1304; x_wconf 65' lang='grc' dir='ltr'><strong>ιο</strong></span> <span class='ocrx_word' id='word_1_79' title='bbox 236 1254 368 1298; x_wconf 79' lang='lat' dir='ltr'><strong>nem</strong></span> <span class='ocrx_word' id='word_1_80' title='bbox 405 1237 729 1315; x_wconf 81' lang='lat' dir='ltr'><strong>principum</strong></span> <span class='ocrx_word' id='word_1_81' title='bbox 761 1237 1135 1296; x_wconf 89' lang='lat' dir='ltr'><strong>miserrimam</strong></span> <span class='ocrx_word' id='word_1_82' title='bbox 1170 1233 1393 1312; x_wconf 88' lang='lat' dir='ltr'><strong>aiebat,</strong></span> <span class='ocrx_word' id='word_1_83' title='bbox 1433 1235 1655 1316; x_wconf 73' lang='lat' dir='ltr'><strong>quibus</strong></span> <span class='ocrx_word' id='word_1_84' title='bbox 1697 1235 1776 1299; x_wconf 85' lang='lat' dir='ltr'><strong>de</strong></span> <span class='ocrx_word' id='word_1_85' title='bbox 1815 1239 2245 1300; x_wconf 77' lang='lat' dir='ltr'><strong>coniuratione</strong></span> 
     </span>
     <span class='ocr_line' id='line_1_12' title="bbox 235 1318 1525 1398; baseline -0.004 -14"><span class='ocrx_word' id='word_1_86' title='bbox 235 1326 556 1398; x_wconf 81' lang='lat' dir='ltr'><strong>comperta</strong></span> <span class='ocrx_word' id='word_1_87' title='bbox 583 1337 709 1381; x_wconf 79' lang='lat' dir='ltr'><strong>non</strong></span> <span class='ocrx_word' id='word_1_88' title='bbox 740 1319 1098 1382; x_wconf 80' lang='lat' dir='ltr'><strong>crederetur</strong></span> <span class='ocrx_word' id='word_1_89' title='bbox 1124 1319 1251 1380; x_wconf 75' lang='lat' dir='ltr'><strong>nisi</strong></span> <span class='ocrx_word' id='word_1_90' title='bbox 1280 1318 1525 1380; x_wconf 74' lang='lat' dir='ltr'><strong>occisis.</strong></span> 
     </span>
    </p>

    <p class='ocr_par' dir='ltr' id='par_1_5' title="bbox 234 1401 2360 1651">
     <span class='ocr_line' id='line_1_13' title="bbox 362 1401 2360 1483; baseline 0 -19"><span class='ocrx_word' id='word_1_91' title='bbox 362 1404 647 1479; x_wconf 80' lang='lat' dir='ltr'><strong>Quotiens</strong></span> <span class='ocrx_word' id='word_1_92' title='bbox 671 1404 846 1465; x_wconf 89' lang='lat' dir='ltr'><strong>otium</strong></span> <span class='ocrx_word' id='word_1_93' title='bbox 874 1411 1064 1481; x_wconf 88' lang='lat' dir='ltr'><strong>esset,</strong></span> <span class='ocrx_word' id='word_1_94' title='bbox 1106 1403 1235 1464; x_wconf 88' lang='lat' dir='ltr'><strong>alea</strong></span> <span class='ocrx_word' id='word_1_95' title='bbox 1258 1421 1323 1462; x_wconf 90' lang='lat' dir='ltr'><strong>se</strong></span> <span class='ocrx_word' id='word_1_96' title='bbox 1357 1401 1720 1481; x_wconf 89' lang='lat' dir='ltr'><strong>oblectabat,</strong></span> <span class='ocrx_word' id='word_1_97' title='bbox 1757 1405 1928 1464; x_wconf 88' lang='lat' dir='ltr'><strong>etiam</strong></span> <span class='ocrx_word' id='word_1_98' title='bbox 1961 1405 2242 1483; x_wconf 83' lang='lat' dir='ltr'><strong>profestis</strong></span> <span class='ocrx_word' id='word_1_99' title='bbox 2353 1441 2360 1446; x_wconf 87' lang='lat'>-</span> 
     </span>
     <span class='ocr_line' id='line_1_14' title="bbox 234 1486 2242 1568; baseline 0 -20"><span class='ocrx_word' id='word_1_100' title='bbox 234 1487 439 1550; x_wconf 90' lang='lat' dir='ltr'><strong>diebus</strong></span> <span class='ocrx_word' id='word_1_101' title='bbox 460 1487 864 1566; x_wconf 83' lang='lat' dir='ltr'><strong>matutinisque</strong></span> <span class='ocrx_word' id='word_1_102' title='bbox 894 1487 1075 1565; x_wconf 85' lang='lat' dir='ltr'><strong>horis,</strong></span> <span class='ocrx_word' id='word_1_103' title='bbox 1099 1505 1168 1548; x_wconf 89' lang='lat' dir='ltr'><strong>ac</strong></span> <span class='ocrx_word' id='word_1_104' title='bbox 1188 1486 1420 1548; x_wconf 87' lang='lat' dir='ltr'><strong>lavabat</strong></span> <span class='ocrx_word' id='word_1_105' title='bbox 1449 1486 1521 1547; x_wconf 92' lang='lat' dir='ltr'><strong>de</strong></span> <span class='ocrx_word' id='word_1_106' title='bbox 1545 1487 1665 1565; x_wconf 91' lang='lat' dir='ltr'><strong>die,</strong></span> <span class='ocrx_word' id='word_1_107' title='bbox 1697 1487 2133 1568; x_wconf 87' lang='lat' dir='ltr'><strong>prandebatque</strong></span> <span class='ocrx_word' id='word_1_108' title='bbox 2169 1488 2242 1548; x_wconf 92' lang='lat' dir='ltr'><strong>ad</strong></span> 
     </span>
     <span class='ocr_line' id='line_1_15' title="bbox 235 1573 2238 1651; baseline -0.001 -17"><span class='ocrx_word' id='word_1_109' title='bbox 235 1573 578 1648; x_wconf 85' lang='lat' dir='ltr'><strong>satietatem,</strong></span> <span class='ocrx_word' id='word_1_110' title='bbox 602 1580 800 1632; x_wconf 87' lang='lat' dir='ltr'><strong>utnon</strong></span> <span class='ocrx_word' id='word_1_111' title='bbox 823 1581 1046 1632; x_wconf 89' lang='lat' dir='ltr'><strong>temere</strong></span> <span class='ocrx_word' id='word_1_112' title='bbox 1070 1589 1247 1650; x_wconf 84' lang='lat' dir='ltr'><strong>super</strong></span> <span class='ocrx_word' id='word_1_113' title='bbox 1278 1588 1513 1630; x_wconf 88' lang='lat' dir='ltr'><strong>caenam</strong></span> <span class='ocrx_word' id='word_1_114' title='bbox 1537 1580 1772 1651; x_wconf 87' lang='lat' dir='ltr'><strong>praeter</strong></span> <span class='ocrx_word' id='word_1_115' title='bbox 1793 1573 2100 1634; x_wconf 85' lang='lat' dir='ltr'><strong>Matianum</strong></span> <span class='ocrx_word' id='word_1_116' title='bbox 2122 1590 2238 1632; x_wconf 88' lang='lat' dir='ltr'><strong>ma-</strong></span> 
     </span>
    </p>

    <p class='ocr_par' dir='ltr' id='par_1_6' title="bbox 154 1653 2239 1985">
     <span class='ocr_line' id='line_1_16' title="bbox 154 1653 2237 1735; baseline -0 -18"><span class='ocrx_word' id='word_1_117' title='bbox 154 1680 215 1722; x_wconf 81' lang='lat'><strong>15</strong></span> <span class='ocrx_word' id='word_1_118' title='bbox 234 1656 353 1717; x_wconf 91' lang='lat' dir='ltr'><strong>lum</strong></span> <span class='ocrx_word' id='word_1_119' title='bbox 382 1663 441 1714; x_wconf 89' lang='lat' dir='ltr'><strong>et</strong></span> <span class='ocrx_word' id='word_1_120' title='bbox 472 1654 755 1716; x_wconf 85' lang='lat' dir='ltr'><strong>modicam</strong></span> <span class='ocrx_word' id='word_1_121' title='bbox 794 1658 852 1716; x_wconf 91' lang='lat' dir='ltr'><strong>in</strong></span> <span class='ocrx_word' id='word_1_122' title='bbox 886 1655 1136 1734; x_wconf 87' lang='lat' dir='ltr'><strong>ampulla</strong></span> <span class='ocrx_word' id='word_1_123' title='bbox 1177 1655 1570 1735; x_wconf 88' lang='lat' dir='ltr'><strong>potiunculam</strong></span> <span class='ocrx_word' id='word_1_124' title='bbox 1613 1665 1882 1716; x_wconf 88' lang='lat' dir='ltr'><strong>sumeret.</strong></span> <span class='ocrx_word' id='word_1_125' title='bbox 1952 1653 2237 1716; x_wconf 83' lang='lat' dir='ltr'><strong>Conviva-</strong></span> 
     </span>
     <span class='ocr_line' id='line_1_17' title="bbox 235 1738 2239 1818; baseline 0 -19"><span class='ocrx_word' id='word_1_126' title='bbox 235 1739 405 1800; x_wconf 87' lang='lat' dir='ltr'><strong>batur</strong></span> <span class='ocrx_word' id='word_1_127' title='bbox 425 1739 763 1817; x_wconf 82' lang='lat' dir='ltr'><strong>frequenter</strong></span> <span class='ocrx_word' id='word_1_128' title='bbox 788 1758 857 1801; x_wconf 89' lang='lat' dir='ltr'><strong>ac</strong></span> <span class='ocrx_word' id='word_1_129' title='bbox 883 1738 1073 1817; x_wconf 83' lang='lat' dir='ltr'><strong>large,</strong></span> <span class='ocrx_word' id='word_1_130' title='bbox 1106 1738 1210 1799; x_wconf 89' lang='lat' dir='ltr'><strong>sed</strong></span> <span class='ocrx_word' id='word_1_131' title='bbox 1244 1757 1432 1818; x_wconf 90' lang='lat' dir='ltr'><strong>paene</strong></span> <span class='ocrx_word' id='word_1_132' title='bbox 1467 1742 1700 1818; x_wconf 89' lang='lat' dir='ltr'><strong>raptim;</strong></span> <span class='ocrx_word' id='word_1_133' title='bbox 1742 1749 1903 1800; x_wconf 89' lang='lat' dir='ltr'><strong>certe</strong></span> <span class='ocrx_word' id='word_1_134' title='bbox 1943 1757 2060 1800; x_wconf 89' lang='lat' dir='ltr'><strong>non</strong></span> <span class='ocrx_word' id='word_1_135' title='bbox 2089 1739 2239 1800; x_wconf 91' lang='lat' dir='ltr'><strong>ultra</strong></span> 
     </span>
     <span class='ocr_line' id='line_1_18' title="bbox 237 1822 2238 1902; baseline -0.001 -18"><span class='ocrx_word' id='word_1_136' title='bbox 237 1823 385 1884; x_wconf 89' lang='lat' dir='ltr'><strong>solis</strong></span> <span class='ocrx_word' id='word_1_137' title='bbox 421 1840 726 1900; x_wconf 88' lang='lat' dir='ltr'><strong>occasum,</strong></span> <span class='ocrx_word' id='word_1_138' title='bbox 760 1841 872 1883; x_wconf 92' lang='lat' dir='ltr'><strong>nec</strong></span> <span class='ocrx_word' id='word_1_139' title='bbox 906 1832 966 1882; x_wconf 90' lang='lat' dir='ltr'><strong>ut</strong></span> <span class='ocrx_word' id='word_1_140' title='bbox 1004 1831 1212 1902; x_wconf 88' lang='lat' dir='ltr'><strong>postea</strong></span> <span class='ocrx_word' id='word_1_141' title='bbox 1256 1823 1688 1884; x_wconf 88' lang='lat' dir='ltr'><strong>comissaretur.</strong></span> <span class='ocrx_word' id='word_1_142' title='bbox 1750 1822 1896 1884; x_wconf 90' lang='lat' dir='ltr'><strong>Nam</strong></span> <span class='ocrx_word' id='word_1_143' title='bbox 1933 1823 2005 1884; x_wconf 90' lang='lat' dir='ltr'><strong>ad</strong></span> <span class='ocrx_word' id='word_1_144' title='bbox 2036 1823 2238 1884; x_wconf 88' lang='lat' dir='ltr'><strong>horam</strong></span> 
     </span>
     <span class='ocr_line' id='line_1_19' title="bbox 238 1905 1840 1985; baseline -0.001 -17"><span class='ocrx_word' id='word_1_145' title='bbox 238 1905 424 1968; x_wconf 88' lang='lat' dir='ltr'><strong>somni</strong></span> <span class='ocrx_word' id='word_1_146' title='bbox 447 1905 585 1966; x_wconf 89' lang='lat' dir='ltr'><strong>nihil</strong></span> <span class='ocrx_word' id='word_1_147' title='bbox 612 1906 764 1966; x_wconf 90' lang='lat' dir='ltr'><strong>alind</strong></span> <span class='ocrx_word' id='word_1_148' title='bbox 787 1924 962 1985; x_wconf 56' lang='lat' dir='ltr'><strong>quam,</strong></span> <span class='ocrx_word' id='word_1_149' title='bbox 976 1907 1136 1968; x_wconf 88' lang='lat' dir='ltr'><strong>solus</strong></span> <span class='ocrx_word' id='word_1_150' title='bbox 1158 1915 1392 1968; x_wconf 89' lang='lat' dir='ltr'><strong>secreto</strong></span> <span class='ocrx_word' id='word_1_151' title='bbox 1417 1907 1840 1968; x_wconf 87' lang='lat' dir='ltr'><strong>deambulabat.</strong></span> 
     </span>
    </p>

    <p class='ocr_par' dir='ltr' id='par_1_7' title="bbox 361 1988 2326 2068">
     <span class='ocr_line' id='line_1_20' title="bbox 361 1988 2326 2068; baseline 0 -18"><span class='ocrx_word' id='word_1_152' title='bbox 361 1988 635 2050; x_wconf 88' lang='lat' dir='ltr'><strong>Libidinis</strong></span> <span class='ocrx_word' id='word_1_153' title='bbox 655 1991 877 2068; x_wconf 87' lang='lat' dir='ltr'><strong>nimiae,</strong></span> <span class='ocrx_word' id='word_1_154' title='bbox 908 1991 1298 2052; x_wconf 88' lang='lat' dir='ltr'><strong>assiduitatem</strong></span> <span class='ocrx_word' id='word_1_155' title='bbox 1326 1991 1667 2052; x_wconf 89' lang='lat' dir='ltr'><strong>concubitus</strong></span> <span class='ocrx_word' id='word_1_156' title='bbox 1690 1991 1849 2052; x_wconf 81' lang='lat' dir='ltr'><strong>velut</strong></span> <span class='ocrx_word' id='word_1_157' title='bbox 1873 1992 2241 2053; x_wconf 86' lang='lat' dir='ltr'><strong>exercitatio·</strong></span> <span class='ocrx_word' id='word_1_158' title='bbox 2257 1997 2326 2050; x_wconf 84' lang='lat'><strong>22</strong></span> 
     </span>
    </p>

    <p class='ocr_par' dir='ltr' id='par_1_8' title="bbox 149 2073 2241 2321">
     <span class='ocr_line' id='line_1_21' title="bbox 149 2073 2240 2155; baseline -0.001 -16"><span class='ocrx_word' id='word_1_159' title='bbox 149 2099 213 2140; x_wconf 82' lang='lat'><strong>20</strong></span> <span class='ocrx_word' id='word_1_160' title='bbox 241 2077 330 2135; x_wconf 87' lang='lat' dir='ltr'><strong>nis</strong></span> <span class='ocrx_word' id='word_1_161' title='bbox 352 2091 541 2151; x_wconf 83' lang='lat' dir='ltr'><strong>genus</strong></span> <span class='ocrx_word' id='word_1_162' title='bbox 568 2073 901 2154; x_wconf 86' lang='lat' dir='ltr'><strong>clinopalen</strong></span> <span class='ocrx_word' id='word_1_163' title='bbox 937 2075 1218 2145; x_wconf 85' lang='lat' dir='ltr'><strong>vocabat;</strong></span> <span class='ocrx_word' id='word_1_164' title='bbox 1262 2085 1505 2154; x_wconf 85' lang='lat' dir='ltr'><strong>eratque</strong></span> <span class='ocrx_word' id='word_1_165' title='bbox 1545 2076 1723 2153; x_wconf 86' lang='lat' dir='ltr'><strong>fama,</strong></span> <span class='ocrx_word' id='word_1_166' title='bbox 1768 2077 1930 2155; x_wconf 90' lang='lat' dir='ltr'><strong>quasi</strong></span> <span class='ocrx_word' id='word_1_167' title='bbox 1969 2074 2240 2136; x_wconf 87' lang='lat' dir='ltr'><strong>concubi-</strong></span> 
     </span>
     <span class='ocr_line' id='line_1_22' title="bbox 234 2157 2240 2238; baseline -0 -19"><span class='ocrx_word' id='word_1_168' title='bbox 234 2177 339 2220; x_wconf 87' lang='lat' dir='ltr'><strong>nas</strong></span> <span class='ocrx_word' id='word_1_169' title='bbox 362 2161 493 2238; x_wconf 83' lang='lat' dir='ltr'><strong>ipse</strong></span> <span class='ocrx_word' id='word_1_170' title='bbox 518 2157 845 2219; x_wconf 85' lang='lat' dir='ltr'><strong>develleret</strong></span> <span class='ocrx_word' id='word_1_171' title='bbox 866 2167 1206 2238; x_wconf 87' lang='lat' dir='ltr'><strong>nataretque</strong></span> <span class='ocrx_word' id='word_1_172' title='bbox 1243 2161 1394 2218; x_wconf 87' lang='lat' dir='ltr'><strong>inter</strong></span> <span class='ocrx_word' id='word_1_173' title='bbox 1429 2159 1858 2238; x_wconf 78' lang='lat' dir='ltr'><strong>vulgatissimas</strong></span> <span class='ocrx_word' id='word_1_174' title='bbox 1880 2159 2240 2220; x_wconf 87' lang='lat' dir='ltr'><strong>meretrices.</strong></span> 
     </span>
     <span class='ocr_line' id='line_1_23' title="bbox 234 2241 2241 2321; baseline -0.001 -16"><span class='ocrx_word' id='word_1_175' title='bbox 234 2243 457 2307; x_wconf 85' lang='lat' dir='ltr'><strong>Fratris</strong></span> <span class='ocrx_word' id='word_1_176' title='bbox 491 2242 698 2321; x_wconf 87' lang='lat' dir='ltr'><strong>filiam,</strong></span> <span class='ocrx_word' id='word_1_177' title='bbox 738 2241 923 2304; x_wconf 88' lang='lat' dir='ltr'><strong>adhuc</strong></span> <span class='ocrx_word' id='word_1_178' title='bbox 959 2243 1242 2321; x_wconf 84' lang='lat' dir='ltr'><strong>virginem</strong></span> <span class='ocrx_word' id='word_1_179' title='bbox 1286 2243 1540 2304; x_wconf 88' lang='lat' dir='ltr'><strong>oblatam</strong></span> <span class='ocrx_word' id='word_1_180' title='bbox 1583 2245 1640 2304; x_wconf 87' lang='lat' dir='ltr'><strong>in</strong></span> <span class='ocrx_word' id='word_1_181' title='bbox 1675 2245 2092 2304; x_wconf 88' lang='lat' dir='ltr'><strong>matrimonium</strong></span> <span class='ocrx_word' id='word_1_182' title='bbox 2131 2242 2241 2303; x_wconf 87' lang='lat' dir='ltr'><strong>sibi</strong></span> 
     </span>
    </p>

    <p class='ocr_par' dir='ltr' id='par_1_9' title="bbox 149 2325 2280 2492">
     <span class='ocr_line' id='line_1_24' title="bbox 149 2325 2280 2406; baseline -0.001 -18"><span class='ocrx_word' id='word_1_183' title='bbox 149 2351 159 2356; x_wconf 69' lang='grc'><strong>’</strong></span> <span class='ocrx_word' id='word_1_184' title='bbox 237 2345 366 2388; x_wconf 88' lang='lat' dir='ltr'><strong>cum</strong></span> <span class='ocrx_word' id='word_1_185' title='bbox 388 2325 691 2387; x_wconf 84' lang='lat' dir='ltr'><strong>devinctus</strong></span> <span class='ocrx_word' id='word_1_186' title='bbox 714 2326 1001 2389; x_wconf 89' lang='lat' dir='ltr'><strong>Domitiae</strong></span> <span class='ocrx_word' id='word_1_187' title='bbox 1024 2327 1237 2406; x_wconf 89' lang='lat' dir='ltr'><strong>nuptiis</strong></span> <span class='ocrx_word' id='word_1_188' title='bbox 1258 2328 1721 2406; x_wconf 88' lang='lat' dir='ltr'><strong>pertinacissime</strong></span> <span class='ocrx_word' id='word_1_189' title='bbox 1745 2336 2100 2404; x_wconf 88' lang='lat' dir='ltr'><strong>recusasset,</strong></span> <span class='ocrx_word' id='word_1_190' title='bbox 2125 2345 2242 2387; x_wconf 89' lang='lat' dir='ltr'><strong>non</strong></span> <span class='ocrx_word' id='word_1_191' title='bbox 2269 2343 2280 2354; x_wconf 82' lang='lat'><strong>·</strong></span> 
     </span>
     <span class='ocr_line' id='line_1_25' title="bbox 232 2410 2240 2492; baseline -0 -21"><span class='ocrx_word' id='word_1_192' title='bbox 232 2410 413 2471; x_wconf 87' lang='lat' dir='ltr'><strong>multo</strong></span> <span class='ocrx_word' id='word_1_193' title='bbox 442 2419 579 2488; x_wconf 88' lang='lat' dir='ltr'><strong>post</strong></span> <span class='ocrx_word' id='word_1_194' title='bbox 611 2411 707 2471; x_wconf 88' lang='lat' dir='ltr'><strong>alii</strong></span> <span class='ocrx_word' id='word_1_195' title='bbox 743 2411 1143 2488; x_wconf 88' lang='lat' dir='ltr'><strong>conlocatam,</strong></span> <span class='ocrx_word' id='word_1_196' title='bbox 1170 2413 1430 2491; x_wconf 89' lang='lat' dir='ltr'><strong>corrupit</strong></span> <span class='ocrx_word' id='word_1_197' title='bbox 1453 2412 1605 2473; x_wconf 91' lang='lat' dir='ltr'><strong>ultro</strong></span> <span class='ocrx_word' id='word_1_198' title='bbox 1635 2420 1694 2471; x_wconf 93' lang='lat' dir='ltr'><strong>et</strong></span> <span class='ocrx_word' id='word_1_199' title='bbox 1727 2412 1955 2492; x_wconf 89' lang='lat' dir='ltr'><strong>quidem</strong></span> <span class='ocrx_word' id='word_1_200' title='bbox 1988 2413 2124 2471; x_wconf 80' lang='lat' dir='ltr'><strong>vivo</strong></span> <span class='ocrx_word' id='word_1_201' title='bbox 2159 2419 2240 2470; x_wconf 88' lang='lat' dir='ltr'><strong>et-</strong></span> 
     </span>
    </p>

    <p class='ocr_par' dir='ltr' id='par_1_10' title="bbox 146 2493 2242 2740">
     <span class='ocr_line' id='line_1_26' title="bbox 146 2493 2240 2576; baseline -0 -21"><span class='ocrx_word' id='word_1_202' title='bbox 146 2513 211 2555; x_wconf 79' lang='lat'><strong>25</strong></span> <span class='ocrx_word' id='word_1_203' title='bbox 233 2497 349 2555; x_wconf 91' lang='lat' dir='ltr'><strong>iam</strong></span> <span class='ocrx_word' id='word_1_204' title='bbox 372 2503 488 2553; x_wconf 89' lang='lat' dir='ltr'><strong>tum</strong></span> <span class='ocrx_word' id='word_1_205' title='bbox 511 2493 673 2563; x_wconf 89' lang='lat' dir='ltr'><strong>Tito;</strong></span> <span class='ocrx_word' id='word_1_206' title='bbox 709 2511 848 2554; x_wconf 89' lang='lat' dir='ltr'><strong>mox</strong></span> <span class='ocrx_word' id='word_1_207' title='bbox 869 2504 1035 2573; x_wconf 89' lang='lat' dir='ltr'><strong>patre</strong></span> <span class='ocrx_word' id='word_1_208' title='bbox 1062 2511 1131 2555; x_wconf 88' lang='lat' dir='ltr'><strong>ac</strong></span> <span class='ocrx_word' id='word_1_209' title='bbox 1152 2496 1279 2555; x_wconf 84' lang='lat' dir='ltr'><strong>viro</strong></span> <span class='ocrx_word' id='word_1_210' title='bbox 1305 2494 1566 2557; x_wconf 88' lang='lat' dir='ltr'><strong>orbatam</strong></span> <span class='ocrx_word' id='word_1_211' title='bbox 1598 2494 1998 2556; x_wconf 88' lang='lat' dir='ltr'><strong>ardentissime</strong></span> <span class='ocrx_word' id='word_1_212' title='bbox 2026 2495 2240 2576; x_wconf 90' lang='lat' dir='ltr'><strong>palam-</strong></span> 
     </span>
     <span class='ocr_line' id='line_1_27' title="bbox 235 2577 2242 2660; baseline 0 -23"><span class='ocrx_word' id='word_1_213' title='bbox 235 2595 355 2658; x_wconf 89' lang='lat' dir='ltr'><strong>que</strong></span> <span class='ocrx_word' id='word_1_214' title='bbox 380 2577 599 2654; x_wconf 86' lang='lat' dir='ltr'><strong>dilexit,</strong></span> <span class='ocrx_word' id='word_1_215' title='bbox 624 2587 684 2636; x_wconf 89' lang='lat' dir='ltr'><strong>ut</strong></span> <span class='ocrx_word' id='word_1_216' title='bbox 712 2579 881 2638; x_wconf 88' lang='lat' dir='ltr'><strong>etiam</strong></span> <span class='ocrx_word' id='word_1_217' title='bbox 906 2597 1080 2640; x_wconf 88' lang='lat' dir='ltr'><strong>causa</strong></span> <span class='ocrx_word' id='word_1_218' title='bbox 1105 2581 1307 2639; x_wconf 89' lang='lat' dir='ltr'><strong>mortis</strong></span> <span class='ocrx_word' id='word_1_219' title='bbox 1340 2580 1594 2640; x_wconf 87' lang='lat' dir='ltr'><strong>extiterit</strong></span> <span class='ocrx_word' id='word_1_220' title='bbox 1618 2588 1858 2642; x_wconf 88' lang='lat' dir='ltr'><strong>coactae</strong></span> <span class='ocrx_word' id='word_1_221' title='bbox 1895 2589 2242 2660; x_wconf 88' lang='lat' dir='ltr'><strong>conceptum</strong></span> 
     </span>
     <span class='ocr_line' id='line_1_28' title="bbox 232 2661 1682 2740; baseline -0.003 -17"><span class='ocrx_word' id='word_1_222' title='bbox 232 2681 268 2723; x_wconf 85' lang='lat' dir='ltr'><strong>a</strong></span> <span class='ocrx_word' id='word_1_223' title='bbox 296 2679 364 2722; x_wconf 93' lang='lat' dir='ltr'><strong>se</strong></span> <span class='ocrx_word' id='word_1_224' title='bbox 388 2661 651 2740; x_wconf 82' lang='lat' dir='ltr'><strong>abigere.</strong></span> <span class='ocrx_word' id='word_1_225' title='bbox 1677 2669 1682 2676; x_wconf 84' lang='lat'>&#39;</span> 
     </span>
    </p>

    <p class='ocr_par' dir='ltr' id='par_1_11' title="bbox 232 2744 2328 2911">
     <span class='ocr_line' id='line_1_29' title="bbox 365 2744 2328 2826; baseline 0.001 -20"><span class='ocrx_word' id='word_1_226' title='bbox 365 2744 635 2806; x_wconf 89' lang='lat' dir='ltr'><strong>Occisum</strong></span> <span class='ocrx_word' id='word_1_227' title='bbox 665 2764 795 2806; x_wconf 91' lang='lat' dir='ltr'><strong>eum</strong></span> <span class='ocrx_word' id='word_1_228' title='bbox 820 2747 1075 2825; x_wconf 88' lang='lat' dir='ltr'><strong>populus</strong></span> <span class='ocrx_word' id='word_1_229' title='bbox 1108 2746 1537 2825; x_wconf 68' lang='lat' dir='ltr'><strong>indifferenter,</strong></span> <span class='ocrx_word' id='word_1_230' title='bbox 1561 2748 1728 2808; x_wconf 88' lang='lat' dir='ltr'><strong>miles</strong></span> <span class='ocrx_word' id='word_1_231' title='bbox 1752 2748 2095 2826; x_wconf 78' lang='lat' dir='ltr'><strong>gravissime</strong></span> <span class='ocrx_word' id='word_1_232' title='bbox 2117 2746 2244 2806; x_wconf 85' lang='lat' dir='ltr'><strong>tulit</strong></span> <span class='ocrx_word' id='word_1_233' title='bbox 2261 2753 2328 2807; x_wconf 79' lang='lat'><strong>23</strong></span> 
     </span>
     <span class='ocr_line' id='line_1_30' title="bbox 232 2826 2246 2911; baseline -0.001 -21"><span class='ocrx_word' id='word_1_234' title='bbox 232 2831 541 2910; x_wconf 87' lang='lat' dir='ltr'><strong>statimque</strong></span> <span class='ocrx_word' id='word_1_235' title='bbox 571 2831 779 2890; x_wconf 83' lang='lat' dir='ltr'><strong>Divum</strong></span> <span class='ocrx_word' id='word_1_236' title='bbox 802 2831 1106 2910; x_wconf 91' lang='lat' dir='ltr'><strong>appellare</strong></span> <span class='ocrx_word' id='word_1_237' title='bbox 1132 2841 1373 2893; x_wconf 89' lang='lat' dir='ltr'><strong>conatus</strong></span> <span class='ocrx_word' id='word_1_238' title='bbox 1396 2840 1510 2908; x_wconf 91' lang='lat' dir='ltr'><strong>est,</strong></span> <span class='ocrx_word' id='word_1_239' title='bbox 1534 2839 1770 2911; x_wconf 89' lang='lat' dir='ltr'><strong>paratus</strong></span> <span class='ocrx_word' id='word_1_240' title='bbox 1795 2839 1854 2890; x_wconf 92' lang='lat' dir='ltr'><strong>et</strong></span> <span class='ocrx_word' id='word_1_241' title='bbox 1881 2826 2107 2907; x_wconf 86' lang='lat' dir='ltr'><strong>ulcisci,</strong></span> <span class='ocrx_word' id='word_1_242' title='bbox 2135 2830 2246 2890; x_wconf 87' lang='lat' dir='ltr'><strong>nisi</strong></span> 
     </span>
    </p>

    <p class='ocr_par' dir='ltr' id='par_1_12' title="bbox 140 2913 2248 3330">
     <span class='ocr_line' id='line_1_31' title="bbox 140 2913 2244 2996; baseline -0.002 -19"><span class='ocrx_word' id='word_1_243' title='bbox 140 2937 207 2978; x_wconf 82' lang='lat'><strong>30</strong></span> <span class='ocrx_word' id='word_1_244' title='bbox 235 2914 421 2975; x_wconf 88' lang='lat' dir='ltr'><strong>duces</strong></span> <span class='ocrx_word' id='word_1_245' title='bbox 456 2914 805 2985; x_wconf 59' lang='lat' dir='ltr'><strong>defuissenn</strong></span> <span class='ocrx_word' id='word_1_246' title='bbox 843 2913 998 2994; x_wconf 89' lang='lat' dir='ltr'><strong>quod</strong></span> <span class='ocrx_word' id='word_1_247' title='bbox 1030 2915 1255 2993; x_wconf 89' lang='lat' dir='ltr'><strong>quidem</strong></span> <span class='ocrx_word' id='word_1_248' title='bbox 1279 2915 1453 2995; x_wconf 88' lang='lat' dir='ltr'><strong>paulo</strong></span> <span class='ocrx_word' id='word_1_249' title='bbox 1484 2924 1620 2996; x_wconf 91' lang='lat' dir='ltr'><strong>post</strong></span> <span class='ocrx_word' id='word_1_250' title='bbox 1652 2914 1821 2992; x_wconf 81' lang='lat' dir='ltr'><strong>fecit,</strong></span> <span class='ocrx_word' id='word_1_251' title='bbox 1861 2913 2244 2994; x_wconf 84' lang='lat' dir='ltr'><strong>expostulatis</strong></span> 
     </span>
     <span class='ocr_line' id='line_1_32' title="bbox 226 2995 2245 3078; baseline -0.001 -19"><span class='ocrx_word' id='word_1_252' title='bbox 226 2998 309 3060; x_wconf 87' lang='lat' dir='ltr'><strong>ad</strong></span> <span class='ocrx_word' id='word_1_253' title='bbox 333 3015 585 3078; x_wconf 89' lang='lat' dir='ltr'><strong>poenam</strong></span> <span class='ocrx_word' id='word_1_254' title='bbox 615 2999 1077 3077; x_wconf 88' lang='lat' dir='ltr'><strong>pertinacissime</strong></span> <span class='ocrx_word' id='word_1_255' title='bbox 1114 2999 1311 3060; x_wconf 88' lang='lat' dir='ltr'><strong>caedis</strong></span> <span class='ocrx_word' id='word_1_256' title='bbox 1340 2998 1693 3060; x_wconf 80' lang='lat' dir='ltr'><strong>auctoribus.</strong></span> <span class='ocrx_word' id='word_1_257' title='bbox 1762 2995 1980 3058; x_wconf 83' lang='lat' dir='ltr'><strong>Contra</strong></span> <span class='ocrx_word' id='word_1_258' title='bbox 2010 3006 2245 3058; x_wconf 87' lang='lat' dir='ltr'><strong>senatus</strong></span> 
     </span>
     <span class='ocr_line' id='line_1_33' title="bbox 226 3082 2242 3164; baseline -0.002 -21"><span class='ocrx_word' id='word_1_259' title='bbox 226 3082 386 3143; x_wconf 89' lang='lat' dir='ltr'><strong>adeo</strong></span> <span class='ocrx_word' id='word_1_260' title='bbox 422 3083 669 3142; x_wconf 88' lang='lat' dir='ltr'><strong>laetatus</strong></span> <span class='ocrx_word' id='word_1_261' title='bbox 702 3091 828 3160; x_wconf 88' lang='lat' dir='ltr'><strong>est,</strong></span> <span class='ocrx_word' id='word_1_262' title='bbox 858 3092 920 3143; x_wconf 89' lang='lat' dir='ltr'><strong>ut</strong></span> <span class='ocrx_word' id='word_1_263' title='bbox 955 3083 1183 3164; x_wconf 88' lang='lat' dir='ltr'><strong>repleta</strong></span> <span class='ocrx_word' id='word_1_264' title='bbox 1220 3086 1482 3144; x_wconf 89' lang='lat' dir='ltr'><strong>certatim</strong></span> <span class='ocrx_word' id='word_1_265' title='bbox 1521 3085 1680 3144; x_wconf 87' lang='lat' dir='ltr'><strong>curia</strong></span> <span class='ocrx_word' id='word_1_266' title='bbox 1715 3100 1832 3144; x_wconf 87' lang='lat' dir='ltr'><strong>non</strong></span> <span class='ocrx_word' id='word_1_267' title='bbox 1867 3090 2242 3160; x_wconf 88' lang='lat' dir='ltr'><strong>temperaret,</strong></span> 
     </span>
     <span class='ocr_line' id='line_1_34' title="bbox 229 3165 2244 3248; baseline -0.001 -22"><span class='ocrx_word' id='word_1_268' title='bbox 229 3166 374 3246; x_wconf 87' lang='lat' dir='ltr'><strong>quin</strong></span> <span class='ocrx_word' id='word_1_269' title='bbox 404 3175 687 3227; x_wconf 88' lang='lat' dir='ltr'><strong>mortuum</strong></span> <span class='ocrx_word' id='word_1_270' title='bbox 721 3167 1303 3228; x_wconf 85' lang='lat' dir='ltr'><strong>contumeliosissimo</strong></span> <span class='ocrx_word' id='word_1_271' title='bbox 1336 3176 1508 3248; x_wconf 91' lang='lat' dir='ltr'><strong>atque</strong></span> <span class='ocrx_word' id='word_1_272' title='bbox 1543 3167 1923 3228; x_wconf 85' lang='lat' dir='ltr'><strong>acerbissimo</strong></span> <span class='ocrx_word' id='word_1_273' title='bbox 1957 3165 2244 3226; x_wconf 89' lang='lat' dir='ltr'><strong>adclama-</strong></span> 
     </span>
     <span class='ocr_line' id='line_1_35' title="bbox 227 3250 2248 3330; baseline -0.001 -19"><span class='ocrx_word' id='word_1_274' title='bbox 227 3253 454 3312; x_wconf 87' lang='lat' dir='ltr'><strong>tionum</strong></span> <span class='ocrx_word' id='word_1_275' title='bbox 489 3267 716 3328; x_wconf 83' lang='lat' dir='ltr'><strong>genere</strong></span> <span class='ocrx_word' id='word_1_276' title='bbox 750 3250 1079 3330; x_wconf 87' lang='lat' dir='ltr'><strong>laceraret,</strong></span> <span class='ocrx_word' id='word_1_277' title='bbox 1119 3253 1314 3313; x_wconf 89' lang='lat' dir='ltr'><strong>scalas</strong></span> <span class='ocrx_word' id='word_1_278' title='bbox 1351 3253 1522 3312; x_wconf 90' lang='lat' dir='ltr'><strong>etiam</strong></span> <span class='ocrx_word' id='word_1_279' title='bbox 1556 3251 1755 3311; x_wconf 82' lang='lat' dir='ltr'><strong>inferri</strong></span> <span class='ocrx_word' id='word_1_280' title='bbox 1800 3251 2147 3330; x_wconf 88' lang='lat' dir='ltr'><strong>clipeosque</strong></span> <span class='ocrx_word' id='word_1_281' title='bbox 2189 3257 2248 3308; x_wconf 88' lang='lat' dir='ltr'><strong>et</strong></span> 
     </span>
    </p>

    <p class='ocr_par' dir='ltr' id='par_1_13' title="bbox 140 3333 2247 3564">
     <span class='ocr_line' id='line_1_36' title="bbox 140 3333 2246 3412; baseline -0.001 -18"><span class='ocrx_word' id='word_1_282' title='bbox 140 3364 207 3406; x_wconf 80' lang='lat'><strong>35</strong></span> <span class='ocrx_word' id='word_1_283' title='bbox 231 3337 525 3412; x_wconf 79' lang='lat' dir='ltr'><strong>imagines</strong></span> <span class='ocrx_word' id='word_1_284' title='bbox 558 3335 685 3395; x_wconf 89' lang='lat' dir='ltr'><strong>eius</strong></span> <span class='ocrx_word' id='word_1_285' title='bbox 720 3352 915 3396; x_wconf 88' lang='lat' dir='ltr'><strong>coram</strong></span> <span class='ocrx_word' id='word_1_286' title='bbox 940 3336 1163 3396; x_wconf 89' lang='lat' dir='ltr'><strong>detrahi</strong></span> <span class='ocrx_word' id='word_1_287' title='bbox 1190 3345 1247 3397; x_wconf 90' lang='lat' dir='ltr'><strong>et</strong></span> <span class='ocrx_word' id='word_1_288' title='bbox 1270 3335 1484 3395; x_wconf 88' lang='lat' dir='ltr'><strong>ibidem</strong></span> <span class='ocrx_word' id='word_1_289' title='bbox 1507 3335 1638 3396; x_wconf 93' lang='lat' dir='ltr'><strong>solo</strong></span> <span class='ocrx_word' id='word_1_290' title='bbox 1661 3335 1844 3412; x_wconf 83' lang='lat' dir='ltr'><strong>affligi</strong></span> <span class='ocrx_word' id='word_1_291' title='bbox 1867 3333 2115 3411; x_wconf 89' lang='lat' dir='ltr'><strong>iuberet,</strong></span> <span class='ocrx_word' id='word_1_292' title='bbox 2141 3350 2246 3392; x_wconf 88' lang='lat' dir='ltr'><strong>no-</strong></span> 
     </span>
     <span class='ocr_line' id='line_1_37' title="bbox 229 3417 2247 3500; baseline -0.001 -22"><span class='ocrx_word' id='word_1_293' title='bbox 229 3420 473 3479; x_wconf 81' lang='lat' dir='ltr'><strong>vissime</strong></span> <span class='ocrx_word' id='word_1_294' title='bbox 508 3417 833 3479; x_wconf 91' lang='lat' dir='ltr'><strong>eradendos</strong></span> <span class='ocrx_word' id='word_1_295' title='bbox 865 3419 1079 3498; x_wconf 90' lang='lat' dir='ltr'><strong>ubique</strong></span> <span class='ocrx_word' id='word_1_296' title='bbox 1128 3420 1327 3480; x_wconf 89' lang='lat' dir='ltr'><strong>titulos</strong></span> <span class='ocrx_word' id='word_1_297' title='bbox 1365 3418 1824 3500; x_wconf 89' lang='lat' dir='ltr'><strong>abolendamque</strong></span> <span class='ocrx_word' id='word_1_298' title='bbox 1861 3436 2087 3478; x_wconf 87' lang='lat' dir='ltr'><strong>omnem</strong></span> <span class='ocrx_word' id='word_1_299' title='bbox 2127 3435 2247 3476; x_wconf 90' lang='lat' dir='ltr'><strong>me-</strong></span> 
     </span>
     <span class='ocr_line' id='line_1_38' title="bbox 228 3503 868 3564; baseline -0.002 -2"><span class='ocrx_word' id='word_1_300' title='bbox 228 3503 477 3564; x_wconf 90' lang='lat' dir='ltr'><strong>moriam</strong></span> <span class='ocrx_word' id='word_1_301' title='bbox 503 3503 868 3564; x_wconf 90' lang='lat' dir='ltr'><strong>decerneret.</strong></span> 
     </span>
    </p>

    <p class='ocr_par' dir='ltr' id='par_1_14' title="bbox 365 3581 2246 3666">
     <span class='ocr_line' id='line_1_39' title="bbox 365 3581 2246 3666; baseline -0.003 -21"><span class='ocrx_word' id='word_1_302' title='bbox 365 3584 517 3646; x_wconf 83' lang='lat' dir='ltr'><strong>Ante</strong></span> <span class='ocrx_word' id='word_1_303' title='bbox 544 3605 767 3666; x_wconf 89' lang='lat' dir='ltr'><strong>paucos</strong></span> <span class='ocrx_word' id='word_1_304' title='bbox 792 3605 959 3666; x_wconf 89' lang='lat' dir='ltr'><strong>quam</strong></span> <span class='ocrx_word' id='word_1_305' title='bbox 984 3586 1353 3648; x_wconf 89' lang='lat' dir='ltr'><strong>occideretur</strong></span> <span class='ocrx_word' id='word_1_306' title='bbox 1374 3603 1608 3647; x_wconf 90' lang='lat' dir='ltr'><strong>menses</strong></span> <span class='ocrx_word' id='word_1_307' title='bbox 1638 3589 1843 3648; x_wconf 86' lang='lat' dir='ltr'><strong>cornix</strong></span> <span class='ocrx_word' id='word_1_308' title='bbox 1871 3589 1930 3646; x_wconf 83' lang='lat' dir='ltr'><strong>iu</strong></span> <span class='ocrx_word' id='word_1_309' title='bbox 1956 3581 2246 3664; x_wconf 86' lang='lat' dir='ltr'><strong>Capitolio</strong></span> 
     </span>
    </p>
   </div>
  </div>
 </body>
</html>
