2700 4234
489 336 1048 387 DEPERDITORUM
1089 337 1452 385 LIBRORUM
1495 338 1898 399 mmmmm.
1964 356 1973 369 -
2083 330 2207 390 277

502 480 778 573 βέβληκ’
803 482 874 552 ’A
873 480 1136 588 χιλλεῦς
1171 482 1294 553 δύο
1333 482 1521 571 κύβω
1552 485 1665 553 καὶ
1692 488 1967 595 τέτταρα

197 571 307 638 καὶ
347 570 522 656 ἑξῆς·
574 571 752 655 λέγει
771 563 930 676 γὰρ
973 565 1098 634 δύο
1143 566 1442 677 μονάδας
1486 568 1597 636 καὶ
1631 570 1935 673 τέτταρα.
1994 577 2205 641 ἔκειτο

38 728 40 731 ,
200 648 328 723 δ’ὁ
362 660 578 739 στίχος
606 656 679 721 ἐν
707 654 797 743 τῷ
825 652 1206 754 Εὐριπίδου
1233 654 1525 753 Τηλέφῳ
1568 648 1699 720 σῦν
1728 650 1954 732 αλλοις
1982 660 2209 742 ἰαμβι-

87 804 89 806 .
199 752 362 847 κοῖς,
395 743 565 805 ἔνθα
593 720 1009 843 κυβεύοντας
1037 730 1196 840 τους
1222 730 1447 822 ἥρωας
1456 718 1807 839 εἰσήγαγε.
1841 743 2209 827 περιῃρέθη

151 843 176 882 5
201 824 305 905 δέ,
357 841 597 929 φησιν,
648 818 811 887 ὅλον
859 820 1074 886 ἐκεῖνο
1117 814 1194 885 τό
1248 816 1659 923 ἐπεισόδιον,
1719 808 2209 926 χλευασθέντος
2304 846 2309 849 ·

197 907 297 972 ἐπ’
344 902 524 1010 αὐτῷ
561 908 686 971 τοῦ
713 900 1100 1006 ποιήματος.
1157 904 1360 997 Λέγει
1387 898 1524 969 δὲ“
1491 928 1528 970 ο
1559 906 1767 971 ταῦτα
1796 904 2209 1005 παραδιδούς

197 988 308 1055 καὶ
346 983 436 1069 ὥς
475 976 555 1055 οἰ
585 991 692 1092 τῇ
705 989 937 1077 παιδιᾷ
974 983 1181 1073 ταύτῃ
1222 994 1554 1095 χρωμενοι
1597 982 1728 1055 άπὸ
1772 990 1906 1055 τῶν
1954 991 2029 1057 ἐν
2070 1004 2209 1068 τοῖς

195 1071 430 1159 κύβοις
479 1069 830 1177 τρημάτων
881 1059 1268 1176 τρηματῑται
1317 1072 1662 1156 ἐλέγοντο,
1721 1071 2045 1159 παράγων
2096 1076 2208 1141 καὶ

196 1160 432 1243 χρῆσιν
459 1153 834 1259 Σώφρονος
861 1156 971 1222 τό·

126 1262 178 1305 10
501 1237 863 1343 δειπνήσας
895 1232 1230 1342 ωστίζεται
1259 1252 1397 1315 τοις
1426 1236 2036 1345 τρηματιζόντεσσι·

197 1318 376 1391 καὶ
351 1319 452 1391 ότι
482 1322 921 1431 ἐσπούδαζετο
962 1317 1004 1407 ἡ
1036 1327 1276 1408 κυβεία
1307 1318 1393 1388 ού
1420 1322 1635 1426 μόνον
1664 1318 1843 1427 παρὰ
1874 1331 2205 1434 Σικελοῖς,

197 1402 366 1474 ἄλλα
393 1407 504 1475 καὶ
525 1402 903 1512 Ἀθηναίοις
927 1458 945 1490 ,
979 1412 1048 1473 οἳ
1069 1405 1180 1473 καὶ
1202 1407 1275 1472 ἐν
1304 1408 1521 1511 ἱεροῖς
1549 1401 2018 1519 ἀθροιζόμενοι
2048 1408 2206 1477 ἐκύ-

194 1497 438 1578 βευον,
475 1490 588 1559 καὶ
613 1489 898 1601 μάλιστα
933 1492 1007 1556 ἐν
1037 1492 1129 1579 τῷ
1156 1492 1271 1575 τῆς
1301 1487 1637 1593 Σκιράδος
1651 1492 1940 1593 Ἀθηνᾶς
1980 1496 2074 1583 τῷ
2100 1494 2205 1561 ἐπὶ

196 1582 440 1679 σκίρω,
472 1569 583 1661 ἀφ’
626 1562 712 1641 οὗ
747 1574 856 1641 και
889 1568 971 1640 τά
999 1557 1167 1639 αλλα
1196 1572 1603 1683 κυβευτήρια
1646 1574 2000 1672 σκιράφεια
2024 1562 2205 1645 ’ὦνο-

128 1681 176 1721 15
195 1628 462 1744 μάζετο·
525 1660 591 1739 ἐξ
649 1684 744 1725 ων
796 1656 904 1725 καὶ
959 1655 1176 1723 πάντα
1223 1660 1304 1723 τὰ
1345 1656 1881 1757 πανουργήματα
1925 1656 2034 1725 διά
2072 1656 2206 1765 τὴν

197 1744 302 1893 εἷς
327 1747 736 1829 σκιραφείοις
781 1744 1222 1831 ῥᾳδιουργίαν
1268 1746 1588 1827 σκίραφοι
1635 1742 2019 1810 ἐκαλοῦντο.
2072 1738 2207 1811 Ιπ-

196 1849 247 1892 π
306 1830 454 1905 ναξ·

503 1915 571 1975 τί
591 1934 673 1994 με
704 1908 1054 1996 σκιράφοις
1083 1905 1483 1989 άτιτάλλεις;

187 1997 612 2103 Πεποίηνται
641 1994 746 2077 δέ,
799 2010 996 2096 φησι,
1043 1994 1154 2059 καὶ
1181 1992 1546 2099 προστάται
1588 1996 1711 2063 τοῦ
1746 1992 1919 2063 ούτω
1950 2000 2205 2075 παίζειν

124 2102 178 2143 20
187 2071 425 2162 Ἐρμῆς
450 2076 560 2143 καὶ
586 2074 764 2162 Πάν,
797 2072 980 2143 καθά
973 2080 1120 2179 τῆς
1198 2080 1472 2181 ουσικῆς
1492 2072 1834 2146 Ἀπόλλων
1864 2076 1973 2145 καὶ
2002 2082 2207 2146 Μοῦ-

197 2178 330 2226 σαι.
415 2156 586 2238 Τους
625 2158 697 2227 δὲ
740 2157 1030 2237 πεσσούς
1075 2167 1112 2227 λ
1152 2186 1252 2247 γει
1297 2158 1568 2267 ψήφους
1608 2162 1778 2230 εἶναι
1815 2162 2046 2268 πέντε,
2102 2156 2205 2240 αἷς

196 2242 305 2309 ἐπὶ
358 2244 554 2311 πέντε
611 2246 932 2349 γραμμῶν
979 2249 1246 2346 ἔπαιζον
1277 2244 1738 2351 ἑκατέρωθεν,
1784 2249 1896 2312 ινα
1928 2214 2206 2323 ἕκαστος

195 2352 334 2393 των
364 2326 823 2395 πεττευόντων
851 2333 964 2430 ἔχῃ
992 2322 1108 2405 τάς
1136 2322 1294 2394 καθ’
1331 2328 1591 2396 ἑαυτόν.
1659 2331 2048 2415 Σοφοκλῆς·

529 2411 638 2477 καὶ
669 2406 882 2477 πεσσά
910 2409 1385 2511 πεντάγραμμα
1414 2411 1524 2478 καὶ
1552 2410 1784 2497 κύβων
1813 2418 2031 2515 βολαί

122 2523 174 2561 25
196 2500 642 2599 Παρετείνετο
675 2495 780 2579 δέ,
833 2512 1029 2601 φησι,
1059 2498 1148 2561 δι’
1181 2498 1403 2562 αὐτων
1436 2494 1545 2562 καὶ
1570 2500 1732 2582 μέση
1763 2522 1938 2583 γραμ
1988 2493 2061 2583 ή,
2116 2490 2205 2579 ἢν

192 2576 388 2663 ίεραν
416 2571 788 2683 ὠνόμαζον,
831 2575 966 2683 (ὡς
979 2577 1290 2689 ανωτέρω
1341 2582 1683 2682 δηλοῦται)
1726 2580 1865 2647 ἐπεὶ
1996 2580 2202 2647 νικω-

189 2686 397 2746 μενος
427 2656 533 2727 ἐπ’
568 2660 849 2772 έσζάτην
884 2657 1094 2749 αὐτὴν
1121 2666 1306 2729 ἵεται.
1359 2658 1527 2730 όθεν
1555 2664 1666 2731 καὶ
1696 2669 2045 2771 παροιμία·
2095 2690 2202 2731 κι-

189 2756 344 2811 νεῖν
389 2740 510 2811 τόν
549 2770 645 2829 αφ
701 2748 912 2853 ἱερᾶς,
955 2752 1158 2813 λίθον
1201 2744 1487 2832 δηλαδή,
1542 2748 1647 2814 ἐπὶ
1706 2773 1839 2814 των
1893 2742 2201 2835 άπεγνω-

192 2827 464 2913 σμένων
497 2828 608 2894 καὶ
636 2830 942 2935 ἐσχατης
940 2836 1278 2932 βοηθείας
1310 2832 1668 2938 δεομένων.
1730 2828 2075 2931 Σώφρων·

118 2945 170 2985 30
507 2910 758 3015 κινήσω
815 2906 887 2979 δ’
913 2908 1038 2999 ἤδη
1067 2914 1180 2980 καὶ
1209 2913 1318 2980 καὶ
1345 2917 1465 2982 τὸν
1493 2910 1602 3000 ἀφ’
1646 2918 1855 3002 ἱερας·

183 2988 494 3071 Ἀλκαῖος
524 2996 600 3063 δέ
626 3014 832 3081 φησιν
862 2998 934 3063 ἐκ
973 2995 1347 3101 πλήρους·

332 3124 355 3141 -.
973 3084 1138 3186 μῦν
1167 3075 1228 3146 δ’
1263 3068 1461 3158 οὗτος
1490 3082 1822 3185 ἐπικρετεῑ·

500 3162 786 3273 κινήσας
805 3158 926 3232 τὸν
952 3159 1066 3231 ἀπ’
1103 3166 1248 3250 ίρᾶς
1277 3160 1566 3232 πυκινὸν
1598 3170 1818 3234 λίθον.

200 3248 533 3314 Τοιοῦτον
562 3245 636 3315 δὲ
681 3247 792 3315 καὶ
783 3245 998 3354 ,παρὰ
1035 3253 1403 3353 Θεοκρίτῳ
1401 3246 1508 3315 τό·

117 3351 170 3393 35
611 3326 729 3397 τὸν
761 3327 889 3401 ἀπὸ
922 3335 1223 3435 γραμμᾶς
1249 3330 1499 3418 κινήσω
1530 3337 1751 3399 λίθον.

185 3410 556 3515 Διοδωρου
585 3416 693 3499 δέ,
731 3433 918 3520 φησι,
948 3421 1072 3483 τοῦ
1101 3419 1517 3515 Μεγαρικοῦ
1528 3414 1882 3519 ἐνάγοντος
1912 3410 2030 3483 τὸν
2058 3441 2200 3483 τοι-

179 3500 403 3564 οῦτον
454 3502 658 3565 λίθον
719 3503 811 3576 εἰς
862 3494 1218 3586 ὁμοιότητα
1265 3501 1380 3607 τής
1426 3524 1560 3565 των
1586 3495 1865 3600 αστρων
1914 3504 2223 3585 χορείας,

180 3582 532 3667 Κλέαρχος
578 3595 716 3659 τοῖς
769 3562 968 3652 πέντε
996 3583 1160 3670 φησὶ
1203 3583 1537 3669 πλάνησιν
1565 3578 1941 3668 ἀναλογεῖν.
2002 3580 2199 3665 Λέγει
