2700 4234
931 302 1342 353 PRAEFATIO.
1436 300 1439 303 ’
1894 306 2035 354 xm*

255 463 518 520 eommunis
563 452 576 539 Ι
623 466 692 519 36
722 459 1002 530 Esquilino
1047 461 1154 515 cod
1175 461 1342 517 Basil.
1391 463 1460 517 al.
1504 462 1644 517 Edd.
1690 478 1793 534 pro
1826 463 2029 536 Esqui-

250 550 354 603 linio
379 540 404 623 ΙΙ
438 550 556 614 161,
595 550 630 603 6
663 542 871 599 Christo
904 542 1158 613 Orosius,
1190 546 1498 601 Beroaldus
1538 538 1549 623 Ι
1587 552 1655 604 12
1683 546 2027 617 Dryidarum

247 646 356 701 ego.
391 628 734 683 Druidarum
775 627 893 682 Exo
913 626 1082 682 Noti-e
1106 628 1297 697 Dame‚
1331 630 1438 687 eod
1462 629 1625 686 Basil.
1664 630 1733 685 al.
1767 629 2027 685 Erasmus

243 730 330 785 pro
360 712 704 768 Driadarum
733 712 824 765 vel
853 710 1218 783 Dryadarum
1267 706 1278 788 Ι
1333 718 1397 772 17
1444 715 1536 767 icit
1571 712 1885 769 Sabellicus
1923 728 2027 784 pro

241 799 346 851 iecit
370 787 398 875 ΙΙ
423 801 558 864 162,
589 802 656 855 15
685 794 960 865 Pompeiis
996 794 1332 865 impuberem
1371 795 1717 859 Torrentius.
1754 796 2029 867 Pompeiis

231 880 496 951 puberem‘
527 878 744 950 Lipsius
796 894 901 949 pro
939 878 1252 949 Pompeium
1299 880 1568 951 puberem
1627 873 1636 953 Ι
1694 885 1761 939 16
1807 896 1932 940 cum
1982 882 2035 933 ei

236 964 434 1034 Lipsius
465 978 570 1035 pro
597 964 688 1017 cui
713 962 765 1015 et
790 954 817 1039 ΙΙ
848 966 970 1030 163,
993 966 1062 1020 28
1090 964 1176 1017 vel
1194 966 1364 1017 stanti
1390 962 1545 1018 Paris
1557 968 1713 1022 6116.
1760 963 1883 1018 Med
1898 971 1945 1021 1.
1972 969 2023 1019 2.

239 1048 302 1101 al.
341 1047 472 1102 Edd.
523 1048 697 1100 stanti
731 1044 848 1099 Exc
865 1043 1036 1100 Notre
1051 1047 1255 1115 Daune,
1293 1046 1496 1118 Copes.
1542 1046 1689 1102 Frib.
1738 1045 2025 1103 Vindob2.

240 1128 374 1185 Cort.
423 1136 472 1185 et
512 1135 755 1184 veterum
794 1131 963 1183 stanti
1003 1129 1215 1184 Memm.
1259 1130 1385 1185 Med
1410 1136 1461 1188 3.
1532 1131 1586 1183 ei
1594 1170 1611 1197 ‚
1644 1143 1837 1185 rerum
1868 1130 2034 1183 stanti

238 1212 668 1285 OudendorpiuS.
708 1218 762 1267 et
781 1214 950 1268 veteri
967 1213 1051 1267 vel
1065 1214 1234 1267 stanti
1260 1212 1480 1268 Vindob
1497 1220 1547 1271 1.
1578 1211 1746 1268 Basil.
1792 1218 2029 1267 ceterum

237 1299 392 1349 stanti
419 1296 529 1351 Exe
545 1296 735 1353 Cuiae.
767 1286 796 1374 ΙΙ
825 1301 947 1363 164,
977 1301 1010 1353 2
1039 1298 1310 1367 seaeaqeni
1336 1295 1555 1367 Lipsius
1599 1288 1609 1373 Ι
1644 1303 1677 1355 6
1703 1298 1800 1368 qui
1821 1326 1892 1337 —-
1912 1310 2029 1351 ves-

234 1385 483 1433 cerentur
507 1379 663 1434 Paris
687 1384 844 1438 6116.
880 1379 952 1433 al.
980 1378 1116 1434 Edd.
1161 1386 1511 1435 vescerentur
1545 1380 1755 1435 Memm.
1801 1381 2038 1435 vescenti

233 1462 350 1517 Med
371 1470 419 1522 1.
453 1468 504 1526 3.
543 1463 693 1519 Frib.
737 1462 954 1517 vindob
979 1468 1028 1519 2.
1083 1461 1378 1519 cortianus
1426 1457 1440 1540 Ι
1490 1471 1556 1523 19
1604 1462 1885 1535 ευιζᾳίῖαὸαί
1927 1462 2031 1518 Ca-

233 1546 499 1601 saubonus
529 1562 638 1617 pro
662 1546 915 1617 viqilabat
959 1538 970 1621 Ι
1019 1552 1088 1603 20
1119 1547 1359 1601 interdiu
1390 1547 1695 1602 Beroaldus
1724 1563 1829 1617 pro
1860 1548 2031 1601 inter-

232 1629 350 1683 dum
377 1620 405 1708 ΙΙ
433 1635 570 1698 166,
605 1635 676 1689 13
702 1629 964 1683 scriberet
992 1644 1101 1699 ego
1147 1623 1158 1703 Ι
1203 1634 1281 1687 ’14
1313 1629 1472 1684 modo
1505 1631 1716 1683 veniam
1758 1628 1865 1689 eod
1889 1628 2029 1683 Gan·

233 1713 441 1783 densis,
469 1712 801 1769 Torrentius
831 1728 936 1783 pro
964 1714 1178 1769 veniam
1207 1712 1364 1767 modo
1412 1704 1423 1788 Ι
1474 1716 1543 1773 26
1587 1726 1689 1767 nec
1715 1718 1895 1766 tamen
1925 1710 2031 1765 Ur-

233 1794 374 1851 sinus
405 1813 508 1868 pro
540 1810 652 1850 nec
691 1802 816 1850 ante
853 1789 862 1871 Ι
901 1801 969 1853 32
996 1798 1064 1850 iis
1093 1794 1361 1865 Egnatius
1393 1811 1497 1865 pro
1527 1794 1612 1851 his
1638 1788 1665 1873 ΙΙ
1699 1800 1829 1864 167,
1871 1799 1907 1853 8
1936 1794 2030 1847 de—

229 1883 540 1951 scripsitque
587 1878 930 1934 Torrentius.
1017 1894 1088 1933 ac
1129 1880 1417 1949 descripsit
1456 1877 1881 1951 Oudendorpius
1928 1894 2031 1949 pro

235 1963 510 2035 descripsit
553 1954 566 2039 Ι
625 1970 694 2020 10
729 1970 1054 2033 quaesturae
1096 1961 1401 2018 Beroaldus
1451 1978 1555 2033 pro
1591 1969 1878 2035 quaestore
1916 1952 1925 2036 Ι
1964 1966 2033 2017 20

235 2036 378 2101 λα’λει
420 2040 521 2101 καὶ
568 2032 656 2118 μὴ
699 2042 947 2119 θύγγανε
983 2046 1268 2101 Turnebus
1313 2060 1417 2117 pro
1460 2044 1592 2099 λαλι
1633 2064 1733 2101 και
1775 2062 1856 2118 μη
1890 2045 2031 2098 θιν-

231 2146 372 2201 γανα
410 2124 435 2209 ΙΙ
475 2136 620 2197 168,
668 2134 734 2187 18
772 2116 942 2199 ανδρ’
1009 2115 1446 2201 ἀπαμύνασθαι
1512 2145 1619 2200 ego
1682 2144 1785 2200 pro
1842 2118 2033 2199 ἄνδρα

231 2206 645 2287 ἕπαμύνασθαι
685 2206 693 2287 Ι
730 2218 794 2272 21
833 2214 1066 2268 alterum
1105 2213 1326 2283 supplet
1360 2210 1624 2280 Ursinus'‚
1668 2218 1720 2265 et
1748 2211 2030 2268 Casaubo·

230 2313 355 2367 nus,
383 2298 716 2355 maudieum
751 2312 858 2367 ego
909 2288 918 2373 Ι
969 2302 1039 2355 33
1077 2288 1179 2361 καὶ
1211 2283 1432 2349 ἰάσεται
1462 2294 1745 2350 Victorius
1778 2310 1881 2365 pro
1908 2310 2029 2348 πει-

230 2391 376 2433 σεται
401 2382 495 2437 vel
527 2390 809 2434 πεισαται
837 2370 864 2456 ΙΙ
894 2385 1024 2447 169,
1062 2386 1128 2439 13
1162 2379 1401 2449 clystera
1439 2377 1546 2433 eod
1571 2376 1793 2449 Copes.·
1818 2376 2027 2433 Salma-

230 2464 357 2519 sius.
401 2466 712 2537 clysteram·
739 2462 949 2517 Mamm.
1001 2462 1125 2517 Med
1153 2470 1200 2520 1.
1239 2468 1274 2521 3
1319 2477 1423 2533 pro
1454 2462 1685 2531 clystere
1708 2462 1799 2516 vel
1834 2462 2021 2533 clyste-

230 2562 373 2615 rem,
405 2549 512 2603 err.
543 2564 604 2619 p.
637 2550 758 2609 177,
787 2552 873 2605 32.
919 2550 1050 2614 178,
1081 2550 1165 2604 27.
1214 2550 1344 2613 180,
1378 2552 1429 2603 3.
1474 2550 1595 2613 193,
1632 2550 1711 2604 19.
1741 2536 1767 2623 ΙΙ
1801 2550 1934 2614 171,
1964 2550 2035 2604 23

227 2635 282 2686 et
306 2636 374 2691 26
407 2633 476 2686 iis
499 2630 778 2701 Egnatius
808 2644 910 2701 pro
944 2628 1030 2683 his
1057 2620 1084 2705 ΙΙ
1117 2634 1236 2695 172,
1267 2634 1302 2687 8
1327 2633 1605 2698 repentem
1634 2628 1851 2699 quidam
1888 2628 2033 2699 apud

232 2712 614 2771 casaubonum
653 2704 664 2791 Ι
707 2720 773 2772 13
793 2715 909 2767 ioco
939 2709 1253 2767 Sabellicus
1284 2728 1387 2783 pro
1424 2712 1539 2767 loco
1575 2707 1585 2788 Ι
1625 2718 1694 2770 13
1729 2728 1873 2784 quae
1899 2726 2030 2783 que·

226 2797 464 2853 rentibus
493 2796 862 2853 casaubonus
893 2812 998 2866 pro
1026 2796 1408 2867 quaerentibus
1446 2787 1560 2871 Ι.19
1590 2796 1719 2848 Anti
1752 2810 1876 2865 ego.
1917 2792 2033 2847 An—

227 2882 288 2933 tii
319 2880 608 2938 Turnebus
640 2896 746 2952 pro
775 2885 901 2933 ante
928 2870 956 2957 ΙΙ
990 2882 1123 2948 173,
1153 2885 1188 2938 3
1217 2884 1279 2932 at
1312 2893 1439 2947 eg0.
1483 2876 1804 2932 adMemm.
1856 2876 1981 2931 Med
2002 2882 2037 2937 3

228 2978 328 3034 pro
361 2972 413 3019 et
441 2966 536 3021 vei
567 2970 652 3019 est
679 2954 706 3040 ΙΙ
737 2967 872 3031 174,
911 2968 946 3019 2
982 2968 1033 3015 ec
1060 2964 1400 3025 consecravit
1428 2961 1535 3016 eod
1552 2960 1771 3016 vindob
1792 2966 1842 3018 2.
1886 2959 2033 3017 Frih.

225 3047 386 3102 Foue.
419 3046 876 3117 consecravitque
899 3045 968 3100 ed
993 3044 1126 3100 Rom
1149 3053 1198 3104 1.
1233 3050 1266 3101 2
1297 3061 1401 3116 pro
1430 3047 1767 3100 consecravit
1802 3038 1811 3121 Ι
1850 3050 1919 3105 34
1944 3058 2035 3099 ca-

227 3130 534 3186 tadromum
579 3129 691 3185 cod
713 3127 881 3184 Basil.
917 3128 1332 3187 al.sBeroaldus
1362 3144 1467 3199 pro
1506 3128 1889 3199 qatadromum
1926 3120 1934 3200 Ι
1973 3134 2041 3186 35

223 3213 539 3270 inscribitur
561 3211 828 3269 Erasmus
857 3228 960 3282 pro
987 3210 1242 3265 scribitur
1280 3204 1290 3290 Ι
1326 3216 1397 3270 38
1424 3212 1605 3265 avium
1638 3212 1743 3266 cod
1767 3210 1933 3267 Basil.
1968 3210 2020 3265 al

226 3294 372 3353 Edd.·
399 3314 508 3369 pro
543 3296 737 3352 aulzcm
763 3288 790 3371 ΙΙ
821 3300 923 3355 175
939 3336 958 3365 ‚
987 3298 1020 3353 7
1059 3295 1449 3366 quadrayenos
1484 3300 1768 3350 senatores
1808 3308 2041 3365 sexaqe-

223 3377 440 3451 nosque
471 3378 704 3453 Lipsius
757 3375 765 3455 Ι
818 3386 882 3437 11
927 3378 974 3435 C
1018 3390 1247 3436 numero
1292 3377 1721 3451 Oudendorpius
1771 3371 1781 3456 Ι
1834 3382 1903 3435 22
1950 3377 2045 3432 toti

223 3462 334 3516 eod
353 3463 530 3519 Basil.
571 3464 647 3519 al.
681 3460 818 3517 Edd.
869 3452 880 3541 Ι
911 3468 1043 3531 176,
1083 3467 1118 3520 4
1158 3464 1305 3517 tiara
1337 3462 1571 3519 deducta
1603 3462 1907 3519 Beroaldus
1936 3476 2041 3533 pro

221 3543 466 3601 diarium
501 3546 802 3615 deductam
849 3566 852 3571 ·
913 3552 946 3605 9
987 3554 1261 3617 tamquam
1299 3547 1447 3601 nullo
1488 3546 1707 3602 residuo
1752 3543 1967 3617 Lipsius
2010 3534 2038 3619 ΙΙ
