2700 4234
719 643 726 648 ·
831 623 918 708 o.
983 625 1463 707 SUEToNI
1522 620 2208 736 TRANQUiLLI

548 812 782 912 DE
883 794 1345 912 VITA
1447 805 2487 908 CAESARUM

1307 1010 1584 1074 LIBER
1627 1009 1719 1072 ΙΙ.

1079 1183 1366 1256 DIVUS
1430 1181 1937 1253 AUGUSTUS.

465 1528 493 1577 1
640 1518 880 1579 Gentem
911 1517 1208 1580 O'ctaviam
1244 1521 1488 1581 Velitris
1520 1522 1891 1600 praecipuam
1920 1519 2057 1578 olim
2086 1519 2290 1594 fuisse,
2342 1517 2520 1577 multa
2543 1538 2566 1577 5

517 1602 828 1662 declarant.
903 1602 1047 1662 Nam
1078 1611 1136 1661 et
1171 1605 1334 1662 vicus
1377 1605 1759 1664 celeberrima
1801 1613 1967 1682 parte
2004 1602 2205 1683 oppidi
2246 1603 2355 1661 iam
2400 1603 2517 1680 pri·

517 1686 646 1746 dem
680 1685 950 1745 Octavius
981 1686 1300 1746 vocabatur
1341 1697 1401 1748 et
1433 1687 1845 1748 ostendebatur
1884 1706 1984 1748 ara
2016 1686 2262 1747 Octavio
2308 1702 2516 1745 conse·

519 1779 706 1846 crata,
753 1771 848 1847 qui
878 1768 1037 1829 bello
1076 1770 1192 1836 dux
1221 1773 1491 1848 finitimo,
1541 1789 1668 1832 cum
1710 1772 1865 1831 forte
1906 1771 2075 1831 Marti
2113 1789 2237 1830 rem
2268 1770 2516 1829 divinam

516 1853 772 1927 faceret,
815 1856 1067 1913 nuntiata
1096 1864 1343 1934 repente
1383 1856 1570 1916 hostis
1611 1857 1980 1932 incursione,
2027 1854 2353 1915 semicruda
2379 1863 2515 1912 exta

516 1945 678 2013 rapta
730 1935 868 1995 foco
914 1941 1243 2014 prosecuit,
1311 1950 1483 2018 atque
1540 1942 1616 1999 ita
1655 1940 1943 2020 proelium
1986 1941 2286 2016 ingressus
2323 1939 2587 2000 victorio

515 2018 680 2078 redit.
748 2018 1060 2080 Decretum
1089 2023 1257 2081 etiam
1300 2023 1592 2101 publicum
1634 2023 1896 2100 extabat,
1941 2040 2053 2102 quo
2097 2020 2413 2082 cavebatur
2452 2029 2515 2078 ut
2688 2015 2690 2087 l

515 2103 572 2159 in
601 2111 895 2180 posterum
935 2121 1165 2183 quoque
1195 2107 1365 2166 simili
1390 2107 1562 2167 modo
1596 2117 1729 2167 exta
1755 2107 1922 2168 Marti
1962 2106 2376 2179 redderentur,
2418 2122 2509 2163 re-

467 2184 844 2265 2liquiaeque
902 2187 972 2246 ad
1022 2188 1299 2250 Octavios
1358 2192 1735 2250 referrentur.
1800 2190 1897 2258 Ea,
1940 2208 2088 2270 gens
2128 2207 2160 2248 a
2197 2187 2509 2266 Tarquinio
2686 2193 2688 2229 ¹

516 2268 717 2329 Prisco
750 2287 894 2346 rege
941 2274 1089 2332 inter
1131 2276 1386 2334 minores
1434 2277 1627 2350 gentis
1672 2274 1899 2334 adlecta
1939 2277 1997 2334 in
2036 2282 2327 2349 senatum,
2375 2289 2513 2331 mox

517 2371 548 2412 a
586 2353 794 2412 Servio
833 2354 1023 2415 Tullio
1061 2358 1117 2415 in
1156 2361 1431 2436 patricias
1466 2359 1773 2430 ⁴raducta,
1829 2359 2190 2437 procedente
2246 2367 2581 2436 temporeis

515 2435 586 2495 ad
624 2436 857 2514 plebem
883 2457 948 2498 se
990 2441 1265 2519 contulit,
1310 2461 1381 2502 ac
1420 2461 1617 2503 rursus
1660 2461 1874 2520 magno
1912 2442 2222 2503 intervallo
2265 2461 2371 2521 per
2413 2440 2510 2500 Di-

517 2537 647 2577 vum
671 2519 875 2579 Iulium
912 2525 968 2582 in
995 2527 1359 2601 patriciatum
1387 2525 1555 2586 redit.
1602 2527 1824 2587 Primus
1854 2545 1929 2586 ex
1966 2528 2076 2586 hac
2118 2528 2511 2603 magistratum

513 2602 713 2682 populi
765 2605 1042 2684 suffragio
1090 2611 1246 2688 cepit
1299 2609 1365 2670 C.
1404 2610 1608 2670 Ruqu.
1666 2611 1724 2670 Is
1768 2604 2149 2688 quaestorius
2180 2609 2299 2668 CN.
2344 2619 2401 2667 et
2443 2608 2507 2668 G.

513 2690 878 2767 procreavit,
946 2708 978 2750 a
1009 2692 1214 2770 quibus
1281 2694 1499 2773 duplex
1567 2693 1937 2753 Octaviorum
2003 2692 2217 2753 familia
2273 2691 2511 2752 defluxit

516 2770 846 2832 conditione
877 2773 1127 2836 diversa.
1171 2777 1466 2856 Siquidem
1491 2777 1716 2838 Gnaeus
1748 2786 1805 2836 et
1846 2777 2125 2855 deinceps
2165 2776 2237 2837 ab
2270 2794 2342 2836 eo
2376 2776 2505 2836 reli·
2527 2790 2577 2829 20
2678 2783 2680 2794 '

514 2857 609 2933 qui
641 2871 839 2916 omnes
862 2858 1043 2918 functi
1075 2869 1204 2919 sunt
1230 2861 1552 2923 honoribus
1582 2863 1831 2921 summis
1905 2862 1983 2921 At
2024 2860 2090 2921 C.
2123 2862 2365 2940 eiusque
2407 2878 2507 2940 po-

513 2940 686 3016 steri,
734 2958 838 3000 seu
894 2942 1124 3003 fortuna
1162 2963 1267 3004 seu
1326 2946 1653 3023 voluntate,
1699 2948 1757 3004 in
1810 2947 2067 3024 equestri
2127 2945 2329 3004 ordine
2375 2962 2505 3003 con-

513 3023 778 3083 stiterunt
832 3045 1013 3106 usque
1043 3027 1114 3088 ad
1184 3029 1434 3106 Augusti
1489 3039 1731 3108 patrem.
1799 3030 2061 3090 Proavus
2117 3029 2367 3107 Augusti
2418 3045 2504 3086 se-

514 3105 699 3167 cundo
729 3106 945 3169 Punico
977 3111 1134 3172 bello
1165 3113 1449 3191 stipendia
1477 3116 1534 3172 in
1586 3113 1785 3174 Sicilia
1815 3115 2074 3176 tribunus
2104 3114 2342 3173 militum
2369 3111 2506 3170 fecit
2672 3173 2674 3176 Α

512 3189 762 3251 Aemilio
802 3192 961 3272 Papo
1013 3198 1384 3275 imperatore.
1452 3198 1615 3258 Avus
1668 3198 2108 3278 municipalibus
2157 3196 2501 3275 magisteriis
2524 3206 2575 3245 25
2672 3201 2674 3215 ⁵

513 3282 816 3334 contentus
843 3277 1164 3338 abundante
1205 3283 1549 3359 patrimonio
1578 3283 2044 3364 tranquillissime
2074 3284 2279 3341 senuit.
2670 3305 2672 3314 ·

635 3356 753 3416 Sed
790 3359 938 3420 haec
985 3364 1109 3432 alii;
1153 3365 1282 3442 i'pse
1322 3365 1622 3442 Augustus
1664 3366 1804 3427 nihil
1835 3366 2077 3444 amplius
2124 3382 2292 3446 quam
2333 3383 2502 3442 eque-

510 3440 612 3498 stri
654 3439 865 3503 familia
907 3455 1092 3504 ortum
1138 3466 1203 3506 se
1245 3449 1448 3508 scribit
1476 3459 1678 3508 vetere
1727 3467 1797 3509 ac
1832 3448 2161 3526 locuplete,
2203 3456 2261 3506 et
2298 3450 2355 3505 in
2396 3465 2501 3525 qua

510 3524 726 3600 primus
771 3537 1008 3588 senator
1057 3539 1223 3607 pater
1263 3551 1400 3592 suus
1434 3533 1625 3592 fuerit.
1677 3534 1750 3594 Μ.
1776 3532 2065 3594 Antonius
2094 3531 2423 3591 libertinum
2451 3531 2501 3590 ei
