2700 4234
517 231 641 296 300
1073 241 1135 290 c.
1180 239 1510 289 sun-'roim
1552 238 1992 298 ‘remquam-

517 419 653 462 rans
694 398 1048 477 impietatem
1093 394 1203 456 sibi
1234 392 1387 474 apud
1421 393 2116 472 parricidamprincipem
2158 390 2554 470 profuturam.

518 484 835 562 Impetrato
874 490 1065 541 autem
1105 481 1306 539 mortis
1349 476 1590 538 arbitrio
1633 476 1823 536 libero
1872 475 2182 536 codicillos
2212 475 2287 536 ad
2319 484 2557 553 patrem

521 564 886 644 corrigendis
934 563 1277 644 quibusdam
1320 561 1590 622 versibus
1634 561 1753 620 suis
1796 562 2087 637 exaravit,
2148 558 2552 639 epulatusque

517 651 766 728 largiter
812 648 1052 709 brachia
1091 646 1164 708 ad
1209 645 1495 706 secandas
1539 662 1722 704 venas
1761 643 2033 723 praebuit
2076 641 2329 703 medico.
2395 643 2551 703 Poe-

517 744 670 794 mata
713 734 837 794 eius
884 735 1053 792 etiam
1103 729 1373 810 praelegi
1412 730 1674 803 memini,
1735 727 1946 788 confici
1986 745 2133 788 vero
2168 745 2240 787 ac
2286 730 2595 807 proponi5

518 817 748 879 venalia
779 834 896 878 non
921 825 1138 877 tantum
1169 831 1430 893 operose
1462 822 1523 874 et
1552 812 1868 889 diligenter
1894 812 1998 872 sed
2042 814 2245 890 inepte
2282 829 2546 890 quoque.

519 900 702 962 Hanc
728 901 921 962 vitam
952 899 1128 960 initio
1150 897 1447 981 mutilam,
1480 903 1731 978 quaein
1758 895 2072 956 nonnullis
2093 891 2342 956 Lucani
2363 895 2552 957 libris

517 992 774 1064 reperta
797 992 855 1046 et
877 982 960 1045 ab
988 980 1331 1045 Omnibono
1358 998 1419 1042 a.
1450 990 1608 1042 1475
1633 980 1803 1041 edita
1832 986 1944 1056 est,
1964 979 2214 1057 primus
2233 977 2552 1058 Iosephus

518 1068 807 1148 Scaliger
835 1067 1117 1130 Suetonii
1143 1083 1281 1126 esse
1309 1064 1633 1127 indicavit.

657 1165 991 1218 Iuvenalis
1021 1165 1176 1214 vitam
1201 1164 1532 1214 omittendam
1559 1164 1815 1224 duximus,
1843 1178 1958 1213 cum
1983 1177 2047 1212 ne
2073 1164 2305 1230 potuisse
2330 1163 2544 1227 quidem
2570 1169 2621 1211 ιο

520 1234 845 1298 Tranquillus
871 1249 965 1298 per
993 1241 1210 1282 aetatem
1230 1232 1467 1282 videatur
1490 1233 1555 1282 de
1580 1247 1639 1282 eo
1664 1240 1815 1298 poeta.
1838 1246 2009 1298 agere.

515 1300 1062 1420 11ιω1ῗῖξῶἰ.11ιιεῐι·ὶ1>ιιε
1098 1299 1210 1350 His
1225 1307 1246 1349 t
1258 1314 1287 1351 o
1302 1301 1427 1350 rici
1444 1316 1469 1350 s
1519 1299 1856 1364 Hieronymus
1905 1315 1934 1350 e
1985 1299 2229 1350 Suetonio
2281 1300 2545 1366 excerpsit

645 1448 957 1511 Cornelius
980 1449 1184 1529 Nepos
1215 1455 1471 1530 scriptor
1495 1451 1807 1513 historicus
1837 1452 2027 1512 clarus
2051 1451 2299 1513 habetur
2315 1468 2378 1511 a.
2404 1460 2544 1512 715.

647 1535 955 1596 Sallustius
991 1532 1234 1614 Crispus
1267 1538 1522 1615 scriptor
1549 1535 1862 1596 historicus
1895 1537 1952 1595 in
1983 1535 2213 1596 Sabinis
2249 1535 2541 1596 Amiterni
2564 1559 2615 1599 15

517 1621 774 1680 nascitur
825 1636 885 1680 a.
934 1627 1070 1681 668.
1119 1626 1287 1692 669..
1325 1663 1339 1678 .
1378 1665 1394 1678 .
1440 1619 1749 1680 Sallustius
1794 1620 1947 1680 diem
1980 1618 2127 1679 obiit
2157 1619 2541 1697 quadriennio

519 1713 652 1764 ante
684 1702 986 1764 Actiacum
1019 1702 1238 1763 bellum
1265 1720 1325 1764 a.
1364 1711 1491 1765 719.

645 1785 897 1848 Messala
948 1785 1235 1852 Corvinus
1280 1797 1480 1848 orator
1504 1788 1761 1847 nascitur
1808 1797 1867 1847 et
1911 1779 1975 1846 Τ.
2008 1785 2204 1846 Livius
2229 1787 2540 1848 Patavinns

517 1873 773 1948 scriptor
813 1868 1127 1930 historicus
1168 1888 1229 1931 a.
1279 1878 1597 1932 695—697
1628 1913 1644 1928 .
1681 1917 1695 1930 .
1734 1915 1747 1930 .
1809 1870 1877 1930 Τ.
1922 1869 2115 1930 Livius
2155 1870 2538 1948 historiogra-

515 1951 663 2032 phus
694 1952 910 2011 Patavii
941 1955 1181 2012 moritur
1213 1971 1273 2014 a.
1299 1962 1434 2015 770.
2556 1975 2613 2016 20

641 2033 981 2097 Fenestella
1031 2036 1400 2097 historiarum
1449 2038 1704 2114 scriptor
1747 2047 1805 2098 et
1853 2039 2165 2099 carminum
2220 2046 2535 2116 septuage-

517 2121 663 2180 simo
697 2137 844 2181 anno
875 2122 1112 2182 moritur
1145 2121 1551 2200 sepeliturque
1582 2118 1777 2182 Cumis
1817 2140 1880 2184 a.
1930 2129 2065 2182 772.

646 2222 718 2296 Q.
752 2223 1044 2283 Asconius
1084 2223 1374 2284 Pedianus
1416 2223 1669 2301 scriptor
1690 2222 2004 2284 historicus
2041 2222 2233 2283 clarus
2265 2221 2535 2298 habetur,

520 2308 619 2386 qni
660 2309 1096 2385 septuagesimo
1139 2310 1312 2368 tertio
1356 2308 1563 2366 aetatis
1608 2325 1749 2367 suae
1793 2324 1941 2368 anno
1982 2314 2188 2384 captus
2229 2304 2536 2365 luminibus
2665 2371 2666 2388 ἢ

520 2389 826 2450 duodecim
855 2401 1064 2469 postea
1095 2392 1236 2452 vixit
1262 2408 1443 2450 annos
1475 2392 1532 2449 in
1562 2408 1782 2451 summo
1830 2391 2055 2450 honore
2106 2392 2352 2450 omnium
2398 2408 2608 2454 con-25
2665 2389 2666 2465 ᾖ

521 2490 840 2532 senescens
874 2490 934 2532 a.
971 2481 1106 2534 828.
1140 2482 1272 2535 829.

646 2571 862 2631 Plinius
892 2573 1197 2633 Secundus
1239 2571 1709 2635 Novocomensis
1753 2582 1955 2636 orator
2006 2583 2063 2633 et
2096 2573 2412 2634 historicus
2454 2575 2538 2633 in-

519 2656 700 2732 signis
727 2653 996 2732 habetur,
1031 2656 1196 2717 cuius
1225 2658 1467 2736 plurima
1497 2658 1712 2735 ingenii
1735 2677 1916 2736 opera
1946 2666 2162 2718 extant.
2211 2658 2390 2717 Periit
2406 2658 2539 2718 dum

515 2739 652 2799 visit
679 2738 995 2799 Vesuvium
1041 2758 1102 2802 a.
1146 2748 1503 2804 860-862
1548 2786 1562 2801 .
1620 2787 1635 2803 .
1686 2786 1700 2800 .
1745 2742 1877 2802 Vita
1922 2742 2087 2802 Plinii
2134 2760 2209 2801 ex
2261 2741 2539 2819 catalogo
2632 2797 2641 2808 ,

517 2824 789 2884 Virorum
818 2824 1122 2885 illustrium
1146 2824 1484 2904 Tranquilli.
1551 2825 1763 2885 Plinius
1790 2824 2093 2886 Secundus
2124 2824 2533 2885 Novocomen·
2557 2849 2607 2890 so
2663 2812 2664 2873 ἶ

516 2909 599 2968 sis
647 2909 1018 2987 equestribus
1057 2910 1272 2971 militiis
1315 2909 1597 2970 industrie
1627 2909 1860 2974 functus
1903 2911 2351 2988 procurationes
2393 2927 2538 2986 quo·

517 3010 633 3070 que
689 2993 1187 3071 splendidissimas
1241 3003 1301 3054 et
1354 2995 1655 3054 continuas
1706 3011 1924 3054 summa
1975 2994 2312 3071 integritate
2361 2993 2539 3053 admi-

517 3077 816 3151 nistravit,
861 3087 922 3136 et
969 3086 1161 3138 tamen
1206 3076 1546 3138 liberalibus
1590 3078 1797 3139 studiis
1831 3087 2045 3138 tantam
2080 3094 2321 3156 operam
2353 3076 2538 3153 dedit,

523 3167 583 3218 ut
639 3177 754 3219 non
793 3168 1015 3222 temere
1067 3163 1196 3240 quis
1246 3161 1417 3240 plura
1462 3164 1518 3221 in
1559 3163 1679 3221 otio
1735 3162 2063 3240 scripserit.
2131 3160 2334 3238 ltaque
2377 3160 2538 3221 bella
2661 3167 2662 3240 1

519 3245 738 3317 omnia,
773 3261 924 3320 quae
974 3263 1220 3324 unquam
1269 3264 1397 3305 cum
1448 3244 1744 3307 Germanis
1786 3255 1955 3322 gesta
1987 3254 2149 3322 sunt,
2201 3242 2331 3305 XX.
2365 3244 2601 3310 volu-ss
2661 3255 2662 3258 ’

467 3407 470 3410 ἡ
515 3324 760 3385 minibus
807 3327 1277 3406 comprehendit,
1319 3330 1575 3409 itemque
1608 3329 1882 3389 naturalis
1912 3329 2191 3390 historiae
2234 3326 2531 3389 XXXVII.

516 3407 698 3468 libros
753 3408 1024 3471 absolvit.
1112 3412 1294 3473 Periit
1336 3412 1503 3474 clade
1549 3409 1929 3493 Campaniae;
2001 3431 2130 3474 cnm
2173 3413 2323 3472 enim
2356 3409 2533 3472 Mise-

515 3493 680 3552 nensi
727 3492 904 3554 classi
960 3504 1272 3574 praeesset
1311 3507 1371 3556 et
1406 3496 1688 3576 flagrante
1727 3495 1989 3558 Vesubio
2020 3498 2094 3559 ad
2136 3495 2532 3575 explorandas
