2700 4234
503 307 581 372 16
681 323 740 373 0.
773 323 1070 374 SUETONI
1101 322 1350 382 TRANQ.
1382 323 1477 371 DE
1505 321 1671 370 VITA
1700 321 2068 370 CAESARUM
2096 322 2233 372 LIB.
2264 325 2311 369 1.

494 478 778 554 peiusque
803 476 1204 551 confugerant,
1241 491 1408 552 quam
1436 475 1677 551 primum
1708 473 2153 535 transfretaturi.
2216 472 2336 534 Hos
2373 475 2493 534 fru-

493 568 612 618 stra
655 576 764 637 per
801 559 982 621 omnis
1018 574 1206 616 moras
1239 559 1399 616 exitu
1432 556 1747 634 prohibere
1785 565 2060 633 conatus,
2102 555 2341 616 Romam
2374 559 2492 617 iter

491 641 786 701 convertit
825 641 1249 718 appellatisque
1285 639 1359 698 de
1401 657 1466 698 re
1499 640 1727 716 publica
1767 639 2063 717 patribus,
2106 639 2491 700 validissimas

490 722 730 800 Pompei
781 725 1018 800 copiaS,
1076 739 1222 800 quae
1269 722 1375 781 sub
1421 721 1607 781 tribus
1652 721 1863 799 legatis
1914 720 1987 781 M.
2035 721 2275 782 Petreio
2322 731 2381 782 et
2425 722 2486 782 L.

490 805 735 865 Afranio
769 815 830 865 et
857 805 932 864 Μ.
966 803 1232 864 Varrone
1269 806 1327 864 in
1362 801 1634 882 Hispania
1666 813 1861 880 erant,
1900 807 2145 882 invasit,
2180 806 2486 884 professus
2514 825 2543 866 ο

490 896 624 948 ante
666 890 818 949 inter
859 905 1034 964 suos,
1079 891 1172 949 ire
1198 905 1262 948 se
1301 891 1385 948 ad
1422 891 1751 949 exercitum
1778 893 1905 948 sine
1932 890 2110 960 duce,
2144 897 2202 949 et
2228 890 2367 951 inde
2393 907 2487 950 re·

489 989 798 1032 versurum
849 971 936 1030 ad
986 973 1194 1032 ducem
1241 974 1372 1032 sine
1427 975 1713 1032 exercitu.
1811 969 1887 1029 Et
1943 988 2277 1049 quamquam
2328 972 2483 1032 obsi·

487 1053 660 1114 dione
693 1051 1021 1129 Massiliae,
1058 1069 1214 1130 quae
1245 1053 1358 1113 sibi
1398 1053 1457 1112 in
1494 1053 1706 1114 itinere
1735 1061 1935 1132 portas
1976 1053 2297 1132 clauserat,
2336 1074 2485 1116 sum-

479 1160 686 1221 maque
742 1142 1149 1202 frumentariae
1200 1141 1300 1203 rei:
1339 1141 1616 1219 paenuria
1667 1140 2028 1218 retardante,
2086 1141 2252 1200 brevi
2302 1151 2493 1201 tamen
2640 1203 2647 1214 ,

293 1239 330 1288 3
367 1226 438 1274 ς
485 1225 672 1286 omnia
723 1225 972 1302 subegit.
1057 1224 1208 1285 Hinc
1253 1224 1397 1284 urbe
1441 1226 1716 1303 repetita,
1764 1227 1823 1284 in
1866 1223 2264 1286 Macedoniam
2306 1234 2491 1285 trans·
2518 1240 2562 1286 ιο

483 1327 747 1387 gressus,
783 1309 1140 1388 Pompeium,
1175 1327 1283 1388 per
1318 1318 1587 1388 quattuor
1620 1327 1807 1387 paene
1838 1327 2069 1370 menses
2100 1311 2360 1369 maximis
2388 1308 2490 1368 ob-

485 1411 708 1452 sessum
754 1393 1066 1472 operibuS,
1115 1391 1188 1453 ad
1231 1402 1550 1452 extremum
1595 1392 1931 1455 Pharsalico
1974 1394 2197 1471 praelio
2244 1392 2388 1452 fudit
2434 1401 2495 1452 et

481 1476 799 1554 fugientem
833 1476 1245 1537 Alexandriam
1292 1485 1668 1555 persecutae,
1703 1485 1765 1535 ut
1794 1478 2050 1537 occisum
2086 1475 2490 1555 deprehendit,

485 1579 614 1620 cum
645 1560 980 1621 Ptolemaeo
1013 1577 1190 1636 rege,
1242 1579 1275 1620 a
1308 1577 1427 1639 quo
1460 1560 1570 1620 sibi
1606 1577 1840 1639 quoque
1875 1559 2109 1621 insidias
2139 1559 2296 1619 tendi
2334 1559 2491 1618 vide-

481 1643 607 1720 bat,
639 1644 854 1704 bellum
885 1661 1026 1703 sane
1059 1642 1455 1703 difficillimum
1488 1647 1708 1720 gessit,
1745 1662 1935 1723 neque
1958 1643 2094 1704 loco
2126 1661 2321 1720 neque
2350 1651 2489 1703 tem·
2510 1657 2565 1698 15

484 1745 632 1808 pore
669 1745 892 1806 aequo,
938 1726 1043 1786 sed
1082 1727 1270 1787 hieme
1305 1729 1438 1788 anni
1474 1737 1531 1788 et
1560 1728 1705 1787 intra
1736 1728 1965 1788 moenia
2002 1727 2391 1806 copiosissimi
2422 1745 2493 1786 ac

483 1811 870 1872 sollertissimi
900 1811 1118 1888 hostiS,
1162 1812 1334 1889 inops
1376 1813 1507 1890 ipse
1550 1813 1796 1871 omnium
1838 1830 2030 1871 rerum
2058 1820 2234 1888 atque
2264 1811 2491 1888 inpara-

480 1906 592 1954 tus.
679 1895 944 1972 Regnum
978 1894 1238 1972 Aegypti
1282 1896 1470 1954 victor
1515 1892 1867 1972 Cleopatrae
1908 1896 2188 1973 fratrique
2228 1895 2352 1953 eius
2390 1893 2488 1958 mi·

479 1979 609 2037 nori
646 1979 938 2055 permisit,
972 1979 1190 2037 veritus
1222 1978 1580 2056 provinciam
1614 1978 1848 2053 facere,
1881 1997 1955 2038 ne
1992 1977 2338 2057 quandoque
2368 1976 2488 2036 vio·

480 2062 786 2121 lentiorem
848 2060 1178 2139 praesidem
1223 2070 1393 2122 nacta
1444 2077 1721 2122 novarum
1775 2080 1966 2121 rerum
2016 2063 2254 2122 materia
2310 2067 2487 2119 esset.
2505 2071 2561 2115 πο
2660 2105 2662 2108 Α

479 2144 575 2204 Ab
606 2144 961 2204 Alexandria
993 2147 1048 2203 in
1080 2145 1304 2220 Syriam
1339 2144 1561 2205 et'inde
1590 2145 1831 2205 Pontum
1860 2147 2115 2222 transiit,
2150 2143 2491 2226 urgentibus

480 2229 553 2288 de
586 2227 882 2289 Pharnace
923 2229 1165 2305 nuntiis,
1217 2246 1389 2307 quem
1430 2227 1769 2290 Mithridatis
1800 2228 2000 2305 Magni
2033 2229 2211 2288 lilium
2253 2245 2323 2289 ac
2354 2236 2493 2286 tunc

481 2312 797 2372 occasione
849 2321 1172 2391 temporum
1215 2311 1531 2372 bellantem
1582 2313 1809 2391 iamque
1864 2312 2166 2392 multiplici
2213 2328 2494 2372 successu

479 2396 917 2475 praeferocem,
975 2397 1120 2456 intra
1165 2397 1420 2473 quintum
1466 2413 1634 2475 quam
1680 2396 1943 2456 adfuerat
1988 2396 2166 2473 diem,
2225 2402 2494 2474 quattuor

481 2477 688 2556 quibus
733 2479 788 2537 in
823 2488 1202 2557 conspectum
1235 2480 1393 2538 venit
1423 2479 1613 2556 horis,
1660 2498 1770 2539 una
1804 2479 2139 2558 profligavit
2172 2481 2327 2546 acie3
2364 2495 2555 2538 cre-25

478 2561 586 2621 bro
625 2578 1082 2622 commemorans
1105 2563 1346 2641 Pompei
1378 2563 1745 2640 felicitatem,
1783 2565 1875 2623 cui
1908 2565 2225 2643 praecipua
2254 2561 2492 2621 militiae

479 2646 604 2705 laus
637 2644 709 2703 de
741 2653 856 2704 tam
899 2645 1098 2704 inbelli
1129 2663 1354 2722 genere
1394 2646 1646 2707 hostium
1682 2647 2041 2724 contigisset.
2103 2646 2330 2706 Dehinc
2369 2645 2491 2705 Sci·

478 2729 712 2808 pionem
756 2746 824 2788 ac
868 2727 1066 2789 Iubam
1110 2729 1392 2808 reliquias
1433 2732 1678 2809 partium
1718 2731 1775 2790 in
1812 2731 2011 2793 Africa
2044 2730 2363 2802 refoventis
2395 2727 2491 2787 de·

395 2824 462 2879 36
479 2813 644 2889 vicit,
685 2811 926 2891 Pompei
973 2812 1192 2873 liberos
1234 2815 1288 2871 in
1317 2813 1617 2892 Hispania.
1708 2813 1983 2874 Omnibus
2015 2813 2284 2874 civilibus
2318 2811 2493 2872 bellis

477 2896 691 2956 nullam
736 2896 959 2956 cladem
1002 2898 1111 2955 nisi
1154 2915 1260 2975 per
1292 2898 1525 2974 legatos
1556 2915 1696 2958 suos
1727 2917 1937 2977 passus
1982 2907 2100 2975 est,
2147 2914 2389 2976 quorum
2422 2893 2489 2955 C.
2511 2917 2559 2958 30

479 2977 654 3038 Curio
689 2980 746 3038 in
777 2980 978 3040 Africa
1010 2981 1214 3058 periit,
1261 2979 1326 3041 G.
1362 2981 1648 3041 Antonius
1678 2983 1736 3041 in
1764 2980 2002 3057 Illyrico
2032 2981 2089 3041 in
2125 2980 2491 3043 adversario-

476 3081 602 3122 rum
631 3062 866 3122 devenit
900 3072 1280 3142 potestatem,
1312 3064 1375 3123 P.
1404 3064 1716 3126 Dolabella
1748 3066 2002 3126 classem
2027 3066 2085 3125 in
2118 3065 2329 3125 eodem
2354 3062 2491 3137 llly-

474 3148 633 3223 ricO‚
677 3145 796 3206 CN.
835 3147 1122 3207 Domitius
1155 3145 1431 3209 Calvinus
1472 3150 1530 3208 in
1562 3149 1747 3210 Ponto
1795 3149 2113 3210 exercitum
2155 3149 2490 3209 amiserunt.

473 3229 613 3307 Ipse
647 3233 1046 3310 prosperrime
1075 3248 1312 3309 semper
1335 3250 1408 3293 ac
1438 3251 1512 3292 ne
1544 3235 1780 3312 ancipiti
1813 3234 2043 3312 quidem
2078 3249 2345 3311 umquam
2374 3230 2490 3289 for-

471 3320 639 3388 tuna,
673 3323 1082 3393 praeterquam
1113 3310 1234 3390 bis,
1273 3317 1589 3377 dimicavit:
1635 3317 1816 3378 semel
1849 3317 1921 3377 ad
1947 3316 2361 3392 Dyrrachium,
2394 3313 2493 3373 ubi
2512 3329 2555 3370 3⁵

473 3395 702 3474 pulsus,
751 3413 866 3456 non
911 3399 1158 3459 instante
1205 3398 1521 3480 Pompeio,
1572 3401 1809 3478 negavit
1853 3419 1982 3461 eum
2023 3401 2261 3460 vincere
2312 3399 2489 3473 scire,

469 3481 674 3538 iterum
697 3482 753 3539 in
777 3479 1054 3560 Hispania
1076 3482 1274 3542 ultimo
1304 3484 1535 3562 proelio
1607 3503 1731 3545 cum
1763 3485 2094 3564 desperatis
2116 3483 2293 3543 rebus
2318 3481 2487 3541 etiam

471 3561 543 3622 de
577 3565 996 3628 consciscenda
1031 3582 1179 3626 nece
1218 3569 1515 3646 cogitavit.
2655 3587 2656 3602 ³
