2700 4234
453 270 534 335 80
622 283 683 332 e.
709 283 1010 332 sunrom
1044 283 1300 342 runo.
1338 283 1434 330 mc
1459 283 1622 330 vrrs
1649 282 2021 332 cAESAntm
2043 287 2182 339 mn.
2208 289 2283 336 11.

450 438 641 499 infuso
678 455 857 516 super
886 437 1088 497 altaria
1125 454 1288 496 mero
1322 445 1537 496 tantum
1571 435 1830 496 flammae
1863 439 2222 517 emicuisset,
2267 450 2329 501 ut
2363 461 2464 503 su-

452 539 772 602 pergressa
800 521 1089 598 fastigium
1119 519 1318 598 templi
1346 519 1420 580 ad
1452 519 1678 580 caelum
1708 538 1893 599 usque
1923 520 2208 600 ferretur,
2242 526 2462 604 unique

452 607 681 668 omnino
712 605 927 682 Magno
965 598 1302 663 Alexandro
1348 603 1502 681 apud
1545 603 1780 663 easdem
1821 608 2350 667 aras‘sacrilicanti
2381 611 2459 668 si-

447 690 584 749 mile
637 689 1010 766 provenisset
1062 695 1368 748 ostentum.
1466 688 1660 764 Atque
1718 688 1890 746 etiam
1943 690 2211 766 sequenti
2265 693 2460 752 statim

449 781 623 833 nocte
668 771 865 830 videre
898 772 1057 831 visus
1092 779 1181 830 est
1206 771 1382 830 filium
1412 770 1640 829 mortali
1673 772 1878 849 specie
1907 773 2278 850 ampliorem,
2327 793 2457 835 cum
2479 805 2506 844 ⁵

447 856 683 916 fulmine
727 862 786 913 et
824 864 1062 933 sceptro
1094 856 1435 932 exuviisque
1451 853 1610 912 Iovis
1634 852 1847 932 Optimi
1871 854 2104 915 Maximi
2136 875 2207 916 ac
2237 856 2458 919 radiata

450 955 698 1015 corona,
750 955 929 1017 super
972 938 1287 1001 laureatum
1336 955 1593 1015 currum,
1648 936 1738 997 bis
1781 938 1938 998 senis
1983 941 2150 1018 equis
2200 940 2458 1002 candore

450 1023 659 1082 eximio
696 1021 1075 1082 trahentibus,
1134 1020 1330 1082 Infans
1364 1020 1580 1098 adhuc,
1617 1029 1678 1080 ut
1707 1024 1984 1100 scriptum
2021 1023 2174 1102 apud
2211 1022 2276 1083 C.
2307 1024 2457 1084 Dru-

450 1125 573 1166 sum
605 1114 783 1183 extat,
816 1108 1108 1184 repositus
1138 1121 1390 1184 vespere
1412 1106 1471 1163 in
1505 1123 1682 1164 cunas
1708 1123 1747 1165 a
1777 1106 2058 1166 nutricula
2090 1107 2226 1166 loco
2259 1108 2456 1186 plano,

449 1199 688 1270 postera
718 1189 853 1248 luce
881 1205 997 1248 non
1028 1190 1366 1268 comparuit,
1400 1187 1610 1268 diuque
1648 1189 1941 1267 quaesitus
1962 1189 2190 1249 tandem
2212 1192 2268 1249 in
2295 1191 2452 1250 altis·
2477 1207 2526 1247 w

449 1276 589 1334 sima
619 1275 758 1331 turri
792 1279 1061 1350 repertus
1098 1281 1219 1349 est,
1252 1274 1454 1332 iacens
1487 1281 1689 1332 contra
1721 1272 1866 1332 solis
1895 1281 2176 1333 exortum.

571 1353 713 1416 Cum
762 1357 1005 1435 primum
1048 1357 1156 1416 fari
1201 1357 1529 1434 coepisset,
1575 1356 1632 1414 in
1675 1357 1829 1416 avito
1863 1355 2192 1418 suburbano
2225 1356 2454 1417 obstre-

445 1441 638 1522 pentis
667 1439 819 1499 forte
843 1457 1014 1499 ranas
1044 1440 1220 1500 silere
1250 1440 1435 1515 iussit,
1469 1448 1641 1517 atque
1667 1457 1742 1498 ex
1767 1456 1840 1498 eo
1865 1449 2150 1517 negantur
2173 1440 2250 1500 ibi
2275 1459 2458 1501 ranae

448 1541 723 1585 coaxare.
790 1522 883 1582 Ad
922 1532 1182 1601 quartum
1236 1522 1490 1602 lapidem
1537 1521 1864 1601 Campanae
1918 1526 2048 1583 viae
2105 1525 2164 1582 in
2213 1542 2456 1585 nemore

447 1607 749 1688 prandenti
795 1625 872 1666 ex
912 1609 1213 1686 inproviso
1258 1607 1451 1685 aquila
1492 1624 1698 1684 panem
1739 1608 1793 1666 ei
1834 1625 1868 1665 e
1910 1624 2075 1666 manu
2121 1609 2346 1686 rapuit,
2393 1617 2456 1668 et
2477 1631 2528 1671 15

450 1710 575 1752 cum
612 1691 890 1750 altissime
924 1691 1251 1766 evolasset,
1296 1707 1496 1748 rursus
1529 1707 1604 1748 ex
1634 1691 1933 1768 inproviso
1967 1690 2176 1750 leniter
2207 1689 2456 1770 delapsa

446 1774 709 1837 reddidit.

572 1859 641 1932 Q.
676 1855 914 1917 Catulus
958 1865 1093 1936 post
1141 1857 1466 1916 dedicatum
1507 1855 1854 1934 Capitolium
1899 1857 2120 1917 duabus
2165 1859 2455 1919 continuis

446 1939 712 2001 noctibus
741 1941 1073 2000 somniavit:
1105 1943 1306 2019 prima,
1336 1938 1536 1999 Iovem
1567 1939 1853 2018 Optimum
1879 1940 2184 2001 Maximum
2213 1959 2246 2000 e
2279 1960 2453 2019 prae·

447 2025 681 2085 textatis
706 2022 1097 2103 compluribus
1129 2026 1345 2083 circum
1369 2041 1522 2084 aram
1546 2023 1871 2084 ludentibus
1897 2041 2064 2084 unum
2093 2027 2450 2103 secrevisse,
2473 2051 2529 2091 2⁰

448 2117 619 2187 atque
662 2109 721 2166 in
762 2109 885 2167 eius
929 2109 1110 2167 sinum
1140 2125 1264 2166 rem
1298 2126 1358 2186 p.
1392 2124 1558 2186 quam
1587 2124 1752 2167 manu
1784 2115 2046 2185 gestaret
2079 2110 2454 2186 reposuisse;

395 2261 400 2268 q
448 2200 505 2252 at
544 2192 901 2270 insequenti,
949 2191 1425 2251 animadvertisse
1475 2209 1538 2250 se
1580 2193 1638 2250 in
1679 2193 1902 2268 gremio
1947 2189 2258 2270 Capitolini
2291 2190 2457 2251 Iovis

446 2274 689 2335 eundem
739 2293 1012 2354 puerum,
1070 2292 1238 2354 quern
1292 2293 1419 2334 cum
1478 2273 1700 2334 detrahi
1749 2276 2047 2350 iussisset,
2104 2274 2458 2353 prohibitum

445 2360 661 2418 monitu
701 2358 821 2435 dei,
860 2366 1141 2438 tamquam
1183 2360 1231 2418 is
1262 2358 1333 2417 ad
1364 2358 1597 2418 tutelam
1627 2359 1713 2416 rei
1745 2375 1803 2438 p.
1837 2357 2208 2428 educaretur;
2255 2377 2324 2418 ac
2357 2357 2458 2418 die

445 2444 711 2522 proximo
744 2441 975 2501 obvium
1010 2441 1119 2501 sibi
1150 2441 1500 2519 Augustum,
1547 2459 1674 2500 cum
1713 2442 2066 2519 incognitum
2101 2441 2242 2502 alias
2271 2441 2453 2502 habe·
2474 2469 2528 2509 25

446 2532 567 2601 ret,
609 2542 725 2584 non
770 2526 895 2584 sine
936 2523 1309 2585 admiratione
1338 2528 1654 2603 contuitus,
1697 2525 2039 2585 simillimum
2070 2523 2214 2585 dixit
2243 2543 2455 2604 puero,

447 2608 519 2667 de
567 2625 679 2687 quo
712 2609 1074 2668 somniasset.
1146 2609 1389 2683 Quidam
1419 2611 1577 2688 prius
1609 2610 1886 2668 somnium
1921 2606 2110 2669 Catuli
2145 2608 2314 2670 aliter
2351 2627 2455 2669 ex·

446 2699 694 2771 ponunt,
729 2694 891 2771 quasi
920 2691 1181 2772 Iuppiter
1211 2692 1604 2771 compluribus
1634 2693 2014 2772 praetextatis
2043 2700 2290 2752 tutorem
2323 2711 2356 2753 a
2385 2711 2457 2752 se

446 2775 855 2854 poscentibus,
896 2794 1065 2836 unum
1107 2795 1183 2836 ex
1224 2779 1309 2836 eis
1343 2776 1799 2837 demonstrasset
1828 2775 1900 2836 ad
1931 2792 2100 2855 quem
2131 2776 2320 2837 omnia
2353 2776 2456 2836 de-

447 2856 659 2920 sideria
699 2878 801 2921 sua
844 2860 1165 2937 referrent,
1214 2861 1452 2940 eiusque
1488 2860 1747 2921 osculum
1793 2858 2102 2919 delibatum
2121 2908 2129 2912 ..
2148 2859 2347 2938 digitis
2379 2859 2457 2920 ad
2477 2881 2530 2921 ac

447 2960 513 3002 os
545 2961 704 3002 suum
734 2943 1045 3003 retulisset.

568 3026 643 3087 Μ.
690 3025 897 3086 Cicero
935 3023 1001 3110 C.x
1037 3024 1349 3087 Caesarem
1394 3029 1451 3086 in
1485 3024 1830 3106 Capitolium
1873 3036 2254 3107 prosecutae,
2301 3045 2455 3087 som-

445 3111 595 3170 nium
624 3111 902 3188 pristinae
940 3113 1128 3170 noctis
1158 3109 1534 3172 familiaribus
1564 3111 1718 3171 forte
1749 3110 2049 3172 narrabat:
2092 3128 2336 3190 puerum
2365 3111 2454 3170 fa·

447 3195 537 3252 cie
581 3193 840 3272 liberali,
884 3193 1192 3254 demissum
1224 3212 1257 3254 e
1289 3194 1456 3254 caelo
1490 3203 1694 3255 catena
1727 3212 1932 3272 aurea,
1977 3194 2049 3255 ad
2078 3195 2239 3254 fores
2277 3192 2456 3272 Capi-

445 3275 547 3334 toli
588 3280 917 3337 constitisse
961 3279 1129 3356 eique
1173 3276 1374 3338 Iovem
1407 3277 1698 3355 flagellum
1729 3277 2062 3348 tradidisse;
2114 3277 2322 3338 deinde
2355 3295 2453 3336 re·
2477 3296 2532 3336 35

442 3367 618 3435 pente
650 3359 912 3438 Augusto
944 3361 1089 3439 viso,
1121 3379 1288 3441 quem
1316 3363 1574 3440 ignotum
1598 3361 1892 3440 plerisque
1923 3360 2108 3421 adhuc
2133 3359 2457 3421 avunculus

443 3437 663 3501 Caesar
720 3442 791 3502 ad
848 3444 1283 3504 sacrificandum
1326 3447 1648 3522 acciverat,
1705 3445 2010 3504 affirmavit
2056 3445 2241 3522 ipsum
2287 3459 2456 3519 esse,

441 3523 602 3582 cuius
632 3525 823 3602 imago
858 3527 1169 3586 secundum
1204 3531 1454 3608 quietem
1486 3528 1594 3588 sibi
1625 3527 1933 3588 obversata
1967 3529 2059 3586 sit.
