2700 4234
635 310 803 362 xcvl
1315 305 1733 354 PRAEFATIO.

639 469 813 528 haec:
851 467 1194 540 Explicit
1233 463 1761 539 praescriptae
1802 461 2183 519 verborum
2214 463 2459 521 diffe-

639 553 925 609 rentiae
987 567 1072 606 ex
1129 549 1324 606 libro
1386 547 1726 605 Suetonii
1780 546 2291 616 'tranquillini
2336 549 2459 620 qui

639 634 1079 692 inscribitur
1110 633 1405 692 Pratum.
1470 631 1605 688 Inde
1627 645 1739 702 ego
1760 631 2038 700 integrum
2067 628 2283 688 titulum
2306 648 2459 689 com-

639 719 805 794 posui
843 736 901 792 p.
931 723 1058 786 306,
1094 723 1180 778 35-

767 802 858 858 Ad
917 801 1315 857 emendandum
1372 798 1623 877 libellum
1678 799 2037 868 vehementer
2096 797 2484 870 depravatum-

643 886 998 945 contulerunt
1041 885 1294 941 nonnihil
1339 885 1483 940 duae
1513 879 1951 938 differentiarum
1994 881 2335 953 scriptiones
2377 883 2460 940 si-

639 970 938 1039 millimae,
974 984 1117 1039 quae
1157 967 1355 1023 eodem
1396 966 1591 1027 codice
1632 965 2125 1038 montepessulano
2168 966 2459 1024 eontinen-

641 1060 752 1111 tur.
843 1051 1036 1108 Altera
1089 1051 1373 1124 superiori
1422 1049 1676 1122 proxime
1720 1047 2069 1120 praecedens
2112 1048 2189 1105 ita
2228 1049 2457 1123 incipit:

641 1137 830 1194 ‘Inter
861 1135 1130 1193 auxilium
1157 1139 1216 1190 et
1259 1133 1599 1206 praesidium
1638 1139 1695 1188 et
1732 1131 2076 1190 subsidium'
2110 1130 2185 1188 ita
2215 1132 2457 1190 desinit:

639 1221 829 1277 ‘Inter
855 1221 1093 1276 ultorem
1131 1223 1186 1274 et
1210 1217 1489 1274 vindicem
1518 1217 1627 1272 hoc
1656 1215 1922 1286 interest,
1954 1214 2106 1287 quod
2134 1214 2459 1281 ulciscimur

640 1319 746 1362 nos
779 1309 1010 1376 accepta
1041 1301 1279 1370 iniuria,
1321 1300 1667 1364 vindicamus
1700 1315 1769 1354 ne
1799 1297 2189 1372 accipiamus’.
2278 1298 2460 1357 Maio-

639 1404 762 1446 rem
792 1388 918 1444 eius
962 1384 1288 1457 scriptionis
1318 1389 1534 1456 partem
1574 1383 1753 1440 edidit
1782 1388 1843 1440 a:
1874 1388 2009 1443 1605
2038 1381 2191 1439 Elias
2219 1382 2459 1439 Putsche

593 1483 605 1490 ”
641 1473 698 1527 ἰιι
744 1469 1126 1528 Grammaticis
1185 1469 1304 1524 suis
1359 1485 1411 1540 p.
1454 1473 1593 1528 2203
1632 1483 1755 1538 sqq.
1843 1465 2181 1522 Postremum
2242 1473 2460 1539 partem

641 1555 930 1628 supplevit
988 1569 1060 1608 ex
1114 1553 1239 1625 ipso
1297 1551 1499 1608 codice
1542 1551 1727 1608 editor
1768 1549 2015 1620 catalogi
2078 1566 2245 1622 supra
2297 1550 2459 1606 citati

644 1655 700 1713 p.
725 1644 832 1697 412
863 1653 951 1709 sq.
987 1642 1044 1692 et
1075 1653 1146 1692 ex
1177 1636 1505 1708 apographo
1526 1633 1877 1692 Dorvilliano
1898 1632 2280 1690 Ferdinandus
2300 1633 2459 1690 Hand

640 1722 701 1778 in
728 1727 1142 1794 programmate
1174 1719 1396 1775 lenensi
1429 1735 1477 1775 a.
1514 1725 1666 1778 1848.
1736 1716 1987 1772 Alteram
2016 1715 2458 1774 differentiarum

642 1804 930 1877 syllogen,
956 1820 1100 1876 quae
1127 1805 1204 1860 ita
1235 1801 1461 1874 incipit:
1494 1803 1513 1833 ‘
1534 1803 1685 1858 Inter
1712 1798 1973 1874 polliceri
2004 1805 2063 1858 et
2090 1799 2454 1874 promittere’

643 1895 700 1945 et
732 1887 940 1944 Isidori
973 1886 1324 1958 Hispalensis
1356 1902 1483 1942 esse
1514 1885 1725 1954 fertur,
1768 1885 1932 1958 primi
1970 1885 2265 1942 ediderunt
2292 1886 2461 1942 laco-

639 1971 746 2028 bus
774 1971 846 2026 du
877 1970 1044 2026 Breul
1075 1985 1197 2025 cum
1225 1970 1448 2025 Isidoro
1477 1969 1649 2026 Paris.
1685 1973 1825 2028 1601·
1852 1975 1907 2024 et
1919 1968 2225 2038 Dionysius
2246 1968 2457 2026 Gotho-

641 2054 836 2110 fredus
871 2053 926 2109 in
977 2052 1358 2110 Grammaticis
1400 2053 1516 2109 suis
1570 2071 1621 2110 a.
1660 2057 1831 2120 1602,
1878 2053 2040 2123 isque
2070 2051 2459 2122 Bongarsiano

641 2137 848 2194 codice.
885 2153 1036 2194 usus.
1125 2137 1264 2212 Eius·
1303 2136 1483 2193 libelli
1524 2152 1634 2206 ego
1680 2151 1901 2208 quoque
1940 2135 2202 2192 maiorem
2244 2140 2456 2207 partem

639 2219 831 2294 reperi
889 2221 946 2276 in
989 2219 1188 2277 codice
1235 2219 1531 2276 Basiliensi
1579 2221 1620 2276 F
1655 2220 1851 2278 11115·
1884 2218 2047 2296 Sacc.
2083 2219 2230 2274 vul.
2307 2217 2453 2276 Non·

641 2305 788 2360 nulla
822 2302 1102 2361 Arevalus
1131 2304 1384 2362 contulit.
2188 2361 2193 2366 ,

764 2389 877 2444 Iam
907 2387 1116 2460 siquis
1144 2388 1214 2443 de
1250 2386 1585 2444 auctoritate
1626 2385 1789 2442 huius
1823 2384 2004 2442 libelli
2038 2390 2302 2457 quaerat,
2348 2385 2462 2442 hoc

638 2470 874 2544 primum
903 2486 1125 2540 monae,
1161 2470 1342 2542 qualis
1381 2477 1467 2526 est
1498 2470 1663 2526 talem
1698 2482 1879 2541 neque
1908 2485 1941 2524 a
1972 2467 2243 2524 Suetonio
2276 2484 2462 2542 neque

641 2555 711 2611 ab
743 2554 860 2609 ullo
907 2560 1102 2611 vetere
1153 2555 1435 2626 scriptore
1476 2553 1841 2626 compositum
1888 2568 2017 2608 esse
2064 2567 2265 2624 posse:
2307 2557 2462 2608 tanta

643 2642 732 2694 est
776 2653 963 2693 rerum
1007 2639 1447 2709 perscriptarum
1475 2636 1795 2693 commixtio
1826 2652 1895 2692 ac
1922 2635 2289 2708 perturbatio.
2351 2635 2460 2690 -Ti-

642 2721 789 2776 tulus
815 2719 1164 2777 differentias
1182 2720 1403 2792 quidem
1438 2736 1750 2777 sermonum
1782 2719 2083 2792 pollicetur
2114 2724 2172 2774 et
2204 2725 2291 2776 est
2320 2733 2459 2774 sane
2565 2755 2577 2760 -
2659 2721 2660 2730 ’

639 2803 820 2861 maior
854 2821 986 2877 pars
1033 2803 1156 2859 eius
1188 2804 1533 2876 argumenti,
1576 2803 1679 2861 sed
1718 2802 2145 2876 interponuntur
2184 2802 2461 2874 permulta

641 2889 806 2961 plane
851 2888 1061 2945 diversi
1110 2888 1339 2958 generis
1358 2929 1375 2958 ,
1436 2889 1507 2944 de
1558 2886 2029 2944 declinationibus
2072 2885 2350 2941 nominum
2404 2890 2463 2939 et

623 2968 944 3026 'verborum
971 2970 1064 3026 vel
1096 2970 1166 3026 ad
1195 2980 1537 3028 communem
1569 2969 1833 3042 loquendi
1865 2985 2022 3024 usum
2056 2969 2148 3025 vel
2182 2969 2251 3025 ad
2280 2967 2460 3039 magi-

639 3061 882 3110 strorum
912 3059 1216 3127 praecepta
1251 3053 1585 3124 dirigendis,
1619 3054 1688 3110 de
1727 3053 2029 3124 generibus
2060 3052 2357 3121 nominum,
2389 3051 2461 3106 de

641 3137 958 3208 originibus
983 3137 1403 3208 vocabulorum,
1435 3137 1506 3192 de
1527 3143 1681 3193 recte
1710 3135 2093 3206 intelligendis
2117 3135 2309 3193 verbis
2332 3134 2461 3206 qui-

641 3221 875 3278 busdam
918 3221 1264 3290 rarioribus,
1311 3236 1491 3292 eaque
1524 3227 1632 3277 tam
1662 3220 1899 3276 disiecta
1934 3225 1993 3276 et
2022 3220 2183 3291 quasi
2226 3218 2457 3275 fortuito

640 3304 850 3378 passini
880 3321 1096 3376 sparsa,
1130 3309 1242 3361 tum
1272 3304 1513 3376 repetita
1542 3319 1763 3376 quoque
1794 3302 1882 3362 bis
1909 3310 2065 3360 terve
2096 3310 2261 3375 atque
2294 3301 2459 3357 etiam

641 3387 1012 3459 repugnantia
1040 3387 1186 3442 inter
1219 3405 1304 3458 se,
1337 3393 1397 3444 ut
1432 3395 1642 3444 certum
1666 3388 1939 3459 quoddam
1962 3385 2246 3444 scribendi
2278 3399 2459 3456 genus

645 3476 966 3542 certumque
1017 3471 1312 3542 scriptoris
1364 3472 1801 3530 consiliumnon
1840 3486 2117 3542 agnoscas
2143 3512 2159 3541 ,
2212 3470 2315 3528 sed
2357 3466 2457 3523 ad-

646 3552 898 3610 versaria
952 3553 1220 3626 quaedam
1273 3554 1617 3627 perlustrare
1669 3553 1770 3610 tibi
1803 3555 2034 3611 videare
2080 3554 2355 3627 privatum
2398 3547 2455 3606 in
