2700 4234
510 237 631 298 194
679 247 738 296 ο.
767 249 1067 298 snmom
1100 249 1357 308 TRANQ.
1395 249 1489 296 DE
1521 250 1685 296 VITA
1725 249 2094 296 CAESARUM
2126 249 2264 296 ΜΒ.
2290 250 2385 297 VI.

507 405 765 484 quentia,
794 406 893 463 vix
917 413 1192 484 repertae
1218 401 1494 482 Capitolii
1522 403 1738 463 claves.
1805 401 1945 462 Cum
1971 421 2045 462 ex
2071 405 2334 463 oratione
2358 405 2502 482 eius,

511 507 623 568 qua
648 491 708 548 in
730 487 1037 549 Vindicem
1062 487 1394 566 perorabat,
1419 489 1762 546 recitaretur
1783 487 1838 544 in
1858 495 2080 564 senatu,
2109 486 2346 547 daturos
2365 505 2501 566 poe-

508 589 611 634 nas
638 573 963 633 sceleratos
991 591 1062 632 ac
1086 570 1251 631 brevi
1277 570 1510 648 dignum
1535 573 1745 630 exitum
1770 571 2051 647 facturos,
2089 571 2502 631 conclamatum

509 667 599 717 est
649 657 721 717 ab
759 657 1082 718 universis:
1142 653 1231 715 Tu
1264 654 1507 734 faciest,
1555 650 1866 732 Auyuste!
1927 653 2312 714 Observatum
2337 658 2503 716 etiam

508 741 727 818 iuerat,
753 742 1126 800 novissimam
1150 738 1404 798 fabulam
1431 747 1697 798 cantasse
1724 756 1851 797 eum
1877 737 2111 817 publice
2145 736 2502 817 Oedipodem
2519 771 2541 809 ⁵

510 825 742 884 exulem
768 833 939 903 atque
971 826 1027 883 in
1050 823 1165 882 hoc
1191 823 1419 883 desisse
1441 840 1649 881 versu:

708 910 957 968 Θανεῖν
1000 897 1059 986 μ’
1100 897 1318 986 ἄνωγε
1363 897 1739 984 σύγγαμος,
1785 895 1997 984 μήτηρ
2017 951 2034 981 ,
2083 898 2318 986 πατήρ.

424 999 491 1054 47
636 991 905 1051 Nuntiata
932 993 1156 1051 interim
1194 991 1364 1048 etiam
1403 998 1731 1048 ceterorum
1763 991 2116 1048 exercituum
2150 989 2501 1066 defectione,

510 1077 733 1137 litteras
759 1075 1058 1155 prandenti
1084 1073 1192 1133 sibi
1221 1073 1476 1132 redditas
1518 1074 1874 1151 concerpsit,
1919 1091 2174 1133 mensam
2205 1073 2502 1150 subvertit,

512 1159 659 1221 duos
683 1159 941 1238 scyphos
964 1158 1276 1236 gratissimi
1302 1175 1457 1234 usus,
1486 1174 1632 1236 quos
1651 1155 1960 1216 Homerios
1986 1176 2019 1217 a
2055 1156 2344 1218 caelatura
2381 1175 2499 1217 car·
2524 1171 2568 1211 ιο

510 1245 717 1303 minum
742 1241 978 1302 Homeri
1002 1241 1284 1317 vocabat,
1318 1240 1448 1301 solo
1471 1241 1675 1318 inlisit,
1713 1259 1783 1300 ac
1814 1250 2042 1320 sumpto
2083 1259 2116 1301 a
2137 1241 2382 1300 Lucusta
2407 1259 2504 1300 ve-

510 1344 661 1387 neno
694 1329 831 1386 etin
859 1344 1087 1386 auream
1129 1325 1403 1405 pyxidem
1445 1325 1700 1400 condito,
1739 1327 1964 1384 transiit
1997 1327 2054 1386 in
2083 1325 2290 1384 hortos
2312 1325 2504 1384 Servi-

510 1411 719 1487 lianos,
743 1411 859 1487 ubi,
886 1411 1221 1488 praemissis
1244 1409 1582 1469 libertorum
1609 1408 1899 1467 fidissimis
1925 1407 2142 1468 Ostiam
2167 1408 2240 1468 ad
2259 1409 2508 1468 classem

514 1493 990 1574 praeparandam,
1018 1492 1278 1553 tribunos
1306 1493 1790 1570 centurionesque
1820 1494 2091 1569 praetorii
2119 1492 2190 1552 de
2214 1493 2392 1569 fugae
2417 1509 2507 1550 so-

514 1581 723 1638 cietate
744 1580 1064 1657 temptavit.
1128 1575 1243 1636 Sed
1270 1577 1478 1656 partim
1503 1575 2040 1652 tergiversantibus,
2077 1578 2282 1654 partim
2307 1583 2513 1654 aperte
2535 1592 2578 1631 15

514 1662 989 1761 detrectantibus,
1015 1679 1130 1720 uno
1156 1677 1300 1719 vero
1338 1661 1512 1720 etiam
1547 1659 1982 1738 proclamante:
2031 1658 2236 1738 Usque
2273 1658 2516 1720 adeone

512 1746 674 1807 mori
702 1747 993 1805 miserum
1023 1746 1159 1804 θεῖ’)
1191 1745 1354 1804 varie
1380 1744 1639 1820 agitavit,
1663 1743 1985 1802 Parthosne
2010 1761 2082 1804 an
2118 1743 2359 1804 Galbam
2380 1761 2511 1841 sup-

517 1830 657 1909 plex
684 1837 930 1907 peteret,
959 1848 1030 1888 an
1060 1837 1275 1888 atratus
1314 1826 1622 1924 prodiret
1605 1845 1661 1885 in
1697 1825 1992 1905 publicum
2031 1845 2257 1927 proque
2301 1828 2514 1888 rostris

516 1920 725 1991 quanta
747 1912 991 1971 maxima
1016 1920 1219 1990 posset
1243 1904 1616 1969 miseratione
1644 1912 1868 1970 veniam
1895 1913 2343 1990 praeteritorum
2384 1929 2512 1991 pre-

517 2003 768 2072 caretur,
794 2013 863 2055 ac
893 1997 948 2053 ni
974 1995 1237 2054 flexisset
1260 1994 1503 2070 animos,
1524 1992 1621 2052 vel
1643 1993 1902 2073 Aegypti
1925 1996 2354 2074 praefecturam
2379 2013 2516 2056 con·
2533 2009 2579 2048 20

518 2079 645 2139 cedi
679 2079 789 2138 sibi
828 2088 1042 2138 oraret.
1104 2076 1381 2137 Inventus
1415 2086 1506 2136 est
1542 2087 1749 2156 postea
1788 2080 1847 2137 in
1883 2079 2096 2140 scrinio
2131 2082 2253 2140 eius
2291 2080 2409 2141 hac
2447 2079 2516 2138 de

515 2182 579 2224 re
606 2180 798 2223 sermo
835 2163 1145 2232 formatus3
1186 2161 1291 2222 sed
1327 2161 1660 2222 deterritum
1704 2171 1918 2241 putant,
1948 2181 2022 2222 ne
2057 2165 2216 2243 prius
2251 2182 2427 2242 quam
2464 2164 2520 2221 in

515 2247 703 2308 forum
728 2249 1065 2326 perveniret
1087 2247 1541 2325 discerperetur.

642 2332 741 2392 Sic
765 2331 1119 2408 cogitatIOne
1157 2332 1213 2390 in
1248 2339 1547 2410 posterum
1583 2329 1732 2389 diem
1775 2329 1964 2406 dilata,
2001 2330 2072 2390 ad
2103 2330 2352 2390 mediam
2391 2331 2522 2390 fere

514 2423 747 2484 noctem
785 2417 1099 2492 excitatus,
1134 2423 1195 2474 ut
1239 2416 1522 2492 comperit
1559 2414 1860 2473 stationem
1893 2413 2129 2473 militum
2167 2415 2520 2488 recessisse,
2539 2431 2585 2470 25

516 2498 785 2579 prosiluit
810 2517 843 2556 e
866 2497 1025 2558 lecto
1050 2502 1316 2576 misitque
1344 2501 1561 2558 circum
1593 2499 1833 2572 amicos,
1861 2506 1919 2556 et
1956 2500 2087 2574 quia
2123 2497 2260 2557 nihil
2299 2515 2336 2556 a
2379 2513 2520 2576 quo-

519 2599 685 2661 quam
709 2581 1164 2658 renuntiabatur,
1192 2584 1323 2661 ipse
1344 2600 1471 2641 cum
1488 2583 1689 2661 paucis
1706 2581 1958 2659 hospitia
1983 2581 2344 2660 singulorum
2365 2581 2523 2641 adiit.

514 2667 735 2728 Verum
761 2666 975 2725 clausis
1002 2668 1248 2726 omnium
1276 2665 1521 2742 foribus,
1551 2664 1946 2744 respondente
1981 2665 2160 2742 nullo,
2186 2667 2243 2724 in
2280 2665 2524 2724 cubicu-

516 2750 632 2809 lum
653 2749 843 2826 rediit,
868 2750 1017 2810 unde
1041 2753 1151 2810 iam
1168 2759 1225 2812 et
1240 2749 1514 2811 custodes
1530 2749 1890 2826 diffugerant,
1916 2748 2156 2828 direptis
2175 2751 2351 2810 etiam
2379 2759 2526 2810 stra-

517 2833 694 2911 guliS,
720 2843 909 2893 amota
936 2845 992 2895 et
1016 2835 1230 2914 pyxide
1255 2835 1494 2902 veneni;
1532 2851 1602 2892 ac
1641 2835 1829 2893 statim
1866 2832 2159 2912 Spiculum
2197 2832 2592 2908 myrmillo-30

517 2936 648 2977 nem
684 2916 781 2976 vel
823 2919 1136 2997 quemlibet
1160 2919 1329 2979 alium
1370 2934 1814 2996 percussorem,
1870 2917 2030 2976 cuius
2066 2935 2233 2976 manu
2273 2919 2531 2995 periret,

518 3002 800 3081 requisiit,
826 3011 883 3062 et
914 3004 1139 3063 nemine
1164 3009 1436 3082 reperto,
1477 2997 1650 3079 Eryo
1682 3019 1826 3080 eqo,
1865 3003 2073 3079 inquit,
2109 3018 2224 3061 nec
2251 3001 2534 3062 amicum

518 3085 719 3146 habeo
755 3103 870 3146 nec
896 3086 1247 3148 inimicum?
1277 3086 1718 3164 procurritque,
1753 3087 1915 3163 quasi
1941 3085 2444 3163 praecipitaturus
2467 3101 2534 3144 se

434 3170 575 3230 48in
600 3169 873 3228 Tiberim.
943 3171 1060 3230 Sed
1093 3177 1373 3229 revocato
1410 3186 1610 3228 rursus
1648 3169 1894 3248 impetu,
1925 3168 2136 3247 aliquid
2175 3171 2536 3230 secretioris

519 3251 781 3312 latebrae
808 3255 879 3315 ad
903 3254 1293 3332 colligendum
1318 3253 1561 3313 animum
1587 3251 1957 3329 desideravit,
1985 3261 2043 3311 et
2067 3252 2358 3312 offerente
2379 3253 2532 3312 Pha·
2551 3273 2595 3313 35

520 3345 655 3395 onte
676 3335 889 3397 liberto
917 3336 1303 3397 suburbanum
1328 3354 1489 3395 suum
1522 3337 1672 3395 inter
1698 3335 1978 3396 Salariam
2015 3345 2074 3395 et
2095 3335 2537 3396 Nomentanam

518 3419 669 3480 viam
696 3421 852 3479 circa
882 3428 1144 3500 quartum
1167 3420 1487 3498 miliarium,
1513 3428 1571 3479 ut
1597 3429 1720 3480 erat
1744 3418 1896 3480 nudo
1925 3419 2077 3499 pede
2102 3429 2275 3499 atque
2299 3422 2535 3480 tunica-

516 3509 625 3578 tus,
650 3503 958 3580 paenulam
984 3501 1235 3563 obsoleti
1260 3503 1479 3563 coloris
1503 3502 1879 3582 superinduit,
1903 3503 2305 3583 adopertoque
2333 3523 2406 3564 ca
2417 3504 2540 3584 pite
2624 3555 2625 3564 ι
