2700 4234
907 331 1115 380 mvus
1149 332 1530 381 Auens'rus.
2143 320 2224 383 69

218 506 333 548 ιιοιι
365 486 627 563 libidine,
672 486 777 545 sed
806 486 1027 546 ratione
1066 486 1403 564 commissa,
1453 503 1566 565 quo
1599 486 1822 546 facilius
1858 486 2098 548 consilia
2129 486 2225 549 ad·

220 572 609 632 versariorum
623 587 731 649 per
757 569 1035 649 cuiusque
1048 569 1321 629 mulieres
1350 570 1705 647 exquireret.
1737 570 1814 631 M.
1833 569 2118 630 Antonius
2133 590 2218 631 su-

220 673 326 734 per
354 655 659 715 festinatas
681 652 878 713 Liviae
912 655 1139 732 nuptias
1172 652 1390 713 obiecit
1429 662 1488 711 et
1513 652 1808 731 feminam
1834 653 2224 715 consularem

218 757 251 799 e
288 737 558 799 triclinio
601 735 738 797 viro
771 753 985 798 coram
1020 738 1085 797 in
1120 735 1465 797 cubiculum
1498 736 1832 798 abductam
1847 783 1865 815 ,
1910 755 2136 799 rursus
2163 739 2227 799 in

174 848 197 886 5
218 819 564 883 convivium
602 817 964 881 rubentibus
1007 820 1308 881 auriculis
1340 822 1747 898 incomptiore
1775 822 2003 900 capillo
2041 820 2224 884 redu-

220 912 381 966 ctam
390 930 424 977 ,·
470 904 789 965 dimissam
821 902 1215 966 Scriboniam
1233 949 1251 980 ‚
1292 904 1444 983 quia
1497 902 1752 965 liberius
1795 905 2094 967 doluisset
2132 908 2224 967 ni-

217 990 405 1049 miam
428 989 766 1067 potentiam
791 987 1051 1065 pelicis;
1080 988 1462 1049 conditiones
1490 988 1808 1067 quaesitas
1824 1007 1943 1068 per
1967 989 2224 1067 amicos,

220 1074 327 1153 qui
366 1079 599 1133 matres
635 1072 917 1151 familias
947 1079 1005 1133 et
1032 1071 1285 1139 adultas
1313 1077 1516 1132 aetate
1543 1072 1816 1152 viryines
1844 1073 2232 1134 denudarent

220 1164 407 1235 atque
426 1157 872 1256 perspicerent,
910 1162 1221 1235 tamquam
1246 1154 1556 1216 Thoranio
1581 1174 1884 1235 manyone
1910 1157 2224 1218 vendente.

146 1261 201 1301 ιο
224 1240 441 1300 Scribit
470 1242 637 1300 etiam
668 1240 737 1300 ad
768 1244 955 1317 ipsum
984 1240 1150 1316 haec,
1183 1239 1543 1301 familiariter
1573 1239 1760 1300 adhuc
1783 1240 2026 1301 necdum
2054 1241 2227 1321 plane

220 1320 481 1384 inimicus
521 1332 615 1385 aut
661 1324 879 1385 hostis:
921 1320 1087 1395 Quid
1116 1330 1171 1383 te
1208 1324 1496 1397 mutavit,
1543 1323 1709 1401 quod
1737 1325 2014 1403 reginam
2044 1325 2228 1386 ineo?

220 1426 391 1468 uxor
428 1425 565 1468 mea
606 1416 713 1469 est.
769 1406 951 1469 Nunc
980 1407 1187 1485 coepi,
1234 1425 1317 1468 an
1350 1404 1575 1467 abhinc
1607 1424 1805 1469 annos
1831 1411 2093 1469 novem?
2141 1406 2228 1470 Tu

223 1490 444 1551 deinde
490 1491 691 1553 solam
726 1490 1075 1552 Drusillam
1124 1491 1294 1551 inis?
1346 1488 1439 1550 ita
1475 1489 1725 1566 valea-9,
1780 1492 1874 1552 uti
1915 1500 2010 1569 tu,
2068 1492 2230 1553 hanc

224 1574 550 1653 epistolam
576 1594 711 1635 cum
735 1574 915 1654 leyes,
949 1594 1073 1635 non
1102 1574 1319 1634 inieris
1347 1573 1678 1634 Tertullam
1709 1582 1818 1635 aut
1837 1574 2229 1637 Terentillam

151 1680 204 1719 ιτ)
224 1665 333 1719 aut
352 1658 649 1736 Rufillam
672 1664 780 1719 aut
796 1658 1078 1719 Saluiam
1100 1656 1452 1719 Titiseniam
1483 1663 1593 1717 aut
1620 1676 1844 1719 omnes.
1893 1657 1991 1718 An
2010 1658 2224 1736 refert,

220 1741 329 1803 ubi
353 1748 415 1802 et
442 1744 507 1802 in
534 1759 659 1821 qua
690 1743 1033 1821 arriyas?

348 1824 545 1886 Caena
586 1844 815 1905 quoque
861 1828 985 1887 eius
1028 1826 1313 1885 secretior
1349 1826 1406 1884 in
1442 1824 1652 1887 fabulis
1681 1826 1817 1902 fuit,
1865 1844 2012 1905 qnae
2045 1826 2224 1904 vulgo
2242 1838 2312 1893 70

221 1902 649 1981 δωδεκαθεος
690 1910 1034 1979 vocabatur;
1095 1910 1153 1968 in
1197 1927 1307 1988 qua
1357 1908 1595 1969 deorum
1637 1909 1986 1989 dearumque
2032 1910 2228 1970 habitu

220 1992 587 2053 discubuisse
629 1994 903 2053 convivas
955 2001 1013 2053 et
1064 1993 1252 2072 ipsum
1300 2012 1406 2073 pro
1447 1993 1723 2092 Apolline
1768 2002 2058 2072 ornatum,
2111 2011 2228 2054 non

147 2103 198 2142 20
219 2076 439 2137 Antoni
470 2077 643 2137 modo
678 2075 962 2157 epistolae
991 2075 1345 2154 singulorum
1367 2078 1593 2137 nomina
1617 2078 1970 2138 amarissime
1997 2097 2225 2137 enume-

214 2162 397 2221 rantis
431 2160 819 2240 exprobrant,
856 2160 962 2221 sed
990 2170 1055 2220 et
1084 2161 1208 2219 sine
1240 2169 1479 2220 auctore
1510 2162 1790 2221 notissimi
1821 2179 2055 2221 versus:

454 2250 589 2306 Cum
608 2252 860 2321 primum
889 2252 1115 2305 istorum
1144 2249 1414 2303 conduxit
1437 2264 1627 2303 mensa
1660 2248 1990 2321 chorzzqnm,

444 2398 449 2402 ¹
535 2332 759 2405 Sexque
790 2334 920 2389 deos
948 2333 1077 2389 vidit
1101 2331 1299 2387 Mallia
1324 2347 1536 2404 sexque
1563 2333 1728 2393 deas;

447 2415 633 2487 Impia
664 2416 793 2471 dum
820 2416 1029 2471 Phoebi
1056 2416 1265 2473 Caesar
1291 2416 1578 2471 mendacia
1605 2416 1770 2481 ludit,

134 2529 188 2569 25
551 2500 697 2557 Dum
727 2516 869 2555 nova
898 2501 1144 2555 divorum
1174 2507 1374 2555 coenat
1400 2500 1702 2555 adulteria.-

451 2582 645 2641 Omnia
672 2598 731 2639 se
761 2602 797 2639 a
828 2586 993 2653 terris
1020 2589 1151 2639 tunc
1177 2586 1404 2638 numina
1434 2584 1807 2653 declinarunt,

552 2667 718 2740 Fuyit
744 2675 797 2723 et
824 2673 1053 2725 auratos
1087 2666 1339 2739 Iuppiter
1369 2669 1490 2739 ipse
1518 2667 1761 2725 thronos.

212 2749 397 2809 Auxit
456 2764 673 2807 caenae
718 2764 1007 2807 rumorem
1060 2764 1273 2806 summa
1313 2754 1449 2806 tunc
1490 2748 1546 2806 in
1589 2748 1822 2807 civitate
1866 2748 2104 2825 penuria
2154 2764 2225 2807 ac

214 2833 439 2907 fames,
473 2829 965 2909 adclamatumque
998 2837 1087 2889 est
1116 2830 1420 2909 postridie,
1472 2848 1647 2891 omne
1672 2830 2043 2908 frumentum
2073 2829 2226 2891 deos

142 2940 195 2980 so
218 2914 561 2976 comedisse
602 2922 662 2975 et
690 2912 1027 2975 Caesarem
1056 2931 1191 2973 esse
1213 2914 1405 2992 plane
1430 2912 1809 2992 Apollinem,
1856 2914 1971 2973 sed
2007 2912 2220 2975 Torto-

217 3016 388 3059 rem:
414 3010 548 3077 ·quo
594 3001 941 3075 cognomine
972 2998 1021 3056 is
1057 2997 1198 3056 deus
1243 2999 1485 3076 quadam
1515 2999 1570 3056 in
1605 3007 1770 3076 parte
1801 2996 1958 3057 urhis
1991 2997 2222 3057 coleba-

216 3092 328 3142 tur.
385 3081 633 3142 Notatus
664 3091 754 3141 est
784 3091 841 3142 et
868 3090 927 3141 ut
956 3083 1251 3160 pretiosae
1276 3081 1662 3160 supellectilis
1682 3079 2223 3160 Corinthiorumque

218 3163 633 3245 praecupidae,
667 3174 725 3225 et
757 3165 921 3226 aleae
951 3163 1275 3241 indulgens.
1335 3163 1482 3224 Nam
1512 3173 1570 3225 et
1599 3166 2048 3245 prescriptionis
2083 3173 2221 3223 tem-

217 3266 366 3327 pore
394 3248 469 3309 ad
494 3256 736 3310 statuam
767 3250 890 3309 eius
926 3248 1237 3326 ascriptum
1268 3257 1392 3308 est:

144 3341 199 3382 35
645 3337 817 3393 Pater
846 3336 1224 3409 amentarius,
1254 3351 1350 3407 eqo
1383 3336 1806 3407 Corinthiarius,

223 3433 353 3475 cum
380 3416 806 3476 existimaretur
836 3410 1112 3495 quosdam
1143 3423 1387 3495 propter
1415 3434 1554 3476 vasa
1585 3414 1880 3477 Corinthia
1907 3414 2056 3475 inter
2086 3431 2220 3496 pro·

218 3500 475 3577 scriptos
524 3514 761 3559 curasse
801 3498 1177 3570 referendos;
1222 3508 1281 3558 et
1320 3498 1526 3559 deinde
1568 3499 1728 3560 hello
1762 3498 2053 3559 Siciliensi
2100 3496 2221 3576 epi·

215 3600 475 3659 gramma
505 3582 801 3659 vulgatum
828 3592 949 3642 est:
