2700 4234
511 269 632 332 148
720 280 782 328 e.
808 279 1107 330 sns'rom
1139 280 1397 340 TRANQ.
1424 281 1520 326 DE
1550 258 1719 327 vau
1750 279 2121 329 CAESARUM
2150 281 2291 329 LIB.
2316 281 2384 330 V.

506 438 602 517 pia
643 436 904 497 decrevit
949 442 1006 492 et
1051 433 1373 494 Germanici
1426 450 1755 512 cognomen
1799 435 1913 513 ipsi
1958 436 2331 514 posterisque
2377 438 2527 498 eius.

505 521 714 582 Fuisse
747 529 935 580 autem
968 517 1220 578 creditur
1248 535 1363 578 non
1394 521 1578 578 minus
1610 517 1861 594 gloriosi
1892 536 2063 596 quam
2099 519 2289 579 civilis
2321 522 2527 590 animi;

505 623 636 666 nam
666 623 740 664 ex
769 605 940 665 hoste
970 620 1148 680 super
1193 603 1473 662 victorias
1514 603 1705 681 opima
1746 619 1981 680 quoque
2014 603 2210 681 spolia
2250 613 2528 683 captasse

507 705 844 768 summoque
885 687 1123 764 saepius
1163 685 1494 746 discrimine
1538 685 1718 746 duces
1765 684 2181 746 Germanorum
2229 695 2353 747 tota
2398 692 2529 748 acie

506 775 851 840 insectatus:
917 787 1030 828 nec
1083 769 1478 830 dissimulasse
1529 787 1795 848 umquam
1856 771 2157 849 pristinum
2209 787 2277 830 se
2328 773 2419 832 rei
2466 792 2569 851 με

507 864 744 932 statum,
807 853 1154 933 quandoque
1218 863 1453 933 posset,
1518 855 1931 914 restituturum.
2019 853 2191 916 Unde
2254 856 2527 916 existimo

504 938 818 1000 nonnullos
853 937 1086 998 tradere
1129 955 1339 1015 ausos,
1404 947 1737 1017 suspectum
1793 955 1921 999 eum
1968 937 2239 1016 Augusto
2282 955 2527 1000 revoca·

505 1033 738 1102 tumque
782 1042 858 1083 ex
901 1023 1201 1101 provincia
1260 1031 1318 1081 et
1364 1023 1497 1100 quia
1540 1031 1940 1098 cunctaretur,
1993 1023 2385 1101 interceptum
2429 1042 2527 1082 ve-

504 1123 677 1168 neno.
779 1106 948 1182 Quod
1015 1104 1279 1183 equidem
1341 1107 1528 1182 magis
1588 1123 1662 1164 ne
1721 1106 2248 1184 praetermitterem
2305 1107 2524 1182 rettuli,

508 1209 677 1271 quam
732 1192 863 1269 quia
925 1207 1129 1248 verum
1183 1197 1280 1248 aut
1329 1191 1458 1249 veri
1521 1190 1707 1249 simile
1762 1198 1989 1267 putem,
2044 1208 2172 1250 cum
2224 1188 2589 1268 Augustus„

503 1283 664 1354 tanto
697 1291 890 1351 opere
926 1282 985 1332 et
1026 1273 1219 1332 vivum
1250 1271 1549 1351 dilexerit,
1609 1282 1671 1332 ut
1712 1272 2067 1334 coheredem
2106 1292 2344 1353 semper
2390 1274 2525 1335 filiis

503 1358 841 1433 instituerit,
903 1357 1051 1416 sicut
1095 1356 1382 1435 quondam
1428 1359 1485 1416 in
1530 1366 1732 1417 senatu
1776 1357 2085 1435 professus
2130 1366 2255 1434 est,
2316 1367 2377 1417 et
2426 1357 2524 1418 de·

503 1441 759 1501 functum
800 1443 876 1500 ita
919 1459 1029 1520 pro
1071 1441 1359 1500 concione
1403 1440 1756 1519 laudaverit,
1823 1450 1885 1501 ut
1926 1441 2385 1520 deos-precatus
2432 1444 2527 1518 sit,

504 1525 738 1586 similes
768 1526 827 1586 ei
859 1523 1172 1588 Caesares
1211 1542 1375 1586 -suos
1404 1523 1722 1602 facerent,
1768 1523 2011 1603 sibique
2038 1531 2166 1586 tam
2202 1524 2529 1586 honestum

481 1611 876 1690 ,quandoque
919 1612 1147 1670 exitum
1179 1609 1409 1669 darent
1436 1626 1621 1688 quam
1651 1607 1748 1670 illi
1783 1609 2116 1669 dedissent.
2205 1607 2336 1668 Nec
2387 1627 2589 1669 con-15

503 1704 696 1755 tentus
757 1695 1011 1771 elogium
1069 1693 1283 1753 tumulo
1339 1695 1464 1752 eius
1521 1691 1787 1753 versibus
1842 1711 1875 1753 a
1928 1711 1993 1752 se
2046 1693 2394 1772 compositis
2446 1694 2527 1751 in-

507 1779 864 1856 sculpsisse,
919 1779 1090 1836 etiam
1120 1778 1271 1837 vitae
1303 1777 1636 1837 memoriam
1670 1793 1845 1856 prosa
1878 1777 2143 1836 oratione
2176 1777 2527 1854 composuit.

623 1861 718 1920 Ex
751 1860 999 1920 Antonia
1034 1861 1256 1920 minore
1303 1861 1635 1938 complures
1679 1860 1906 1940 quidem
1944 1859 2169 1920 liberos
2207 1860 2369 1936 tulit,
2424 1879 2530 1918 ve-

503 1962 627 2003 rum
665 1952 786 2002 tres
831 1944 1060 2004 omnino
1096 1943 1365 2022 reliquit:
1412 1943 1833 2020 Germanicum,
1884 1943 2167 2020 Livillam‚
2203 1942 2528 2004 Claudium.

437 2037 472 2090 2
633 2025 907 2087 Claudius
937 2036 1102 2086 natus
1135 2037 1223 2087 est
1251 2027 1398 2088 Iulio
1435 2027 1727 2105 Antonio,
1788 2024 1974 2088 Fabio
2008 2028 2290 2088 Africano
2326 2045 2526 2088 conss.
2546 2047 2590 2089 20

503 2112 597 2174 Kl.
641 2110 792 2190 Aug.
825 2110 1156 2188 Luguduni,
1226 2129 1298 2172 eo
1337 2113 1470 2190 ipso
1526 2112 1619 2172 die
1672 2129 1786 2192 quo
1844 2113 2087 2190 primum
2131 2129 2229 2171 ara
2283 2110 2383 2170 ib‘r
2408 2111 2530 2171 Au·

504 2205 677 2274 gusto
711 2196 978 2256 dedicata
1025 2205 1146 2272 est,
1195 2196 1641 2275 appellatusque
1675 2195 1943 2256 Tiberius
1976 2194 2253 2256 Claudius
2280 2195 2531 2255 Drusus.

501 2281 641 2341 Mox
681 2281 860 2341 fratre
900 2282 1120 2341 maiore
1163 2281 1221 2339 in
1255 2279 1458 2340 Iuliam
1508 2279 1781 2340 familiam
1830 2279 2138 2359 adoptato,
2198 2279 2533 2340 Germanici

505 2381 834 2441 cognomen
865 2366 1192 2441 assumpsit.
1279 2363 1476 2424 Infans
1507 2372 1695 2423 autem
1724 2363 1965 2422 relictus
1999 2381 2033 2422 a
2061 2371 2263 2441 patre,
2316 2381 2390 2422 ac
2417 2381 2533 2441 per

505 2464 674 2507 omne
709 2448 835 2506 fere
868 2449 1153 2524 pueritiae
1186 2456 1360 2526 atque
1392 2446 1824 2507 adulescentiae
1856 2455 2085 2526 tempus
2115 2449 2292 2506 variis
2341 2455 2400 2505 et
2438 2455 2595 2506 te-25

501 2529 741 2590 nacibus
802 2528 1020 2590 morbis
1081 2531 1446 2591 conflictatus
1500 2539 1621 2607 est,
1688 2529 1834 2590 adeo
1890 2539 1950 2590 ut
2002 2531 2192 2590 animo
2252 2529 2419 2590 simul
2472 2539 2535 2589 et

503 2631 755 2693 corpore
787 2613 1096 2690 hebetato,
1157 2634 1230 2674 ne
1274 2631 1594 2693 progressa
1641 2613 1873 2693 quidem
1918 2622 2108 2674 aetate
2140 2613 2243 2673 ulli
2284 2612 2531 2693 publico

503 2699 858 2778 privatoque
905 2701 1126 2758 muneri
1169 2697 1380 2758 habilis
1436 2699 1881 2758 existimaretur.
1965 2697 2077 2757 Diu
2124 2706 2298 2777 atque
2353 2697 2533 2758 etiam

502 2791 641 2861 post
670 2783 905 2842 tutelam
942 2791 1242 2861 receptam
1277 2781 1452 2842 alieni
1492 2782 1713 2842 arbitrii
1744 2791 1803 2841 et
1846 2781 1951 2842 sub
1987 2780 2345 2860 paedagogo
2384 2780 2530 2849 fuit:

503 2883 674 2946 quem
713 2865 1021 2926 barbarum
1063 2875 1122 2925 et
1164 2865 1300 2926 olim
1342 2866 1916 2945 superiumentarium
1959 2884 2036 2925 ex
2081 2864 2366 2925 industria
2411 2865 2532 2923 sibi
2552 2876 2599 2918 30

501 2952 857 3030 appositum,
920 2959 982 3010 ut
1011 2967 1074 3009 se
1111 2949 1569 3028 quibuscumque
1616 2949 1688 3010 de
1742 2951 1931 3010 causis
1978 2967 2148 3028 quam
2182 2949 2535 3010 saevissime

503 3043 847 3110 coerceret,
907 3035 1038 3113 ipse
1073 3033 1321 3113 quodam
1356 3033 1561 3094 libello
1598 3035 1990 3112 conqueritur.
2081 3032 2170 3092 oh
2206 3031 2358 3093 hanc
2388 3049 2533 3092 ean-

503 3117 633 3178 dem
685 3117 1055 3178 valitudinem
1108 3127 1166 3176 et
1221 3116 1567 3194 gladiatorio
1626 3135 1896 3194 munere,
1960 3116 2116 3196 quod
2167 3115 2337 3176 simul
2394 3133 2533 3175 cum

500 3202 683 3260 fratre
711 3201 1025 3261 memoriae
1058 3202 1237 3280 patris
1282 3200 1524 3278 edebat,
1588 3200 1924 3279 palliolatus
1952 3217 2110 3262 novo
2154 3217 2322 3260 more
2353 3217 2531 3278 prae-

502 3282 681 3351 sedit;
723 3293 780 3343 et
810 3293 988 3360 togae
1020 3285 1202 3344 virilis
1235 3285 1328 3344 die
1368 3286 1523 3345 circa
1554 3285 1799 3344 mediam
1830 3293 2062 3346 noctem
2094 3285 2218 3344 sine
2252 3282 2529 3343 sollemni
2548 3293 2593 3334 3⁵
2645 3313 2646 3322 κ

434 3377 468 3431 3
503 3366 702 3428 officio
759 3366 973 3428 lectica
1029 3369 1087 3426 in
1136 3367 1486 3448 Capitolium
1543 3368 1693 3428 latus
1744 3376 1853 3428 est.
1939 3367 2281 3448 Disciplinis
2330 3375 2530 3426 tamen

500 3450 841 3510 liberalibus
887 3451 958 3512 ab
994 3459 1186 3512 aetate
1220 3453 1403 3530 prima
1454 3470 1570 3511 non
1602 3451 1959 3514 mediocrem
1990 3469 2231 3530 operam
2262 3449 2422 3510 dedit
2454 3467 2529 3508 ac

501 3551 686 3614 saepe
747 3537 1146 3614 experimenta
1204 3536 1481 3614 cuiusque
1534 3537 1706 3596 etiam
1748 3531 2087 3617 publicavit.
2176 3537 2397 3596 Verum
2450 3550 2527 3593 ne

2632 4055 2647 4164 ank„
