2700 4234
482 275 599 336 116
660 285 719 335 c,
754 285 1056 334 sun-‘rom
1085 284 1336 344 TRANQ.
1370 285 1465 332 m:
1497 283 1666 332 v1TA
1698 282 2066 332 cfflsffluu
2095 284 2235 331 ΜΒ.
2269 283 2376 330 111.

482 439 778 520 exemplo,
810 449 935 499 ture
962 439 1192 518 quidem
1220 456 1288 498 ac
1314 440 1450 498 vino
1476 456 1676 498 verum
1693 439 1820 498 sine
1843 437 2079 498 tibicine
2105 437 2479 520 supplicavit,

396 541 463 596 ⁷1
482 533 543 584 ut
572 523 674 583 ille
706 522 842 583 olim
872 525 932 598 in
964 532 1150 583 morte
1182 521 1302 584 filii.
1391 524 1676 583 Sermone
1707 520 1931 583 Graeco
1965 539 2306 602 quamquam
2337 521 2478 582 alio-

482 610 579 687 qui
615 615 915 687 promptus
946 611 1018 666 et'
1036 606 1261 684 facilis,
1302 622 1421 666 non
1463 615 1653 666 tamen
1692 623 1876 684 usque
1919 623 2146 685 quaque
2193 623 2329 665 usus
2373 613 2480 682 est,

482 691 865 770 abstinuitque
895 692 1140 750 maxime
1170 692 1228 749 in
1258 699 1491 759 senatu:
1530 689 1676 750 adeo
1706 689 1952 767 quidem,
1985 698 2046 749 ut
2085 687 2484 769 monopolium

480 777 873 836 nominaturus
904 775 1130 834 veniam
1172 775 1331 852 prius
1369 772 1714 852 postularet,
1763 772 1919 851 quod
1948 773 2059 833 sibi
2090 773 2276 832 verbo
2309 790 2476 851 pere·
2499 795 2523 834 ⁵

481 861 650 938 grino
692 857 960 918 utendum
1002 866 1188 927 esset:
1232 866 1404 936 atque
1451 858 1622 916 etiam
1669 873 1797 915 cum
1841 858 1898 916 in
1946 856 2196 936 quodam
2239 856 2481 916 decreto

482 951 705 1023 patrum
748 939 1051 1021 ἔμβλημα
1091 941 1461 1018 recitaretur,
1507 939 1958 1000 commutandam
1991 942 2218 1001 censuit
2253 957 2482 1014 vocem,

483 1036 542 1086 et
570 1041 677 1105 pro
718 1026 1032 1105 peregrina
1060 1033 1377 1084 nostratem
1408 1023 1813 1103 requirendam
1842 1033 1937 1084 aut
1965 1026 2014 1083 si
2043 1041 2160 1084 non
2192 1025 2481 1103 reperire-

482 1119 592 1186 tur,
624 1109 721 1169 vel
753 1108 1013 1188 pluribus
1044 1117 1103 1168 et
1132 1126 1239 1187 per
1268 1107 1537 1169 ambitum
1566 1106 1878 1167 verborum
1909 1126 2031 1168 rem
2061 1106 2480 1168 enuntiandam.

480 1193 721 1256 Militem
742 1209 992 1272 quoque,
1026 1190 1247 1252 Graece
1269 1193 1658 1252 testimonium
1683 1192 2124 1269 interrogatum,
2149 1191 2260 1250 nisi
2283 1190 2480 1251 Latine
2503 1209 2550 1250 ιο

483 1276 849 1356 respondere
886 1275 1084 1334 vetuit.

398 1370 468 1426 72
604 1359 700 1419 Bis
732 1359 959 1418 omnino
992 1366 1115 1420 toto
1150 1376 1425 1420 secessus
1455 1367 1721 1439 tempore
1743 1360 1985 1420 Romam
2017 1358 2211 1418 redire
2243 1366 2484 1419 conatus

486 1442 699 1524 (semel
745 1444 961 1502 triremi
1004 1460 1187 1522 usque
1227 1443 1297 1505 ad
1342 1444 1641 1522 proximos
1685 1442 2056 1504 naumachiae
2099 1441 2308 1502 hortos
2353 1441 2482 1502 sub-

485 1537 722 1605 vectus,
778 1527 1061 1606 disposita
1107 1529 1354 1588 statione
1389 1545 1497 1606 per
1547 1529 1706 1606 ripas
1742 1525 2004 1602 Tiberis,
2075 1543 2224 1604 quae
2257 1525 2484 1586 obviam

484 1611 822 1694 prodeuntis
866 1611 1273 1688 submoveret,
1327 1612 1534 1670 iterum
1575 1610 1771 1692 Appia
1815 1626 1997 1688 usque
2047 1609 2116 1669 ad
2175 1611 2548 1688 septimum15

482 1695 767 1775 lapidem)
824 1694 928 1756 sed
985 1697 1319 1774 prospectis
1372 1694 1546 1755 modo
1586 1713 1698 1754 nec
1755 1693 1918 1754 aditis
1963 1693 2122 1752 urbis
2180 1694 2484 1753 moenibus

484 1780 680 1850 rediit;
714 1781 899 1858 primo
937 1779 1219 1839 incertum
1248 1795 1360 1857 qua
1391 1777 1463 1838 de
1494 1795 1686 1855 causa,
1717 1785 1926 1858 postea
1963 1785 2193 1837 ostento
2225 1779 2482 1838 territus.

484 1865 627 1924 Erat
660 1865 713 1922 ei
751 1864 807 1922 in
849 1861 1289 1922 oblectamentis
1320 1879 1568 1941 serpens
1596 1861 1809 1937 draco,
1851 1878 2020 1940 quem
2055 1878 2131 1919 ex
2173 1870 2482 1921 consuetu·

484 1948 617 2006 dine
647 1963 812 2004 manu
846 1963 948 2006 sua
977 1943 1269 2006 cibaturus
1301 1963 1429 2005 cum
1454 1954 1853 2024 consumptum
1883 1962 1915 2004 a
1940 1944 2198 2004 formicis
2230 1946 2481 2006 invenis-

487 2039 609 2108 set,
652 2029 898 2088 monitus
942 2037 1031 2088 est
1078 2037 1139 2088 ut
1178 2030 1291 2088 vim
1320 2028 1692 2089 multitudinis
1725 2037 1980 2089 caveret.
2041 2029 2301 2089 Rediens
2335 2046 2480 2107 ergo
2505 2050 2552 2090 ιο

488 2129 743 2194 propere
780 2110 1168 2191 Campaniam,
1212 2112 1465 2173 Asturae
1499 2114 1555 2172 in
1585 2112 1926 2192 languorem
1955 2112 2169 2191 incidit,
2182 2131 2315 2212 ‘quo
2347 2132 2484 2192 pau·

484 2199 599 2258 lum
630 2197 854 2258 levatus
884 2195 1148 2257 Circeios
1182 2196 1489 2276 pertendit.
1553 2196 1644 2257 Ac
1677 2215 1750 2256 ne
1783 2214 1952 2276 quam
1979 2198 2374 2276 suspicionem
2402 2199 2483 2256 in-

485 2283 763 2342 firmitatis
802 2280 984 2357 daret,
1028 2279 1421 2342 castrensibus
1454 2273 1604 2341 ludis
1645 2299 1762 2341 non
1793 2289 2008 2340 tantum
2050 2281 2329 2358 interfuit,
2380 2280 2487 2340 sed

484 2367 655 2426 etiam
684 2365 919 2425 missum
944 2366 1001 2423 in
1033 2365 1305 2426 harenam
1328 2383 1528 2444 aprum
1549 2365 1754 2425 iaculis
1781 2363 2034 2444 desuper
2055 2366 2229 2443 petit;
2267 2366 2484 2426 statim·

486 2467 598 2528 que
638 2448 821 2508 latere
854 2447 1135 2508 convulso
1172 2457 1252 2526 et,
1296 2457 1358 2509 ut
1387 2456 1786 2526 exaestuaret,
1829 2447 2058 2509 afflatus
2091 2466 2230 2508 aura
2259 2449 2318 2508 in
2351 2466 2485 2526 gra·
2507 2473 2555 2514 25

484 2533 705 2614 viorem
737 2531 943 2591 recidit
969 2531 1247 2592 morbum.
1302 2534 1656 2594 sustentavit
1689 2542 1876 2592 tamen
1909 2531 2256 2611 aliquandiu,
2290 2550 2484 2611 quam-

484 2617 572 2675 vis
568 2607 870 2676 Misenum
888 2633 1085 2715 usque·
1096 2615 1376 2678 devectus
1401 2617 1542 2678 nihil
1566 2635 1642 2677 ex
1671 2615 1874 2676 ordine
1905 2617 2195 2677 cotidiano
2221 2625 2485 2694 praeter-

484 2701 770 2776 mitteret,
808 2716 881 2758 ne
914 2700 1181 2760 convivia
1214 2701 1444 2780 quidem
1475 2709 1570 2762 aut
1601 2709 1831 2760 ceteras
1861 2699 2228 2780 voluptates,
2278 2703 2490 2779 partim

483 2783 922 2862 intemperantia
959 2784 1162 2862 partim
1202 2783 1675 2845 dissimulatione.
1723 2823 1736 2831 -
1761 2783 1906 2844 Nam
1949 2782 2260 2845 Chariclen
2305 2783 2487 2844 medi·

488 2885 647 2944 cum,
694 2866 846 2946 quod
890 2877 1208 2928 commeatu
1250 2869 1505 2929 afuturus
1541 2885 1573 2928 e
1612 2869 1880 2928 convivio
1915 2867 2227 2946 egrediens
2257 2885 2486 2928 manum
2508 2886 2556 2926 30

486 2950 597 3012 sibi
626 2950 922 3012 osculandi
960 2963 1139 3013 causa·
1158 2952 1671 3031 apprehendisset,
1704 2953 2036 3013 existimans
2065 2959 2378 3032 temptatas
2414 2951 2486 3012 ab

486 3052 559 3096 eo
591 3052 791 3112 venas,
829 3053 1129 3096 remanere
1174 3054 1260 3097 ac
1284 3037 1626 3096 recumbere
1658 3036 1922 3096 hortatus
1957 3045 2076 3114 est,
2125 3053 2488 3115 caenamque

484 3121 787 3198 protraxit.
857 3117 985 3179 Nec
1021 3118 1289 3180 abstinuit
1320 3120 1735 3180 consuetudine
1773 3121 1908 3199 quin
1945 3129 2084 3181 tunc
2121 3136 2378 3200 quoque
2404 3122 2486 3179 in·

486 3211 643 3263 stans
688 3203 746 3262 in
781 3203 971 3263 medio
1019 3202 1302 3282 triclinio,
1340 3213 1562 3266 astante
1572 3201 1835 3282 lictore,
1873 3204 2136 3282 singulos
2166 3205 2370 3264 valere
2405 3203 2487 3263 di·

400 3297 471 3356 73
486 3286 671 3344 centis
702 3287 1047 3365 appellaret.
1126 3286 1360 3348 Interim
1392 3305 1519 3348 cum
1550 3289 1606 3348 in
1639 3289 1782 3348 actis
1814 3298 2048 3349 senatus
2081 3287 2360 3366 legisset,
2401 3287 2485 3347 di·
2509 3309 2562 3349 35

483 3370 695 3428 missos
726 3387 799 3429 ac
832 3387 904 3430 ne
933 3369 1157 3431 auditos
1190 3372 1420 3451 quidem
1457 3371 1736 3452 quosdam
1777 3387 1935 3450 reos,
1979 3371 2050 3432 de
2099 3370 2306 3451 quibus
2353 3371 2492 3432 stri-

487 3452 621 3510 ctim
668 3460 725 3510 et
766 3452 903 3512 nihil
934 3453 1084 3514 aliud
1115 3471 1285 3532 quam
1318 3459 1640 3517 nominatos
1673 3454 1744 3516 ab
1775 3455 1965 3517 iudice
1997 3457 2338 3536 scripserat,
2375 3471 2494 3535 pro

486 3542 818 3616 contempto
874 3539 939 3596 se
990 3535 1245 3599 habitum
1296 3541 1552 3600 fremens
1607 3547 1882 3619 repetere
1934 3537 2194 3619 Capreas
2247 3555 2496 3618 quoquo
