2700 4234
658 309 925 358 Lxxxvl
1330 306 1750 357 PRAEFATIO.

661 484 783 526 cum
810 466 937 540 ipso
974 464 1192 523 nomine
1222 481 1289 520 ea
1316 480 1460 536 quae
1487 465 1558 521 ad
1587 482 1765 535 genus
1788 465 2142 523 Annaeorum
2177 463 2470 538 ipsiusque

660 557 863 625 poetae
896 555 1131 607 aetatem
1164 549 1476 605 accuratius
1511 541 1875 606 definiendam
1899 548 2288 622 pertinebant,
2321 565 2466 620 quae

662 635 919 691 consulto
949 631 1289 689 scholiasten
1317 631 1578 689 omisisse
1608 632 1965 702 crediderim,
1999 638 2291 705 postquam
2325 634 2466 689 alte—
2513 674 2518 691 .

660 734 777 774 ram
808 717 973 773 vitam
1006 716 1378 787 quaeVaccae
1413 716 1590 771 fertur
1617 714 1890 787 integram
1919 712 2332 790 perscripsit⁷⁸)
2360 718 2466 772 has

660 818 753 857 res
784 799 1211 871 diligentissime
1229 805 1584 865 exsecutam.
1636 798 1768 855 Tum
1795 799 1853 855 in
1883 798 2294 872 posterioribus
2325 814 2468 871 quo-

662 900 768 955 que
801 884 1063 939 nonnulla
1104 883 1281 939 minus
1325 883 1569 953 levigata
1613 889 1770 952 sunt,
1805 888 1866 939 ut
1904 882 2140 955 prist-ina
2183 882 2468 953 elegantia

663 966 965 1025 omittendo
999 966 1493 1037 contrahendoque
1524 967 1820 1023 obscurata
1866 982 1996 1022 esse
2028 965 2299 1021 videatur.
2388 966 2467 1021 At

663 1068 717 1124 p.
749 1056 884 1118 299,
914 1054 980 1107 21
1019 1064 1127 1105 non
1159 1048 1498 1105 scholiastae
1531 1048 1789 1116 consilio,
1824 1049 1927 1105 sed
1955 1048 2172 1105 librarii
2202 1049 2362 1120 lapsu
2393 1066 2464 1105 ea

664 1133 949 1190 excidisse
977 1138 1210 1205 apparet
1234 1148 1377 1202 quae
1402 1133 1471 1188 de
1507 1132 1636 1203 iuga
1664 1132 1866 1188 Lucani
1899 1138 1956 1187 et
1983 1132 2184 1187 itinere
2209 1130 2463 1189 Athenas

666 1218 813 1274 iacto
844 1216 1157 1287 studiisque
1187 1215 1582 1287 philosophiae
1611 1216 1820 1288 scripta
1857 1216 2100 1271 fuerunt.
2523 1280 2531 1289 ἡ

783 1300 933 1357 Haec
976 1299 1089 1355 vita
1131 1304 1261 1370 post
1302 1298 1603 1354 editionem
1646 1298 1953 1371 principem
1996 1316 2047 1353 a.
2083 1303 2218 1359 1475
2263 1298 2464 1355 iactam

659 1384 829 1440 toties
852 1399 973 1439 cum
1004 1382 1205 1438 Lucani
1238 1381 1480 1438 carmine
1505 1383 1730 1453 vulgata
1764 1387 1870 1451 est,
1899 1388 1960 1437 ut
1993 1398 2127 1437 sane
2159 1381 2464 1438 mirandum

661 1466 736 1523 sit
768 1472 825 1522 et
856 1465 1203 1536 scaligerum
1244 1465 1438 1521 formis
1485 1480 1595 1521 uon
1627 1482 1886 1521 excusam
1935 1464 2220 1536 putavisse
2269 1471 2324 1519 et
2356 1464 2462 1521 Ca-

660 1551 964 1607 saubonum
1008 1548 1286 1605 secundae
1316 1564 1452 1604 suae
1497 1543 1817 1621 editionin)
1861 1548 2146 1604 addidisse
2189 1554 2464 1620 tamquam

660 1628 1027 1706 ineditamffl).
1119 1632 1327 1703 Scripti
1375 1631 1510 1688 libri
1547 1632 1785 1703 inspecti
1829 1638 1955 1687 sunt
1984 1632 2160 1688 adhuc
2190 1632 2315 1688 vlu
2358 1648 2464 1685 nu-

658 1730 845 1786 mero,
876 1732 1106 1787 quorum
1140 1714 1257 1770 bini
1285 1717 1498 1771 Bernae
1531 1721 1587 1770 et
1616 1714 1875 1784 Parisiis,
1905 1714 2111 1786 singuli
2141 1715 2463 1787 montepes-

656 1798 767 1857 suli
794 1796 1062 1855 Cassellis
1092 1798 1336 1853 Berolini
1365 1804 1745 1869 asservantur,
1775 1814 1914 1854 unus
1945 1799 2216 1854 incertum
2249 1798 2343 1855 ubi
2374 1798 2462 1854 la-

792 1973 888 2039 78)
928 1975 1168 2041 Superest
1205 1977 1313 2026 eius
1350 1978 1554 2043 generis
1589 1976 1751 2028 codex
1785 1977 2056 2028 Bet-nensis
2087 1976 2191 2029 370
2221 1976 2459 2041 idemque

655 2044 880 2099 omnium
915 2043 1371 2095 emendatissimus.
1443 2046 1500 2095 ln
1550 2059 1609 2095 eo
1645 2046 1780 2095 enim
1812 2054 1929 2112 post
1957 2046 2257 2096 vocabulum
2285 2060 2462 2096 acces-

653 2116 749 2175 sio,
776 2112 914 2178 quod
944 2112 1174 2162 ultimum
1202 2120 1281 2163 est
1310 2112 1445 2163 vitae
1476 2127 1507 2162 a
1535 2114 1702 2163 Vacca
1731 2114 2060 2179 conscriptae,
2098 2116 2336 2165 continuo
2372 2128 2459 2163 se-

656 2190 878 2249 quuntur
904 2182 1079 2229 Prima
1112 2183 1297 2245 ingenii
1322 2190 1416 2231 etc.
1460 2182 1674 2247 parvulo
1710 2184 1882 2233 relicto
1918 2183 2181 2233 intervallo
2219 2182 2459 2245 nulloque

654 2250 799 2302 titulo
823 2249 1138 2313 interposito.

790 2316 887 2381 79)
930 2318 994 2370 Α.
1047 2316 1195 2369 1610.
1266 2316 1369 2368 Sed
1415 2320 1517 2369 iam
1548 2334 1597 2367 a.
1639 2318 1772 2371 1596
1804 2327 2090 2385 acceperat,
2129 2334 2160 2369 a
2191 2318 2458 2369 Theodoro

654 2386 869 2439 euntem
910 2386 1233 2437 Ultraiectino
1283 2403 1313 2449 e
1346 2387 1506 2437 veteri
1545 2388 1716 2437 codice
1755 2388 2057 2453 descriptam
2077 2424 2090 2449 ,
2137 2387 2226 2439 etr.
2265 2388 2459 2439 Gasan-

652 2452 775 2507 boni
822 2453 1066 2518 epistolae
1106 2470 1161 2520 p.
1204 2453 1309 2507 646
1344 2455 1527 2505 Almel.
1579 2456 1712 2519 quod
1747 2456 2032 2521 exemplum
2066 2455 2460 2507 Almeloveenus

652 2522 723 2575 ad
752 2521 985 2587 vulgatas
1018 2521 1263 2573 editiones
1308 2524 1580 2574 refluxisse
1604 2525 1820 2574 videtur.
1890 2524 2220 2590 Desumptam
2262 2540 2293 2575 a
2324 2526 2459 2575 Can-

652 2598 763 2642 tero
795 2588 850 2639 G.
885 2588 966 2639 Fr.
998 2589 1188 2639 Weber
1232 2592 1532 2658 opinabatur
1561 2607 1627 2642 ex
1663 2592 1832 2655 aliqua
1867 2594 2146 2658 priscarum
2179 2594 2459 2643 editionum

652 2672 769 2709 cnm
800 2656 983 2722 quibus
1020 2659 1262 2709 nonnulla
1310 2661 1595 2710 communia
1625 2660 1802 2721 habet,
1848 2668 1904 2710 ut
1939 2676 1989 2727 p.
2029 2660 2158 2721 299,
2205 2661 2270 2711 15
2298 2661 2461 2710 inter·
2481 2698 2518 2729 .

652 2727 825 2795 polata
859 2725 1013 2776 verba
1042 2726 1138 2789 Qui
1167 2735 1340 2780 tantae
1377 2730 1596 2779 levitatis
1632 2737 1685 2779 et
1715 2730 2064 2780 immoderatae
2096 2730 2294 2793 linquae
2335 2730 2458 2789 fuit.

653 2797 723 2847 At
767 2793 943 2845 eadem
997 2796 1151 2845 verba
1194 2795 1537 2848 Berolinensis
1587 2811 1786 2861 quoque
1833 2798 1961 2848 liber
2009 2796 2184 2857 haben
2227 2804 2277 2847 et
2331 2795 2460 2847 haec

652 2870 787 2916 certe
815 2877 868 2929 p.
899 2862 1031 2924 299,
1064 2865 1129 2914 12
1164 2863 1243 2913 M.
1276 2865 1520 2916 Annaeus
1554 2868 1790 2915 Lucanus
1825 2866 2185 2925 Cordubensis,
2224 2865 2286 2916 21
2325 2870 2458 2930 rari,

651 2945 707 2998 p.
737 2929 860 2991 300,
896 2930 923 2979 1
950 2933 1278 2994 parricidam,
1313 2932 1347 2984 3
1379 2937 1502 2995 suis,
1533 2935 1565 2985 5
1601 2949 1715 2997 sqq.
1773 2934 2016 2987 Poemaca
2045 2938 2190 2986 etiam
2221 2937 2328 2985 eius
2354 2944 2455 2989 etc.

650 2997 963 3117 1.ιὲἱᾶυῶιέ
962 3000 1162 3118 ἰεὲτίρξιε
1207 3000 1609 3137 1111))ῆίἱᾷΡεῖῐέἱῖ
1656 3016 1804 3120 nemlo
1846 3002 2140 3123 ‘mtheffie
2183 3003 2459 3123 traditgarat

1028 3083 1165 3118 nu.
1282 3084 1317 3119 u
1451 3086 1479 3121 e
1610 3085 1803 3121 arnol
1872 3086 2292 3125 amcocems.
2395 3086 2452 3121 n·

648 3139 790 3185 tuns
824 3147 950 3185 usus
984 3137 1051 3186 sit
1064 3173 1079 3197 ‚
1117 3144 1167 3186 et
1198 3136 1287 3187 tali
1323 3137 1527 3201 quidem
1565 3139 1652 3202 qni
1683 3139 1748 3189 ad
1766 3088 2077 3191 Bet-luensem
2111 3139 2181 3192 45
2223 3140 2459 3207 proxime

650 3199 945 3263 accedebat,
978 3202 1071 3255 cfr.
1102 3219 1155 3269 p.
1192 3203 1312 3266 299,
1345 3204 1416 3257 20
1450 3207 1550 3257 Hic
1583 3210 1635 3257 in
1668 3209 1839 3270 idtio,
1886 3210 1949 3258 21
1981 3210 2146 3275 lonae,
2173 3223 2228 3276 p.
2265 3206 2388 3270 300,
2422 3210 2458 3261 2

646 3268 807 3320 libero
830 3270 1070 3333 arbitrio,
1111 3272 1145 3322 5
1172 3274 1317 3323 etiam
1342 3276 1465 3325 eius.

783 3334 874 3399 80)
909 3338 1132 3391 Primum
1162 3340 1230 3391 ad
1249 3349 1448 3393 vetusta
1475 3344 1711 3410 exempla
1734 3344 2015 3397 accessisse
2033 3346 2303 3413 Hngonem
2326 3344 2449 3395 Gro—

648 3402 775 3453 tinm
810 3404 973 3465 video,
1014 3409 1101 3471 qui
1143 3410 1195 3459 in
1227 3424 1321 3459 sua
1355 3410 1576 3463 editione
1606 3427 1655 3462 a.
1699 3412 1833 3464 1614
1875 3414 2062 3465 emissa
2099 3412 2457 3465 Casaubonum

646 3469 875 3534 alioquin
910 3473 1166 3540 referens,
1220 3479 1366 3529 uncis
1411 3494 1472 3529 ea
1505 3480 1707 3532 inclusit
1743 3495 1873 3544 quae
1909 3482 1972 3532 ab
2008 3481 2228 3545 antiquis
2267 3482 2456 3534 editio·

646 3536 797 3587 nibus
828 3541 1008 3593 abesse
1039 3543 1479 3599 animadverterat.
