2700 4234
655 270 780 320 xv1
1350 270 1765 319 PRAEFATIO.

670 446 778 503 que
810 436 1044 501 aetatem
1080 445 1256 501 usque
1298 432 1369 486 ad
1398 429 1618 503 imperii
1650 428 1811 485 initia
1848 443 2113 484 annorum
2146 430 2344 487 ordine
2378 448 2475 487 ex-

665 519 869 587 ponat,
916 519 1025 569 tum
1057 528 1194 569 vero
1237 529 1425 570 mores
1464 530 1569 587 per
1614 513 1933 569 universum
1978 511 2199 584 imperii
2242 514 2475 587 spatium
2638 476 2640 565 4

665 596 891 670 publice
920 596 1292 669 privatimque
1331 596 1589 669 proditos
1628 594 1953 666 singillatim
1984 611 2164 667 neque
2202 612 2308 670 per
2339 603 2479 653 tem-

664 695 805 753 pora
856 680 958 735 sed
999 696 1102 751 per
1137 679 1361 753 species
1391 680 1655 737 virtutum
1700 679 1793 735 vel
1834 678 2097 736 vitiorum
2140 674 2479 752 exsequatur

665 764 746 835 (p.
779 768 866 829 20,
899 769 985 823 13.
1019 768 1084 821 41
1103 803 1121 832 ‚
1153 770 1250 827 183
1280 768 1381 832 65,
1418 760 1515 837 17)
1548 762 1790 833 denique
1821 778 2015 818 rursus
2044 768 2351 834 temporum
2382 781 2477 819 or-

665 844 850 902 dinem
881 848 1121 917 seqnens
1151 846 1362 903 indicia
1393 863 1523 903 mox
1550 846 1773 903 futurae
1803 845 1997 902 mortis
2030 845 2323 918 ipsumque
2356 848 2479 904 obi-

665 934 776 984 tum
808 945 929 984 cum
963 930 1278 985 testamenti
1309 930 1639 1001 quibusdam
1670 929 1949 1001 capitibus
1980 935 2222 985 enarret.
2287 930 2479 1003 Neque

665 1018 845 1069 tamen
895 1012 1126 1068 eundem
1170 1029 1393 1085 semper
1438 1014 1691 1070 ordinem
1733 1013 1789 1068 in
1838 1012 2187 1084 explicandis
2230 1014 2477 1071 moribus

666 1096 949 1166 servavit,
993 1096 1096 1152 sed
1141 1096 1236 1152 ubi
1276 1113 1371 1152 res
1402 1098 1689 1169 postulare
1720 1096 1844 1153 visa
1878 1102 1999 1165 est,
2032 1095 2127 1152 vel
2168 1112 2199 1151 a
2236 1097 2479 1169 publicis

665 1180 760 1234 vel
796 1196 827 1235 a
855 1178 1090 1251 privatis
1125 1180 1373 1236 moribus
1405 1180 1623 1235 initium
1656 1179 1893 1251 sumpsit
1922 1180 2269 1253 primumque
2298 1181 2479 1238 locum

665 1262 756 1317 vel
781 1262 1087 1319 minoribus
1111 1265 1201 1319 vel
1233 1263 1537 1320 maioribus
1567 1263 1737 1329 rebus
1768 1262 1940 1318 dedit.
2006 1262 2111 1317 Per
2134 1263 2313 1320 omnia
2335 1264 2481 1320 banc

666 1344 776 1401 sibi
811 1346 992 1416 legem
1021 1346 1326 1419 scripsisse
1353 1348 1607 1416 videtur,
1652 1362 1721 1401 ne
1749 1346 1861 1402 ulla
1904 1345 1961 1403 in
1995 1362 2059 1401 re
2092 1346 2357 1403 incertam
2388 1351 2481 1403 aut

666 1444 820 1484 suam
851 1434 946 1484 aut
975 1429 1208 1485 aliorum
1239 1430 1559 1502 opinionem
1602 1434 1937 1501 sequeretur
1964 1445 2145 1500 neque
2175 1429 2480 1502 interposi-

667 1511 740 1567 tis
773 1512 1243 1583 disputationibus
1271 1514 1540 1571 lectorum
1575 1514 1788 1570 animos
1812 1517 2199 1585 praepararet,
2230 1513 2334 1569 sed
2356 1512 2479 1569 ubi·
2632 1533 2641 1641 j

667 1610 773 1667 qne
807 1596 1060 1668 exempla
1105 1598 1383 1654 luculenta
1414 1602 1760 1669 proponeret
1798 1611 2005 1667 resque
2048 1596 2217 1652 rebus
2248 1597 2478 1652 coniun-

665 1685 845 1750 geret.
934 1678 1096 1735 Adde
1137 1681 1328 1737 miram
1370 1680 1653 1737 scribendi
1695 1678 2027 1736 brevitatem
2070 1680 2479 1750 verborumque

663 1762 1088 1833 parcimoniam,
1119 1769 1178 1817 et
1207 1764 1493 1834 intelliges
1525 1768 1681 1818 recte
1718 1762 1831 1817 dici
1864 1762 2090 1830 solere,
2120 1762 2325 1817 nnllam
2357 1763 2479 1817 fere

662 1845 994 1916 scriptorem
1023 1851 1132 1900 tam
1175 1845 1383 1915 exiguo
1421 1846 1568 1901 libro
1602 1850 1803 1900 tantam
1847 1860 2029 1899 rerum
2074 1845 2481 1900 multitudinem
2635 1774 2641 1943 Ι

661 1943 728 1983 ac
759 1933 842 1983 tot
864 1927 1142 1997 exquisita
1167 1927 1377 1983 veteris
1400 1926 1671 1983 historiae
1704 1931 1761 1981 et
1780 1926 1934 1981 vitae
1966 1925 2293 1983 documenta
2325 1944 2481 1983 com..

658 2010 1045 2083 prehendisse.

785 2093 1018 2150 Dicendi
1047 2110 1256 2165 genere
1289 2109 1423 2149 usus
1460 2099 1546 2149 est
1578 2091 1819 2163 simplici
1840 2106 1907 2147 ac
1927 2106 2092 2164 puro,
2123 2090 2329 2146 nullam
2355 2091 2481 2149 fere

669 2176 982 2247 elegantiae
1017 2178 1235 2235 laudem
1277 2176 1573 2234 affectante
1618 2174 1725 2230 nisi
1762 2173 1997 2245 singulis
2028 2174 2085 2229 in
2121 2174 2310 2230 verbis
2343 2192 2481 2247 pro-

668 2260 982 2332 prietatem,
1019 2261 1074 2316 in
1105 2258 1306 2316 iu‘nctis
1335 2259 1813 2333 perspicuitatem.
1903 2257 2191 2314 Praesenti
2224 2265 2479 2330 tempore

668 2344 738 2399 de
767 2344 1091 2415 praeteritis
1121 2345 1289 2400 rebus
1326 2342 1613 2399 rarissime
1646 2357 1779 2397 usus
1810 2348 1925 2411 est,
1954 2348 2016 2396 ut
2046 2358 2103 2413 p.
2136 2346 2203 2409 9,
2236 2347 2319 2399 ll.
2352 2346 2478 2412 207,

664 2432 751 2487 27.
823 2425 935 2481 Sed
963 2427 1101 2482 nulli
1129 2427 1322 2483 virtuti
1351 2443 1530 2497 aeque
1567 2442 1633 2481 ac
1661 2425 1926 2481 brevitati
1958 2424 2197 2480 inservit
2227 2424 2298 2479 ob
2328 2441 2481 2480 eam-

667 2525 772 2581 que
806 2524 1026 2565 causam
1055 2510 1176 2565 eius
1210 2508 1491 2577 Caesaris,
1522 2508 1681 2564 cuins
1708 2508 1875 2564 vitam
1904 2507 2123 2576 scribit,
2159 2510 2355 2565 nomen
2387 2523 2477 2563 ra·-

668 2592 890 2649 rissime
917 2592 1155 2664 penitet
1183 2592 1479 2664 participia
1504 2608 1643 2647 unus
1670 2593 1909 2648 omnium
1939 2592 2175 2657 maxime
2206 2607 2313 2647 non
2340 2606 2479 2646 oon-

666 2676 958 2732 temnenda
994 2682 1114 2732 arte
1143 2676 1478 2748 frequentat.

351 2754 648 2848 agtfiiffiffij
792 2759 890 2815 His
925 2760 1098 2829 igitur
1127 2760 1424 2815 virtutibus
1456 2774 1576 2813 cum
1603 2757 1977 2814 Suetonianae
1999 2756 2299 2812 Caesarum
2326 2756 2480 2811 vitae

460 2857 543 2899 tio.
671 2844 1216 2913 commendarentur,
1290 2842 1593 2899 mirandum
1652 2856 1761 2897 non
1824 2846 1911 2897 est
1976 2854 2177 2911 magno
2238 2838 2485 2895 omnium

670 2928 869 2998 plausu
919 2942 1046 2980 esse
1081 2932 1369 2997 exceptas.
1449 2923 1583 2979 Nam
1614 2940 1723 2980 non
1762 2924 1927 2981 modo
1956 2924 2283 2993 frequenter
2315 2922 2488 2975 lecti-

671 3014 818 3066 tatae
862 3014 917 3063 et
956 3025 987 3064 a
1030 3008 1441 3080 posterioribus
1498 3006 1820 3077 historicis,
1882 3006 2003 3062 sive
2044 3001 2315 3078 pristinae
2358 3004 2489 3059 sive

673 3091 1020 3147 Christianae
1067 3091 1331 3163 religioni
1374 3090 1579 3146 addicti
1612 3090 1869 3159 fuerunt,
1910 3095 2212 3162 excerptae
2261 3093 2318 3142 et
2361 3086 2491 3142 imi-

671 3175 840 3232 tando
871 3191 1176 3246 expressae
1208 3180 1353 3243 sunt,
1388 3175 1489 3229 sed
1521 3174 1612 3229 vel
1644 3173 1716 3229 ad
1742 3171 1987 3230 Graecos
2015 3176 2397 3244 pervenerunt
2434 3176 2497 3225 et

595 3282 601 3289 ·
671 3276 774 3331 per
821 3264 988 3314 totam
1031 3258 1264 3314 mediam
1316 3263 1553 3313 aetatem
1595 3256 1651 3311 in
1698 3273 1802 3311 usu
1850 3272 1977 3312 esse
2020 3272 2128 3311 non
2177 3254 2489 3322 desierunt.

676 3341 976 3411 colligenti
1024 3348 1270 3397 veterum
1315 3340 1649 3411 scriptorum
1698 3339 1857 3395 locos
1899 3340 1988 3395 vel
2034 3336 2353 3395 nominatim
2398 3336 2495 3391 vel

674 3423 843 3481 tacite
867 3424 1187 3495 Tranquillo
1212 3424 1434 3479 debitos
1464 3421 1776 3494 apparebit,
1809 3423 2011 3478 nullam
2043 3422 2163 3477 fere
2188 3418 2495 3476 Caesarum

673 3506 931 3579 paginam
993 3506 1328 3563 testimoniis
1390 3504 1798 3576 insequentium
1854 3506 2188 3577 scriptorum
2240 3500 2498 3558 destitui.

2635 3415 2641 3448 l
