2700 4234
883 283 943 366 c.
991 318 1361 368 cuneum.
2010 313 2121 372 1-41

134 472 451 532 contionem
501 471 923 551 confestimque
982 472 1183 534 urbem
1245 475 1421 552 petit,
1486 473 1713 534 deflexa
1756 478 1907 536 omni
1962 495 2125 538 acer-

131 556 298 616 bitate
342 556 401 613 in
450 564 742 632 senatum,
791 557 883 616 cui
941 556 1015 617 ad
1055 557 1405 618 avertendos
1446 566 1730 618 tantorum
1774 559 2126 621 dedecorum

130 656 382 698 rumores
425 639 616 718 palam
667 638 1016 708 minabatur;
1066 658 1318 719 querens
1375 642 1525 700 inter
1570 651 1766 702 cetera
1806 643 2127 704 fraudatum

130 741 191 782 se
219 724 368 782 iusto
397 722 719 802 triumpho,
762 724 1046 802 cumipse
1077 724 1249 802 paulo
1280 733 1446 802 ante,
1490 743 1565 784 ne
1609 725 1744 804 quid
1789 727 1861 786 de
1891 725 2123 788 bonori-

88 806 234 868 5bus·
288 807 410 866 suis
465 815 772 884 ageretur,
817 808 988 868 etiam
1054 806 1160 867 sub
1218 810 1417 867 mortis
1477 825 1665 886 poena
1709 809 2121 871 denuntiasset.

124 888 323 949 Aditus
369 907 518 968 ergo
563 892 621 949 in
649 891 856 951 itinere
908 909 942 950 a
972 891 1182 968 legatis
1224 891 1558 970 amplissimi
1589 892 1804 952 ordinis
1843 902 1903 952 ut
1944 903 2118 955 matu·
2140 908 2208 964 49

123 982 272 1034 raret
300 973 630 1052 orantibus,
669 992 838 1055 quam
864 975 1109 1034 maxima
1139 990 1290 1034 voce
1329 973 1577 1036 Veniam
1606 976 1815 1055 inquit,
1854 979 2118 1054 veniam,

125 1063 180 1116 et
227 1057 327 1118 hic
377 1059 650 1118 mecum!
743 1057 1008 1137 capulum
1077 1056 1254 1134 gladii
1317 1058 1527 1119 crebro
1586 1059 1934 1138 verberans,
2007 1079 2121 1141 quo

124 1141 336 1201 cinctus
367 1149 513 1201 erat.
569 1140 765 1202 Edixit
801 1151 860 1202 et
887 1142 1117 1202 reverti
1138 1159 1239 1217 se,
1294 1141 1412 1202 sed
1433 1142 1513 1202 iis
1543 1149 1777 1204 tamum
1806 1145 1912 1224 qui
1942 1153 2119 1222 opta·

63 1241 108 1284 ιο
121 1231 284 1300 rent,
361 1225 633 1304 equestri
683 1225 894 1304 ordini
940 1232 999 1285 et
1047 1224 1285 1303 populo
1301 1249 1332 1296 ;
1382 1243 1529 1288 nam
1569 1245 1638 1286 se
1690 1245 1885 1307 neque
1933 1230 2125 1289 civem

122 1324 312 1386 neque
364 1309 714 1386 principem
782 1309 1028 1369 senatui
1097 1310 1363 1387 amplius
1430 1307 1594 1388 fore.
1696 1312 1893 1372 Vetuit
1952 1313 2122 1372 etiam

126 1409 460 1471 quemquam
493 1401 825 1475 senatorum
857 1391 968 1452 sibi
995 1403 1330 1468 occurrere,
1366 1401 1539 1471 atque
1571 1396 1785 1454 omisso
1817 1395 1915 1456 vel
1946 1395 2119 1456 dilato

124 1473 399 1552 triumpho
456 1493 640 1536 ovans
701 1477 903 1536 urbem
933 1475 1106 1536 natali
1169 1494 1274 1537 suo
1327 1479 1628 1554 ingressu-s
1672 1487 1798 1548 est;
1857 1481 2121 1559 intraque

129 1567 374 1636 quartum
401 1577 663 1619 mensem
695 1562 901 1638 periit,
941 1561 1198 1636 ingentia
1240 1559 1502 1620 facinora
1536 1577 1707 1621 ausus
1738 1569 1797 1620 et
1826 1562 2117 1640 aliquanto

70 1654 110 1696 15
125 1643 330 1702 maiora
393 1643 660 1703 moliens·
760 1642 1055 1722 Siquidem
1125 1652 1518 1722 proposuerat
1572 1642 1837 1721 Antium,
1913 1645 2121 1705 deinde

125 1723 543 1788 Alexandream
589 1729 1000 1806 commigrare,
1046 1728 1395 1806 interempto
1436 1729 1595 1806 prius
1642 1729 1945 1808 utriusque·
1970 1728 2119 1789 ordi-

126 1811 207 1867 nis
237 1809 591 1872 electissimo
645 1829 898 1891 quoque.
992 1793 1166 1888 Quoff
1202 1830 1278 1871 ne
1331 1813 1423 1870 cui
1468 1809 1695 1872 dubium
1728 1811 2019 1889 videatur,
2062 1815 2120 1871 in

130 1895 356 1954 secretis
406 1897 536 1955 eius
588 1898 810 1974 reperti
853 1905 982 1956 suut
1027 1897 1139 1956 duo
1184 1894 1371 1955 libelli
1422 1894 1656 1957 diverso
1699 1895 1899 1973 titulo,
1953 1895 2119 1956 alteri

130 1975 436 2056 gladius,
487 1979 656 2040 alteri
697 1981 920 2058 pugio
962 1979 1139 2039 index
1181 1989 1334 2049 erat;
1392 1979 1560 2040 ambo
1597 1981 1824 2040 nomina
1866 1988 1924 2040 et
1952 1989 2117 2040 notas

71 2079 115 2120 20
131 2060 483 2123 continebant
543 2064 714 2123 morti
775 2064 1207 2125 destinatorum.
1303 2063 1546 2124 Inventa
1608 2072 1667 2124 et
1723 2082 1859 2124 arca
1910 2066 2118 2142 ingens

131 2145 400 2206 variorum
423 2163 787 2207 venenorum
823 2147 1028 2227 plena,
1085 2147 1290 2226 quibus
1330 2165 1468 2207 mox
1498 2165 1532 2207 a
1563 2146 1803 2208 Claudio
1838 2147 2117 2207 demersis

128 2227 325 2290 infecta
381 2231 566 2291 maria
627 2232 949 2307 traduntur,
1021 2249 1137 2292 non
1199 2233 1326 2290 sine
1378 2233 1621 2309 piscium
1690 2231 1899 2307 exitiO,
1972 2248 2117 2309 quos

131 2321 349 2374 enectos
380 2320 581 2376 aes'tus
615 2316 672 2374 in
705 2318 967 2394 proxima
1003 2315 1176 2376 litora
1208 2314 1402 2374 eiecit.

243 2397 463 2460 Statura
497 2398 606 2458 fuit
640 2400 937 2477 eminenti,
985 2399 1188 2460 colore
1223 2397 1551 2478 expallido‚
1593 2414 1843 2476 corpore
1878 2397 2115 2473 enormi,
2134 2407 2201 2459 ὀί)

77 2479 434 2553 agracilitate
463 2483 715 2542 maxima
755 2485 1004 2543 cervicis
1035 2493 1094 2542 et
1137 2499 1403 2558 crurum,
1444 2481 1630 2543 oculis
1669 2490 1727 2542 et
1761 2479 2118 2560 temporibus

133 2567 413 2644 concavis,
454 2567 656 2627 fronte
708 2566 825 2628 lata
877 2576 935 2627 et
977 2575 1174 2644 torva,
1236 2564 1451 2646 capillo
1494 2582 1629 2626 raro
1674 2583 1745 2626 ac
1796 2565 1951 2625 circa
1988 2581 2117 2624 ver-

130 2644 286 2723 ticem
305 2651 497 2728 nullo,
542 2649 792 2710 hirsutus
825 2661 1043 2712 cetera.
1134 2652 1328 2726 Quare
1380 2658 1713 2710 transeunte
1766 2665 1838 2709 eo
1889 2648 2116 2728 prospi-

132 2745 254 2789 cere
297 2751 370 2793 ex
410 2735 722 2813 superiore
766 2744 960 2814 parte,
1005 2743 1104 2811 aut
1143 2736 1370 2795 omnino
1416 2751 1774 2812 quacumque
1818 2732 1891 2792 de
1945 2749 2118 2793 causa

134 2828 345 2890 capram
390 2819 719 2895 nominare,
769 2815 1156 2879 criminosum·
1189 2827 1248 2879 et
1278 2817 1512 2878 exitiale
1552 2816 1890 2877 habebatur.
1976 2815 2117 2876 Vul-

78 2901 234 2955 sotum
261 2916 400 2961 vero
424 2910 630 2962 natura
670 2901 964 2964 horridum
997 2921 1067 2963 ac
1099 2911 1306 2963 tetrum
1343 2902 1513 2961 etiam
1557 2918 1633 2959 ex
1671 2897 1947 2959 industria
1978 2899 2114 2958 effe-

131 2979 309 3059 rabat,
358 3001 715 3066 componens
757 2985 830 3046 ad
880 2986 1181 3066 speculum
1220 2987 1278 3044 in
1311 3001 1537 3044 omnem
1574 2991 1859 3043 terrorem
1899 2999 1969 3042 ac
1999 2983 2117 3041 for-

133 3062 397 3128 midinem.
1888 3115 1895 3122 .

244 3149 511 3212 Valitudo
549 3154 604 3212 ei
641 3171 833 3232 neque
868 3154 1135 3232 corporis
1172 3169 1361 3232 neque
1406 3150 1573 3211 animi
1606 3149 1880 3210 constitit.
1968 3146 2119 3208 Puer

139 3232 388 3294 comitiali
415 3235 622 3297 morbo
650 3245 927 3315 vexatuS,
970 3239 1028 3296 in
1060 3234 1452 3296 adulescentia
1491 3235 1570 3294 ita
1597 3235 1821 3312 patiens
1857 3225 2118 3293 laborum

77 3323 272 3391 uerat,
311 3326 371 3377 ut
402 3328 594 3381 tamen
623 3338 1042 3400 nonnumquam
1074 3319 1259 3381 subita
1287 3319 1621 3378 defectione
1648 3317 1909 3396 ingredi,
1940 3326 2114 3393 stare,

141 3395 403 3476 colligere
435 3413 620 3464 semet
653 3423 724 3466 ac
754 3405 1000 3465 sufferre
1028 3403 1129 3462 vix
1171 3411 1394 3482 posset.
1492 3401 1703 3463 Mentis
1747 3400 2115 3475 valitudinem

141 3480 348 3559 etipse
410 3498 674 3548 senserat
726 3507 798 3549 ac
857 3486 1098 3548 subinde
1151 3486 1223 3546 de
1282 3503 1525 3547 secessu
1580 3485 1768 3565 deque
1814 3484 2115 3564 purgando

141 3564 369 3627 cerebro
422 3572 718 3648 cogitavit.
809 3571 1074 3633 Creditur
1123 3572 1457 3650 potionatus
1510 3588 1543 3630 a
1600 3568 1885 3631 Caesonia
1930 3584 2117 3626 uxore
