2700 4234
687 320 864 369 xvm
1369 316 1781 365 PRAEFATIO.

691 479 861 535 nione
892 479 959 534 ab
994 477 1154 533 initio
1184 476 1505 531 mutilatum.
1595 476 1657 531 Id
1686 475 1990 547 exemplar,
2024 481 2411 531 conservatum
2440 484 2501 533 ut

695 576 804 632 ego
851 560 1110 617 existimo
1152 559 1217 615 in
1258 559 1562 614 Francia
1612 559 2009 630 imperante
2062 556 2322 614 Carolo
2363 558 2499 615 Ma-

693 661 866 715 gno,
903 658 1011 714 quo
1061 642 1316 714 principe
1372 648 1623 697 veterum
1662 642 1969 696 litterarum
2021 655 2220 697 novum
2260 641 2498 704 studium

694 726 938 795 exarsit,
985 725 1366 798 multiplicatis
1401 724 1671 797 exemplis
1705 723 1949 779 describi
1980 730 2265 794 coeptum,
2309 740 2501 779 eorum

694 825 836 880 quae
895 810 960 865 ad
1019 824 1122 864 nos
1165 813 1540 879 pervenerunt
1598 806 1834 863 omnium
1886 806 2185 863 communis
2225 806 2391 877 origo
2445 815 2499 862 et

694 892 853 974 quasi
897 906 1099 962 parens
1137 889 1340 946 factum
1372 896 1473 946 est.
1563 890 1755 960 ltaque
1804 890 2033 945 saeculo
2066 884 2278 963 nono⁶)
2321 890 2499 961 prima

692 982 822 1046 post
853 970 1238 1044 migrationem
1267 973 1513 1043 gentium
1552 972 1905 1044 reperiuntur
1934 972 2177 1042 vestigia
2207 974 2397 1045 operis
2428 974 2499 1029 de

690 1058 805 1114 vita
838 1056 1136 1113 Caesarum
1165 1056 1296 1112 lecti
1331 1060 1391 1111 et
1419 1056 1476 1110 in
1508 1072 1664 1111 usum
1693 1054 1972 1111 conversi.
2034 1054 2105 1109 Et
2138 1056 2369 1111 circiter
2401 1073 2500 1112 an-

691 1156 817 1195 num
854 1140 1070 1211 quidem
1097 1146 1204 1199 830
1229 1138 1630 1217 Einhardus
1665 1138 1721 1193 in
1751 1154 1979 1194 recessu
2016 1137 2499 1208 Soligenstadensi

689 1222 748 1278 in
779 1224 924 1279 saltu
954 1221 1260 1277 Odanwald
1296 1221 1465 1277 vitam
1497 1220 1683 1277 Caroli
1712 1221 1895 1291 Magni
1940 1222 2310 1292 conscripsit,
2356 1222 2499 1277 Sue-

690 1307 831 1363 tonii
875 1304 1210 1362 Caesaribus
1266 1311 1324 1359 et
1385 1304 1689 1375 praecipue
1746 1302 1869 1359 Divi
1919 1302 2159 1374 Augusti
2218 1305 2331 1360 vita
2390 1311 2500 1361 tam

692 1396 920 1445 strenue
949 1405 1118 1458 usus,
1165 1393 1226 1443 ut
1265 1402 1377 1442 non
1404 1388 1567 1443 modo
1600 1402 1812 1442 omnem
1844 1385 2023 1442 libelli
2063 1386 2499 1459 descriptionem

692 1474 795 1527 sed
825 1472 992 1528 etiam
1022 1471 1272 1542 integras
1304 1472 1453 1527 haud
1484 1484 1613 1527 raro
1649 1468 1953 1527 sententias
1986 1469 2116 1525 inde
2148 1470 2498 1542 repetiverit,

691 1562 749 1610 et
791 1569 1226 1625 nonnumquam,
1267 1560 1329 1609 ut
1367 1554 1475 1611 iam
1503 1553 1861 1611 Casaubonus
1905 1552 2204 1623 iudicavit,
2250 1553 2496 1609 imitandi

691 1639 877 1695 studio
929 1654 1066 1695 suae
1124 1638 1400 1695 historiae
1452 1637 1746 1693 veritatem
1796 1642 2185 1707 transgressus
2239 1652 2368 1692 esse
2413 1637 2499 1692 vi-

692 1722 906 1779 deatur.
1006 1720 1215 1777 Eodem
1267 1720 1495 1775 saeculo
1546 1719 1697 1774 VIIII
1756 1720 1940 1777 medio
2000 1718 2266 1775 Servatus
2321 1720 2498 1791 Lupus

693 1805 856 1875 epist.
900 1810 965 1863 91
1018 1807 1218 1881 ρ.“137
1273 1802 1361 1857 ed.
1407 1802 1592 1857 Baluz.
1645 1801 1965 1857 Suetonium
2004 1801 2379 1871 Tranquillum
2429 1801 2502 1857 de

689 1885 802 1941 vita
837 1885 1166 1951 Caesarum,
1209 1884 1301 1954 qui
1343 1885 1490 1953 apud
1518 1882 1821 1937 Fuldenses
1860 1883 1915 1935 in
1948 1883 2087 1939 duos
2124 1899 2228 1937 nec
2268 1900 2503 1954 magnos

691 1967 918 2023 codices
955 1966 1170 2021 divisus
1204 1970 1475 2033 exstaret,
1506 1964 1612 2018 sibi
1645 1962 1783 2017 mitti
1815 1964 1998 2033 iussit,
2031 1964 2286 2035 quoniam
2310 1967 2366 2020 in
2400 1982 2499 2022 sua

689 2049 976 2105 vicinitate
1020 2044 1158 2123 (fuit
1205 2055 1387 2103 autem
1432 2048 1603 2102 abbas
1648 2046 1939 2101 Ferrariae
1983 2046 2039 2101 in
2075 2046 2328 2103 dioecesi
2371 2046 2501 2104 Gal-

690 2132 802 2189 liae
834 2130 1179 2206 senonensi)
1211 2132 1417 2186 nullum
1445 2128 1789 2185 inveniretur
1822 2129 2146 2200 exemplum.
2211 2130 2500 2187 Postremo

692 2222 949 2287 superest
980 2215 1148 2271 hodie
1179 2229 1401 2285 quoque
1433 2212 1786 2268 Memmianus
1816 2212 1996 2268 codex
2026 2212 2263 2269 omnium
2294 2214 2384 2285 qui
2415 2214 2500 2269 in-

691 2298 842 2354 venti
873 2303 1000 2353 sunt
1041 2304 1100 2353 et
1126 2296 1541 2367 antiquissimus
1572 2302 1627 2349 et
1658 2296 1927 2366 optimus,
1972 2296 2065 2365 qui
2098 2312 2240 2351 nunc
2270 2297 2501 2352 Parisiis

579 2416 619 2451 a
693 2388 1018 2437 asservatur
1064 2396 1293 2435 numero
1339 2384 1476 2439 6115
1521 2378 1847 2448 distinctus,
1910 2379 2012 2433 sed
2055 2378 2186 2435 olim
2226 2379 2282 2434 in
2322 2380 2500 2435 Turo-

693 2464 854 2521 nensi
887 2465 941 2520 S.
967 2462 1186 2520 Martini
1224 2462 1502 2518 coenobio
1531 2461 1753 2516 Alcuini
1787 2460 2038 2519 doctrina
2071 2462 2365 2518 nobilitato
2400 2480 2500 2519 ex-

692 2548 908 2617 stabat,
943 2546 1172 2602 saeculo
1203 2544 1355 2601 VIIII
1385 2549 1622 2599 exeunte
1653 2544 1912 2616 scriptus.

810 2629 1222 2699 Insequentium
1262 2627 1595 2698 scriptorum
1637 2626 1791 2697 digni
1841 2634 1971 2683 sunt
2008 2628 2101 2698 qui
2141 2635 2373 2699 propter
2414 2630 2499 2686 fa-

694 2713 1065 2769 miliaritatem
1119 2710 1373 2767 Suetonii
1424 2709 1772 2765 nominentur
1827 2710 2063 2773 Ioannes
2102 2711 2501 2768 Saresberien-

692 2796 771 2852 sis
832 2795 886 2850 in
946 2792 1280 2851 Policratico
1325 2793 1381 2848 S.
1430 2792 1563 2862 ΧΠ,
1616 2792 1941 2850 Vincentius
1983 2794 2400 2851 Bellovacensis
2443 2796 2501 2851 in

689 2966 738 3007 et
767 2971 820 3022 p.
863 2956 980 3018 105,
1018 2958 1086 3006 24
1122 2958 1208 3007 ubi
1245 2958 1297 3005 in
1334 2955 1635 3005 Memmiano
1663 2955 1788 3006 libro
1817 2958 1891 3006 sic
1926 2956 2190 3007 scribitur:
2286 3006 2293 3019 ,

1163 3040 1401 3076 aneorum
1429 3031 1714 3081 senatorum
1750 3026 1859 3075 ino-

1162 3095 1214 3142 P
1230 3096 1324 3157 pia
1356 3100 1449 3141 etc.

688 3162 794 3213 lllic
829 3162 1080 3229 integrum
1118 3162 1415 3212 vocabulum
1432 3196 1446 3223 ,
1480 3158 1565 3209 hic
1599 3174 1751 3209 unam
1792 3160 2007 3210 litteram
2037 3159 2201 3225 primo
2236 3160 2345 3209 loco
2382 3175 2495 3211 ver*

686 3231 831 3282 siculi
866 3239 1052 3281 motam
1087 3231 1316 3281 arbitror.

823 3297 882 3363 6)
913 3298 1131 3356 Maxime
1165 3297 1386 3348 notabile
1422 3306 1500 3348 est
1532 3297 1742 3348 Paulum
1770 3297 2047 3347 Diaconum
2082 3295 2304 3347 Suetonii
2344 3296 2495 3361 plane

687 3368 922 3434 ignarum
951 3367 1138 3425 videri3
1176 3365 1328 3431 (Hist.
1369 3366 1512 3416 mise.
1548 3366 1615 3426 6,
1656 3364 1738 3417 16.
1782 3366 1843 3427 7,
1891 3364 1975 3419 20.
2024 3366 2085 3425 9,
2130 3366 2163 3415 2
2210 3379 2275 3415 ex
2317 3363 2499 3415 Orosio

687 3433 965 3499 descripta)
998 3450 1163 3497 neque
1202 3435 1333 3483 enim
1372 3434 1543 3484 dubito
1581 3435 1700 3497 quin
1732 3435 1776 3485 si
1812 3433 1948 3485 hunc
1985 3434 2241 3493 novisset,
2291 3434 2347 3483 in
2376 3448 2497 3482 con-

687 3503 987 3553 sarcinanda
1030 3518 1124 3552 sua
1157 3517 1290 3552 anno
1332 3503 1527 3552 circiter
1566 3501 1669 3553 780
1702 3502 1921 3552 Historia
1959 3502 2184 3552 Miscella
2214 3502 2497 3551 uberrimos

685 3570 803 3619 hinc
837 3570 1032 3621 fructus
1074 3570 1425 3637 decerpsisset.

648 4006 660 4015 x

902 4112 941 4131 *s

320 4159 338 4171 ἢ
378 4173 422 4185 '⁴OE
1021 4180 1027 4185 ς

438 4184 469 4193 -
562 4204 574 4211 ᾖ
610 4197 612 4199 ,
1030 4186 1047 4199 x

1006 4212 1138 4231 “Q—
1159 4229 1166 4231 .
