2700 4234
539 315 1094 366 nnrnnm‘ronmr
1137 314 1505 364 mmmmm
1544 314 1947 374 annornm.
2134 304 2259 368 317

370 471 562 534 Ovare
607 482 666 533 et
709 470 1062 551 triumphare
1103 472 1220 543 hoc
1265 470 1492 548 differt,
1535 469 1689 549 quod
1730 468 2085 549 triumphans
2117 487 2255 549 qua·

243 557 427 637 drigis
459 556 691 618 vehitur
723 562 783 616 et
825 564 1136 617 coronatus
1177 556 1377 617 laurea
1416 572 1639 615 corona
1680 553 2051 633 subsequitur
2092 571 2255 631 pom-

246 660 403 721 pam;
455 642 553 720 qui
582 650 773 701 autem
802 650 976 717 ovat,
1019 650 1115 701 aut
1155 658 1335 720 super
1367 658 1574 719 equum
1603 637 1879 718 tripudiat
1915 646 2009 698 aut
2050 640 2257 699 mir-tea

247 743 466 787 corona
499 727 722 787 cinctus
757 742 1027 805 pompam
1053 725 1377 805 praecedit.

194 831 222 873 s
370 809 586 870 Omnes
645 818 888 870 cunctos
959 815 1018 869 et
1074 809 1421 889 universos]
1479 825 1685 869 omnes
1738 824 1980 886 quorum
2038 807 2255 867 mentio

242 902 360 963 est3
411 894 604 954 cuncti
633 894 730 972 qui
758 892 974 972 ubique
1002 902 1162 963 sunt;
1197 894 1455 953 universi
1484 901 1769 971 tamquam
1795 892 1851 950 in
1885 909 2057 952 unum
2076 893 2253 952 versi.

379 977 564 1039 Orare
577 986 657 1037 ,et
689 977 947 1057 precari]
981 994 1154 1038 orare
1184 977 1392 1039 dicitur
1424 978 1691 1056 quoniam
1734 976 1855 1038 oris
1893 978 2044 1037 ratio
2074 974 2254 1052 ducit,

241 1070 300 1122 et
327 1063 423 1140 qui
465 1069 593 1123 orat
637 1062 808 1123 etIam
842 1071 1119 1142 precatur
1144 1070 1204 1122 ut
1235 1060 1493 1124 Exorat
1523 1078 1790 1140 pacem,·
1842 1070 1899 1121 at
1948 1062 2044 1141 qui
2084 1068 2258 1137 rogat

239 1162 359 1207 non
392 1148 590 1224 utique
627 1155 786 1223 orat,
825 1145 929 1205 sed
959 1145 1342 1225 deprecatur,
1390 1146 1548 1226 quod
1581 1146 1753 1207 etiam
1781 1146 2033 1225 imperiti
2060 1144 2131 1205 ad
2155 1143 2253 1203 de-

169 1254 221 1298 10
243 1229 599 1310 precandum
632 1228 1008 1290 descendunt.

363 1312 547 1374 Omne
590 1322 650 1373 ct
687 1313 894 1393 totum]
928 1330 1100 1374 omne
1130 1316 1565 1375 universitatem
1599 1316 1912 1393 significat,
1946 1320 2127 1375 totum
2156 1330 2253 1374 so-

238 1398 540 1459 liditatem.

366 1480 668 1542 Ostentum
714 1490 1033 1544 monstrum
1086 1489 1146 1541 et
1201 1481 1555 1562 prodigium]
1605 1491 1893 1543 ostentum
1938 1482 2065 1541 sine
2123 1500 2252 1542 cor-

237 1583 388 1646 pore
433 1565 625 1626 solido
672 1565 838 1627 nobis
885 1584 952 1629 se
993 1564 1248 1626 ostendit
1283 1574 1344 1625 et
1385 1565 1573 1626 oculis
1615 1574 1673 1625 et
1704 1566 1937 1625 auribus
1980 1565 2251 1642 obicitur,

169 1672 222 1713 15
243 1660 306 1710 nt
330 1649 580 1711 interdiu
614 1650 920 1727 tenebrae,
960 1657 1136 1709 nocte
1165 1648 1293 1717 lux;
1344 1648 1674 1727 prodigium
1706 1648 1859 1727 quod
1892 1648 2093 1710 solidis
2126 1664 2253 1709 cor·

240 1733 480 1815 poribus
506 1735 883 1813 conspicitur,
923 1741 983 1792 ut
1013 1734 1073 1791 in
1104 1731 1273 1793 caelo
1307 1740 1571 1793 cometes
1604 1732 1777 1793 stella
1807 1741 1904 1793 aut
1931 1731 2060 1801 fax;
2092 1748 2252 1791 mon-

238 1827 418 1879 strum
452 1816 607 1897 quod
645 1817 904 1896 [contra]
949 1824 1209 1876 naturam
1235 1820 1529 1893 cognitam
1558 1816 1877 1893 egreditur,
1908 1825 1970 1876 ut
1999 1832 2252 1893 serpens

241 1920 370 1963 cum
395 1900 660 1982 pedibus,
693 1902 821 1960 avis
857 1916 984 1959 cum
1009 1898 1139 1959 1111.
1173 1898 1302 1960 alis.

364 1984 697 2062 Properare
737 1991 798 2043 et
840 1984 1148 2063 festinare]
1181 1992 1465 2063 properat
1501 1986 1598 2064 qui
1629 2002 1798 2045 unum
1830 1982 2103 2063 quodque
2135 2000 2250 2043 ma-

163 2086 218 2130 2⁰
239 2078 370 2130 ture
403 2066 700 2146 transigit:
736 2066 974 2129 festinat
1005 2070 1100 2148 qui
1132 2068 1297 2128 simul
1327 2069 1505 2129 multa
1538 2070 1741 2148 incipit
1766 2086 1886 2145 ‚nec
1917 2068 2165 2147 perficit.

361 2151 642 2213 Polliceri
695 2160 753 2212 et
798 2154 1165 2233 promittere]
1198 2154 1582 2232 promittimus
1625 2155 1853 2231 rogati,
1905 2151 2253 2231 pollicemur

235 2237 410 2299 ultro.

364 2321 634 2383 Pecudes
671 2330 731 2382 et
755 2319 1007 2401 pecora]
1047 2320 1306 2399 pecudes
1337 2328 1735 2380 ovcs‘tantum
1766 2320 2115 2400 accipimus,
2148 2338 2251 2398 pe-

238 2423 380 2467 cora
411 2415 606 2466 autem
635 2407 881 2466 mixtura
917 2407 1165 2465 omnium
1194 2402 1523 2465 animalium
1560 2414 1671 2465 est.

168 2515 220 2557 ω
359 2489 556 2551 Palam
598 2499 657 2550 et
702 2489 924 2569 coram]
971 2488 1163 2567 palam
1213 2489 1463 2548 omnium
1504 2488 1896 2569 praesentium
1940 2496 2111 2565 nota,
2152 2505 2252 2549 co·

237 2591 360 2635 ram
392 2591 707 2653 personam
737 2576 1014 2653 accipere
1045 2571 1359 2633 desiderat.

363 2656 622 2719 Patrium
649 2666 710 2719 et
748 2656 1075 2738 paternum]
1113 2658 1359 2735 patrium
1390 2674 1421 2716 a
1454 2656 1641 2735 patria
1670 2658 1857 2736 venit,
1884 2664 2187 2736 paternum
2219 2674 2259 2716 α·

237 2750 426 2822 patre.

360 2824 625 2887 Pomaria
656 2834 714 2886 et
748 2825 1007 2905 pometa]
1042 2824 1300 2905 pomaria
1335 2841 1478 2884 vasa
1507 2822 1780 2901 dicimus,
1813 2823 1964 2883 sicut
1994 2822 2249 2892 olearia3

164 2933 216 2978 ω
238 2918 477 2989 pometa
510 2910 658 2970 sicut
691 2909 907 2971 oliveta
939 2918 998 2969 et
1031 2910 1222 2986 ficeta,
1251 2907 1484 2968 maleta.

360 2993 531 3054 Prior
561 2994 721 3055 venit
765 3004 824 3055 et
863 3002 996 3055 ante
1026 2993 1211 3072 venit]
1259 2994 1425 3072 prior
1472 2989 1543 3051 ad
1585 2990 1953 3069 dignitatem,
2004 2998 2137 3051 ante
2180 2990 2253 3053 ad

234 3086 464 3157 tempus
497 3077 767 3139 refertur.

363 3160 614 3222 Primum
668 3171 727 3222 et
784 3161 1064 3242 priorem]
1128 3162 1291 3240 prior
1333 3159 1578 3221 alterum
1636 3159 1969 3239 praecedit,
2032 3158 2249 3239 primus

235 3262 459 3307 omnes.

161 3347 215 3391 ³5
362 3328 648 3410 Proprius
690 3338 750 3390 et
778 3328 1045 3409 propius]
1081 3329 1359 3409 proprius
1396 3327 1640 3405 domini,
1689 3326 1930 3407 propius
1976 3334 2067 3388 est
2107 3326 2245 3389 loci.

363 3413 538 3475 Paret
569 3422 628 3473 et
656 3413 928 3494 apparet]
955 3422 1126 3493 paret
1152 3414 1425 3492 imperio,
1459 3420 1704 3493 apparet
1731 3410 2081 3473 videntibus».

362 3497 531 3559 Putat
569 3499 860 3559 existimat
897 3499 1164 3576 opinatur
1218 3497 1529 3557 arbitratur
1574 3504 1633 3556 et
1679 3498 2007 3577 suspicatur
2046 3495 2104 3555 id
2145 3492 2251 3554 dif-

233 3581 376 3662 fert]
416 3589 578 3663 putat
606 3582 703 3662 qui
738 3581 988 3660 dubitat,
1027 3582 1315 3642 existimat
1349 3582 1447 3661 qui
1481 3596 1552 3641 ea
1592 3598 1743 3661 quae
1775 3589 1905 3642 acta
1950 3587 2081 3640 sunt
2118 3594 2250 3657 pera
