2700 4234
917 332 1486 380 VITELLIUS.
1983 356 1992 362 ,
2082 319 2201 383 219

203 482 290 543 dit
321 484 540 553 exitus;
573 502 700 544 nam
736 486 1132 545 confirmatum
1165 503 1274 564 per
1303 484 1535 562 legatos
1568 503 1709 547 suos
1748 488 2051 565 imperium
2089 505 2199 566 per

203 585 275 627 se
305 567 562 627 retinere
597 584 714 627 non
743 569 947 647 potuit.

313 650 414 710 ·De
445 650 805 712 Betriacensi
839 653 1082 712 victoria
1117 660 1174 711 et
1212 650 1455 712 Othonis
1500 654 1693 729 exitu,
1740 670 1869 713 cum
1913 632 2100 713 adbuc
2144 654 2201 711 in
2220 660 2287 713 10

201 730 392 803 Gallia
423 744 615 811 esset,
647 735 847 812 audiit,
893 735 1151 813 nihilque
1187 744 1519 813 cunctatus,
1563 736 1840 815 quidquid
1886 738 2201 815 praetoria-

151 836 406 884 snarum
438 818 762 879 cohortium
791 820 926 896 fuit,
959 828 1016 879 ut
1045 819 1284 897 pessimi
1315 819 1600 897 exempli,
1648 838 1762 879 uno
1804 823 2205 881 exauctoravit
2246 880 2251 897 ,

38 932 41 965 ι
199 902 400 963 edicto
438 902 627 961 iussas
669 902 914 963 tribunis
957 902 1192 962 tradere
1232 920 1410 962 arma.
1502 902 1743 963 Centum
1798 913 1986 965 autem
2030 912 2202 981 atque

38 998 41 1007 ·
198 987 439 1063 viginti,
483 1002 725 1063 quorum
770 985 1008 1046 libellos
1050 985 1260 1047 Othoni
1301 986 1469 1046 datos
1513 988 1815 1047 invenerat
1867 1004 2200 1066 exposcen-

197 1071 341 1130 tium
371 1070 686 1148 praemium
715 1070 793 1129 ob
823 1069 1030 1130 editam
1063 1071 1121 1128 in
1157 1069 1338 1129 caede
1371 1069 1593 1130 Galbae
1622 1089 1892 1149 operam,
1936 1070 2203 1148 conquiri

197 1162 260 1213 et
283 1153 578 1231 supplicio
604 1153 772 1214 adlici
799 1155 1133 1233 imperavit,
1171 1156 1417 1231 egregie
1444 1170 1685 1232 prorsus
1704 1164 1879 1233 atque
1895 1154 2201 1232 magnifice
2265 1173 2272 1180 ·

127 1259 180 1301 ιο
199 1246 264 1298 et
295 1246 359 1295 ut
390 1239 590 1296 summi
618 1239 898 1317 principis
929 1255 1096 1316 spem
1126 1237 1497 1315 ostenderet,
1528 1238 1639 1298 nisi
1672 1248 1869 1299 cetera
1898 1239 2085 1315 magis
2126 1256 2202 1297 ex

197 1330 411 1381 natura
439 1328 498 1379 et
527 1322 724 1398 priore
759 1324 872 1381 vita
903 1340 1004 1382 sua
1032 1339 1198 1399 quam
1223 1339 1298 1381 ex
1321 1323 1545 1400 imperii
1568 1325 1866 1383 maiestate
1891 1324 2198 1400 gessisset.

195 1405 466 1482 Namque
490 1404 694 1464 itinere
717 1404 1010 1481 inchoato,
1048 1423 1158 1484 per
1179 1404 1400 1465 medias
1426 1406 1691 1466 civitates
1716 1408 1827 1466 ritu
1848 1405 2197 1485 triumphan-

196 1491 341 1549 tium
372 1496 578 1547 vectus
609 1498 731 1566 est,
764 1507 990 1568 perque
1022 1489 1250 1549 flumina
1281 1488 1705 1550 delicatissimis
1740 1492 1987 1567 navigiis
2019 1498 2077 1549 et
2102 1507 2197 1549 va-

198 1576 418 1632 riarum
448 1589 793 1633 coronarum
823 1591 1046 1650 genere
1081 1571 1387 1650 redimitis,
1435 1572 1585 1633 inter
1619 1573 2055 1652 profusissimos
2096 1572 2197 1631 ob—

135 1676 184 1718 ¹5
204 1658 501 1716 soniorum
533 1666 870 1735 apparatae,
901 1656 1058 1717 nulla
1089 1656 1342 1717 familiae
1372 1665 1471 1716 aut
1496 1657 1689 1717 militis
1731 1656 2063 1735 disciplina,
2110 1674 2199 1715 ra-

203 1742 374 1819 pinas
405 1758 474 1800 ac
512 1740 885 1818 petulantiam
916 1743 1164 1800 omnium
1195 1742 1252 1799 in
1283 1742 1477 1801 iocum
1500 1750 1763 1810 vertens;
1798 1742 1893 1819 qui
1923 1757 2037 1799 non
2064 1756 2197 1799 con-

200 1824 348 1884 tenti
393 1822 569 1901 epnlo
614 1824 828 1903 ubique
877 1824 1111 1904 publice
1158 1823 1455 1902 praebito,
1498 1842 1895 1903 quoscumque
1937 1822 2203 1883 libuisset

199 1910 260 1966 in
291 1906 620 1967 libertatem
649 1907 1028 1985 asserebant,
1059 1907 1308 1969 verbera
1341 1918 1398 1967 et
1427 1908 1666 1987 plagas,
1712 1925 1893 1987 saepe
1936 1906 2199 1983 vulnera,

201 2007 627 2067 nonnumquam
671 2010 878 2052 necem
921 2001 1435 2071 repraesentantes
1484 1991 1943 2053 adversantibus.
2006 1992 2199 2069 thue

135 2097 184 2141 ιο
204 2091 480 2153 campoS,
515 2076 570 2133 in
603 2075 810 2153 quibus
839 2084 1154 2155 pugnatum
1185 2085 1312 2151 est,
1345 2076 1491 2153 adit,
1526 2076 1891 2138 abhorrentis
1920 2075 2201 2153 quosdam

203 2157 554 2219 cadaverum
604 2158 824 2236 tabem,
883 2158 1212 2219 detestabili
1262 2177 1417 2219 voce
1470 2162 1813 2220 confirmare
1866 2176 2039 2218 ausus
2090 2165 2199 2234 est,

200 2243 431 2321 optime
475 2242 644 2303 olere
685 2242 958 2304 occisum
999 2241 1266 2318 hostem,
1312 2250 1372 2303 et
1408 2243 1627 2304 melius
1674 2244 1884 2303 civem,
1953 2241 2083 2301 Neo
2124 2258 2199 2301 eo

203 2328 386 2386 setius
431 2326 502 2385 ad
544 2326 873 2387 leniendam
913 2329 1260 2403 gravitatem
1302 2326 1503 2386 odoris
1546 2327 1849 2406 plurimum
1890 2326 2034 2384 meri
2068 2342 2199 2402 pro-

201 2410 396 2487 palam
427 2410 618 2470 hausit
647 2412 984 2490 passimque
1017 2410 1230 2470 div-isit.
1288 2410 1424 2471 Pari
1458 2413 1709 2471 vanitate
1740 2419 1917 2487 atque
1948 2408 2199 2469 insolen-

132 2512 182 2553 τι
199 2495 275 2553 tia
317 2493 573 2572 lapidem
615 2496 930 2555 memoriae
974 2492 1222 2555 Othonis
1266 2495 1604 2574 inscriptum
1648 2495 1905 2569 intuens,
1954 2492 2203 2572 diynum

201 2594 271 2638 eo
315 2576 645 2640 Mausoleo
689 2580 800 2656 ait,
856 2580 1322 2657 pugionemque,
1376 2596 1490 2656 quo
1540 2580 1589 2638 is
1638 2596 1707 2638 se
1762 2576 2095 2653 occiderat,
2146 2578 2202 2635 in

197 2660 697 2741 Agrippinensem
725 2662 1016 2723 coloniam
1040 2664 1191 2721 misit
1213 2661 1384 2721 Marti
1406 2662 1803 2743 dedicandum.
1870 2661 1935 2722 In
1958 2661 2198 2740 Appen-

198 2748 312 2803 nini
345 2744 581 2825 quidem
614 2747 765 2823 iugis
803 2748 972 2807 etiam
1005 2745 1374 2826 pervigilium
1402 2749 1543 2824 egit.
1600 2745 2101 2822 Urbemxdenique
2124 2743 2196 2804 ad
2225 2756 2281 2811 11

203 2827 509 2889 classicum
542 2831 764 2889 introiit
795 2828 1100 2908 paludatus
1133 2829 1415 2908 ferroque
1444 2829 1808 2905 subcinctus,
1853 2831 2009 2887 inter-
2034 2830 2201 2906 signa

133 2921 378 2991 soatque
409 2913 655 2991 vexilla,
687 2913 970 2991 sagulatis
1005 2912 1332 2991 comitibus,
1368 2932 1439 2973 ac
1468 2913 1715 2973 detectis
1752 2912 2202 2972 commilitonum

200 2999 390 3056 armis.

319 3080 514 3158 Magis
547 3082 756 3142 deinde
791 3100 861 3141 ac
896 3083 1081 3158 magis
1117 3082 1270 3141 omni
1300 3081 1496 3142 divino
1527 3081 1890 3159 humanoque
1911 3081 2036 3137 iure
2060 3096 2201 3157 neg-

201 3162 392 3242 lecto,
438 3164 689 3225 Alliensi
732 3166 825 3227 die
859 3165 1256 3243 pontificatum
1289 3167 1596 3227 maximum
1643 3166 1831 3243 cepit,
1884 3164 2117 3223 comitia
2146 3164 2202 3222 in

203 3246 402 3309 decem
449 3266 632 3309 annos
681 3250 967 3310 ordinavit
1011 3267 1194 3327 seque
1241 3258 1585 3328 perpetuum
1626 3248 1943 3307 consulem.
2006 3246 2082 3307 Et
2126 3264 2201 3308 ne

138 3333 292 3390 sscui
339 3331 570 3393 dubium
611 3333 796 3411 foret,
845 3331 1000 3411 quod
1047 3332 1351 3411 exemplar
1385 3332 1684 3410 regendae
1718 3333 1806 3391 rei
1833 3350 1891 3411 p.
1928 3332 2199 3410 eligeret,

199 3414 386 3476 medio
438 3416 648 3477 Martio
697 3434 902 3495 campo
949 3416 1198 3476 adhibita
1245 3416 1611 3495 publicorum
1662 3416 2031 3477 sacerdotum
2086 3417 2201 3475 fre-

203 3502 427 3572 quentia
455 3500 695 3561 inl'erias
724 3500 946 3561 Neroni
977 3499 1136 3560 dedit
1150 3524 1175 3575 ,-
1199 3517 1269 3560 ac
1299 3500 1569 3560 sollemni
1600 3501 1869 3560 convivio
1918 3499 2201 3560 citharoe-

202 3577 326 3639 dum
355 3583 681 3661 placentem
706 3583 896 3664 palam
919 3582 1234 3663 admonuit,
1266 3592 1325 3643 ut
1347 3584 1587 3664 aliquid
1606 3583 1762 3646 etde
1782 3582 2084 3645 dominico
2108 3579 2202 3641 di-
