2700 4234
4 3396 11 3433 i

936 293 1504 343 vmacmus,
2083 282 2201 346 221

209 456 399 509 torum
431 444 1007 526 publicanorumque,
1044 449 1141 527 qui
1169 467 1438 528 umquam
1467 468 1535 510 se
1567 459 1660 511 aut
1690 448 1914 510 Romae
1953 449 2207 512 debitum

212 533 393 594 autin
420 531 515 591 via
545 530 863 609 portorium
894 529 1279 610 flagitassent,
1310 534 1412 594 vix
1439 534 1542 594 ulli
1566 534 1862 614 pepercit;
1897 552 1974 594 ex
1999 534 2207 614 quibus

212 615 499 694 quendam
551 615 609 674 in
660 614 789 693 ipsa
842 614 1190 677 salutatione
1240 617 1534 697 supplicio
1586 618 1850 679 traditum
1901 621 2206 698 statimque

211 708 573 776 revocatum,
615 699 838 758 cunetis
870 699 1231 761 clementiam
1271 701 1665 780 laudantibus,
1716 720 1914 762 eoram
1961 703 2208 764 interfici

163 807 191 848 s
211 783 398 861 iussit,
431 782 589 842 velle
612 799 679 841 se
714 781 917 844 dicens
944 801 1216 862 pascere
1246 786 1506 857 oculos,·
1537 786 1776 846 alterius
1803 804 2034 865 poenae
2058 786 2204 848 duos

210 867 363 929 filios
398 866 610 927 adiecit
651 866 959 946 deprecari
1005 885 1115 947 pro
1157 877 1323 948 patre
1372 879 1634 932 conatos.
1693 869 1812 931 Sed
1854 879 1912 930 et
1952 871 2205 950 equitem

208 951 281 1013 R.
318 950 798 1030 proclamantem,
832 969 959 1011 cum
1004 961 1309 1031 raperetur
1357 953 1428 1014 ad
1471 971 1748 1034 poenam:
1797 953 1997 1016 Heres
2035 972 2207 1016 meus

210 1036 317 1096 es!
342 1034 625 1095 exhibere
647 1036 975 1096 testamenti
999 1035 1227 1097 tabulas
1252 1038 1472 1115 coegit,
1494 1047 1670 1118 utque
1693 1039 1839 1117 legit
1854 1038 2205 1099 coheredem

211 1119 321 1180 sibi
352 1119 621 1180 libertum
654 1121 781 1178 eius
822 1121 1169 1199 ascriptum,
1208 1121 1459 1198 iugulari
1491 1140 1619 1182 cum
1643 1123 1855 1183 liberto
1880 1124 2202 1204 imperavit.

137 1229 193 1271 10
211 1202 508 1280 Quosdam
541 1211 601 1262 et
640 1201 713 1264 de
755 1202 932 1282 plebe
972 1203 1049 1264 ob
1091 1203 1151 1266 id
1190 1205 1406 1284 ipsum,
1461 1206 1616 1286 quod
1660 1209 1926 1268 Venetae
1965 1207 2204 1267 factioni

212 1288 375 1350 clare
404 1285 555 1347 male
586 1286 869 1366 dixerant,
899 1289 1217 1366 interemit,
1252 1298 1583 1369 contemptu
1615 1292 1704 1352 sui
1734 1300 1793 1350 et
1820 1309 1970 1351 nova
2013 1309 2121 1371 spe
2149 1290 2206 1351 id

210 1388 388 1434 ausos
437 1371 723 1450 opinatus.
793 1370 985 1432 Nullis
1039 1381 1231 1432 tamen
1274 1373 1560 1434 infensior
1593 1393 1762 1454 quam
1789 1375 2120 1436 vernaculis
2147 1383 2209 1435 et

207 1456 645 1533 mathematicis,
675 1463 735 1514 ut
766 1457 1010 1536 quisque
1042 1455 1390 1535 deferretur,
1424 1458 1732 1520 inauditum
1772 1460 1964 1539 capite
2009 1461 2204 1539 punie-

209 1541 327 1617 bat,
360 1538 769 1615 exacerbatns,
802 1539 957 1619 quod
985 1549 1121 1620 post
1149 1540 1403 1602 edietum
1431 1561 1613 1620 suum,
1646 1560 1761 1622 quo
1792 1541 2028 1605 iubebat
2058 1545 2204 1603 intra

142 1645 191 1687 15
209 1622 306 1686 Kl.
341 1623 468 1683 Oct.
502 1623 647 1683 urbe
678 1621 961 1703 Italiaque
990 1624 1377 1685 mathematici
1413 1627 1790 1704 excederent,
1825 1628 2014 1688 statim
2038 1625 2204 1687 libel·

208 1709 303 1768 lus
332 1707 671 1786 propositus
708 1716 821 1785 est,
854 1715 914 1768 et
936 1707 1294 1770 Chaldaeos
1326 1708 1556 1787 dicere,
1591 1710 1816 1772 bonum
1839 1709 2100 1789 factum,
2129 1729 2208 1772 ne

218 1789 499 1852 Vitellius
528 1789 934 1852 Germanicus
962 1792 1133 1853 intra
1158 1792 1418 1855 eundem
1451 1794 1874 1856 Calendarum
1907 1795 2068 1856 diem
2099 1813 2202 1855 us-

208 1891 401 1956 quam
426 1879 607 1936 esset.
676 1876 997 1954 Suspectus
1028 1884 1087 1936 et
1119 1878 1176 1937 in
1204 1888 1391 1940 morte
1415 1882 1610 1940 matris
1635 1879 1761 1956 fuit,
1797 1881 1962 1958 quasi
1987 1897 2205 1957 aegrae

209 1958 486 2039 praeberi
520 1958 706 2020 cibum
739 1959 1151 2039 prohibuisset,
1180 1963 1532 2024 vaticinante
1565 1961 1770 2024 Cattha
1804 1963 2079 2041 muliere,
2115 1965 2206 2024 cui

50 2093 61 2098 -
135 2061 187 2104 π
208 2041 369 2103 velut
397 2042 637 2104 oraculo
667 2043 1101 2122 adquiescebat,
1137 2047 1216 2106 ita
1252 2046 1478 2108 demum
1515 2049 1753 2109 firmiter
1787 2066 1858 2110 ac
1890 2048 2206 2109 diutissime

206 2130 645 2207 imperaturum,
694 2128 745 2187 si
790 2137 1095 2208 superstes
1142 2133 1366 2210 parenti
1411 2134 1716 2193 extitisset.
1805 2130 1924 2192 Alii
1979 2131 2210 2192 tradunt

205 2215 393 2293 ipsam
436 2211 629 2272 taedio
676 2214 1067 2292 praesentium
1106 2223 1167 2273 et
1206 2215 1614 2276 imminentium
1653 2224 1809 2276 metu
1850 2233 2136 2276 venenum
2175 2233 2208 2276 a

206 2296 328 2358 filio
363 2297 734 2376 impetrasse,
768 2295 921 2358 haud
950 2314 1089 2358 sane
1124 2298 1456 2360 difficulter.

330 2379 555 2440 Octavo
585 2380 813 2459 imperii
842 2397 1043 2441 mense
1076 2383 1450 2444 desciverunt
1479 2384 1551 2446 ab
1596 2403 1670 2446 eo
1714 2385 2012 2446 exercitus
2043 2384 2288 2450 Moe-15

138 2489 187 2532 κε
210 2465 427 2526 siarum
466 2472 640 2542 atque
680 2463 1047 2543 Pannoniae,
1095 2467 1231 2527 item
1279 2485 1356 2527 ex
1398 2471 1792 2530 transmarinis
1835 2467 2103 2529 Iudaicus
2149 2474 2208 2527 et

206 2547 553 2624 Syriaticus,
584 2565 655 2609 ac
689 2565 828 2627 pars
857 2550 915 2608 in
950 2548 1207 2611 absentis
1236 2569 1377 2631 pars
1406 2553 1466 2613 in
1495 2555 1824 2634 praesentis
1855 2551 2206 2633 Vespasiani

203 2631 392 2694 verba
434 2631 707 2692 iurarunt.
815 2631 909 2693 Ad
953 2634 1313 2697 retinendum
1355 2655 1502 2715 ergo
1549 2647 1878 2698 ceterorum
1919 2635 2206 2698 hominum

205 2716 455 2779 studium
483 2733 554 2776 ac
580 2716 863 2794 favorem,
898 2718 1037 2778 nihil
1074 2736 1191 2779 non
1222 2720 1456 2800 publice
1493 2722 1874 2801 privatimque
1917 2720 2077 2781 nullo
2108 2718 2205 2780 ad·
2315 2761 2322 2768 -

203 2800 391 2862 hibito
426 2799 599 2860 modo
633 2800 881 2879 largitus
908 2811 1019 2861 est.
1076 2802 1366 2863 Dilectum
1403 2823 1638 2884 quoqne
1672 2821 1744 2864 ea
1776 2804 2119 2865 condicione
2150 2803 2208 2862 in

132 2902 186 2944 ao
208 2884 357 2947 urbe
389 2885 531 2962 egit,
564 2893 628 2944 ut
655 2884 1001 2946 voluntariis
1031 2904 1147 2947 non
1170 2888 1342 2948 modo
1369 2890 1701 2948 missionem
1725 2897 1860 2968 post
1883 2888 2204 2963 victoriam,

204 2969 313 3032 sed
344 2969 517 3028 etiam
550 2977 961 3029 veteranorum
992 2970 1293 3050 iustaeque
1328 2972 1566 3033 militiae
1610 2970 1912 3033 commoda
1961 2970 2204 3050 pollice-

200 3064 385 3115 retur.
448 3052 698 3130 Urgenti
736 3052 946 3113 deinde
976 3063 1133 3115 terra
1164 3059 1423 3136 marique
1457 3056 1611 3118 hosti
1644 3057 1778 3117 hinc
1808 3056 2046 3116 fratrem
2079 3072 2206 3114 cnm

204 3138 401 3198 classe
432 3154 505 3198 ac
532 3137 813 3198 tironibus
844 3147 903 3200 et
941 3138 1327 3216 gladiatorum
1364 3159 1533 3201 manu
1566 3141 1874 3221 opposuit,
1920 3139 2053 3199 hinc
2097 3135 2204 3198 Be-

202 3223 531 3296 triacenses
562 3223 769 3301 copias
799 3231 857 3282 et
886 3221 1067 3284 duces
1082 3247 1095 3294 ;
1144 3233 1317 3304 atque
1361 3225 1577 3304 ubique
1622 3233 1719 3285 aut
1761 3231 2067 3304 superatus
2113 3231 2209 3284 aut

130 3323 183 3367 85
204 3304 498 3385 proditus,
528 3305 775 3367 salutem
803 3307 915 3368 sibi
958 3316 1033 3368 et·
1059 3309 1245 3369 milies
1288 3313 1615 3370 sestertium
1661 3327 1696 3369 a
1737 3309 1941 3370 Flavio
1987 3306 2202 3369 Sabino
2283 3354 2294 3358 -

202 3391 556 3469 Vespasiani
608 3389 790 3451 fratre
845 3393 1100 3471 pepigit3
1172 3395 1482 3472 statimque
1535 3411 1641 3475 pro
1699 3393 1976 3472 gradibus
2025 3392 2205 3453 Palati

198 3472 355 3554 apud
388 3473 727 3553 frequentes
756 3475 1004 3554 milites,
1049 3476 1263 3538 cedere
1296 3496 1362 3538 se
1397 3480 1644 3559 imperio
1677 3477 1832 3558 quod
1873 3478 2084 3538 invitus
2113 3493 2203 3534 re-

204 3558 499 3637 cepisset,
547 3559 877 3639 professus,
928 3562 1151 3623 cunctis
1192 3561 1640 3624 reclamantibus
1681 3580 1806 3622 rem
1844 3559 2088 3636 distulit,
2133 3574 2206 3616 ac
