2700 4234
832 305 1044 355 mvus
1080 307 1576 357 vnsmsmnns.
2096 299 2220 361 225

206 463 345 523 tium
392 460 659 522 euntibus
706 463 781 520 in
812 471 1008 523 monte
1058 479 1279 523 summo
1324 463 1658 543 appellatur
1699 465 2061 544 Vespasiae,
2125 465 2221 526 ubi

208 547 635 626 Vespasiorum
674 546 975 626 complura
1006 556 1374 608 monumenta
1400 556 1618 626 extant,
1643 565 1914 626 magnum
1949 549 2219 611 indicium

208 629 546 710 splendoris
571 630 823 691 familiae
874 639 935 690 et
978 632 1303 692 vetustatis.
1384 630 1520 692 Non
1563 634 1902 710 negaverim
1947 635 2218 695 iactatum

208 733 240 776 a
274 713 631 793 quibusdam,
669 713 937 775 Petronis
970 723 1262 794 patrem-e
1294 715 1544 793 regione
1575 715 1990 796 Transpadana
2035 718 2218 779 fuisse

153 818 180 858 s
206 800 534 877 mancipem
565 815 909 878 operarum,
960 815 1115 878 quae
1144 816 1220 859 ex
1252 799 1490 861 Umbria
1530 802 1588 859 in
1622 799 1873 861 Sabinos
1917 801 1992 863 ad
2037 801 2216 863 cultu-

204 899 328 942 ram
360 900 637 960 agrorum
671 883 1007 961 quotannis
1056 900 1386 944 commeare
1430 884 1692 954 soleant3
1735 883 2074 946 subsedisse
2119 904 2218 947 au·

205 976 321 1027 tem
352 968 412 1027 in
445 965 671 1045 oppido
706 967 980 1045 Reatino,
1021 985 1210 1028 uxore
1234 967 1449 1028 ibidem
1479 968 1670 1030 ducta.
1735 967 1876 1048 lpse
1924 989 1998 1030 ne
2042 973 2217 1030 vesti·

203 1052 363 1128 giam
396 1049 627 1130 quidem
660 1050 733 1110 de
766 1051 912 1127 hoc,
954 1051 1217 1130 quamvis
1256 1053 1398 1112 satis
1428 1053 1661 1113 curiose
1702 1053 2086 1133 inquirerem,
2133 1056 2214 1114 in·

203 1153 361 1195 vem.
592 1157 600 1165 ³

134 1240 185 1282 ιο
330 1219 739 1298 Vespasianus
770 1227 940 1279 natus
967 1227 1059 1278 est
1084 1219 1141 1278 in
1166 1217 1398 1279 Sabinis
1422 1218 1568 1279 ultra
1591 1220 1778 1282 Reate
1801 1223 1938 1282 vico
1961 1221 2215 1298 modico,
2241 1233 2272 1281 2

204 1304 298 1364 cui
327 1319 543 1363 nomen
566 1311 657 1362 est
681 1302 1045 1379 Phalacrine,
1075 1301 1209 1363 XV.
1234 1301 1327 1364 Kl.
1351 1301 1542 1363 Decb.
1567 1306 1827 1383 vesperi,
1854 1304 1926 1380 Q.
1954 1305 2214 1384 Sulpicio

208 1387 547 1464 Camerino,
586 1383 653 1448 G.
683 1386 971 1466 Poppaeo
1006 1385 1225 1446 Sabino
1261 1404 1426 1448 cons.
1459 1388 1850 1466 quinquennio
1881 1397 2014 1448 ante
2045 1407 2216 1468 quam

206 1471 507 1548 Augustus
540 1470 893 1540 excederem
942 1469 1224 1530 educatus
1265 1469 1372 1530 sub
1411 1479 1652 1550 paterna
1693 1474 1824 1533 avia
1859 1472 2118 1533 Tertulla
2159 1474 2217 1533 in

208 1556 465 1634 praediis
501 1553 770 1618 Cosanis.
837 1554 1035 1630 Quare
1068 1555 1353 1635 princeps
1385 1572 1622 1634 quoque
1655 1565 1713 1616 et
1755 1556 1948 1616 locum
1982 1557 2214 1616 incuna-

135 1657 187 1698 ιε
206 1639 474 1698 bulorum
519 1639 749 1700 assidue
792 1639 1221 1719 frequentavit,
1280 1649 1550 1700 manente
1589 1638 1728 1700 villa
1785 1640 1974 1718 qualis
2026 1640 2217 1701 iuerat

208 1722 381 1798 olim,
427 1741 500 1782 ne
533 1721 668 1800 quid
714 1722 943 1782 scilicet
990 1722 1295 1783 oculorum
1338 1723 1742 1783 consuetudini
1789 1723 2116 1803 deperiret;
2159 1731 2216 1783 et

207 1808 373 1866 aviae
405 1807 743 1866 memoriam
774 1815 935 1866 tanto
974 1823 1161 1885 opere
1193 1807 1428 1884 dilexit,
1466 1815 1526 1867 ut
1555 1799 1936 1869 sollemnibus
1959 1824 2031 1867 ac
2047 1807 2216 1868 festis

205 1889 413 1950 diebus
445 1890 669 1968 pocillo
702 1907 939 1968 quoque
973 1891 1099 1949 eius
1144 1900 1432 1969 argenteo
1475 1900 1683 1970 potare
1719 1893 2214 1971 perseveraverit.

324 1973 562 2052 Sumpta
582 1973 734 2034 virili
759 1983 920 2052 toga,
946 1973 1121 2034 latum
1146 1975 1395 2053 clavum,
1425 1992 1764 2055 quamquam
1781 1977 1962 2036 fratre
1979 1975 2213 2055 adepto,

126 2075 182 2118 20
201 2057 295 2119 diu
328 2067 637 2119 aversatus
668 2067 778 2136 est,
811 2075 926 2118 nec
968 2067 1030 2118 ut
1070 2058 1301 2119 tandem
1343 2068 1658 2138 appeteret
1717 2059 1996 2140 compelli
2038 2061 2145 2119 nisi
2183 2076 2214 2119 a

198 2152 382 2204 matre
425 2145 629 2221 potuit.
686 2141 773 2203 Ea
805 2141 1031 2203 demum
1071 2142 1295 2204 extudit
1350 2145 1536 2221 magis
1576 2145 1847 2206 convicio
1879 2161 2046 2223 quam
2081 2161 2213 2222 pre·

201 2226 367 2288 cibus
397 2226 496 2286 vel
528 2229 906 2304 auctoritate,
949 2227 1079 2286 dum
1126 2244 1256 2287 eum
1298 2227 1614 2290 identidem
1661 2246 1770 2307 per
1813 2227 2213 2288 contumeliam

201 2310 709 2371 anteambulonem
739 2311 937 2372 fratris
970 2310 1255 2390 appellat.

338 2394 712 2454 Tribunatum
746 2393 983 2454 militum
1014 2395 1073 2454 in
1091 2384 1355 2455 ‘Thracia
1387 2397 1625 2465 meruit3
1673 2404 1949 2473 quaestor
1984 2392 2216 2455 Cretam

124 2495 183 2536 25
202 2487 263 2539 et
292 2474 559 2552 Cyrenas
596 2478 956 2556 provinciam
990 2487 1150 2538 sorte
1186 2480 1377 2559 cepit;
1427 2478 1738 2540 aedilitatis
1777 2496 1850 2540 ac
1879 2496 2016 2540 mox
2046 2496 2214 2558 prae-

142 2557 146 2562 ⁴
199 2572 367 2623 turae
409 2560 768 2638 candidatuS,
801 2561 958 2621 illam
989 2579 1106 2621 non
1154 2564 1278 2622 sine
1321 2563 1561 2642 repulsa
1605 2571 1897 2642 sextoque
1940 2566 2039 2623 vix
2081 2563 2212 2624 ade·

200 2655 335 2726 ptus
368 2655 460 2705 est
491 2645 649 2721 loen,
684 2644 833 2707 hanc
870 2646 1055 2724 prima
1089 2647 1280 2707 statim
1305 2648 1592 2726 petitione
1614 2648 1753 2706 etin
1779 2647 2011 2725 primis3
2045 2665 2213 2726 prae-

198 2739 294 2790 tor
321 2729 610 2790 infensum
642 2731 865 2789 senatui
905 2729 1108 2791 Gaium
1140 2747 1213 2790 ne
1250 2748 1368 2809 quo
1405 2748 1522 2790 non
1546 2747 1770 2808 genere
1793 2729 2211 2807 demereretur,

197 2812 369 2874 ludos
402 2812 901 2874 extraordinarios
945 2831 1054 2893 pro
1096 2815 1344 2875 victoria
1394 2816 1518 2875 eius
1565 2813 1908 2874 Germanica
1949 2814 2211 2894 depopo-

116 2912 178 2954 so
198 2899 329 2974 scit,
365 2914 712 2977 poenaeque
753 2899 1185 2959 coniuratorum
1218 2898 1542 2959 addendum
1575 2897 1800 2956 censuit
1835 2905 1898 2956 ut
1937 2898 2213 2977 insepulti

197 2981 629 3061 proicerentur.
688 2981 829 3059 Egit
860 2991 919 3042 et
956 2984 1178 3059 gratias
1214 2984 1269 3042 ei
1302 2982 1454 3062 apud
1489 2981 1900 3060 amplissimum
1929 2981 2210 3059 ordinem,

196 3064 356 3145 quod
389 3083 453 3126 se
489 3065 717 3127 honore
750 3083 972 3126 caenae
1006 3065 1279 3143 dignatus
1315 3075 1495 3127 esset.

320 3149 483 3210 Inter
514 3148 665 3210 haec
694 3149 955 3210 Flaviam
991 3149 1346 3211 Domitillam
1380 3150 1544 3211 duxit
1575 3167 1841 3228 uxorem,
1879 3148 2065 3210 Statili
2102 3146 2208 3211 Ga·
2237 3157 2272 3212 3

196 3233 394 3314 pellae
428 3234 642 3312 equitis
677 3234 749 3294 R.
785 3233 1159 3294 Sabratensis
1193 3252 1270 3295 ex
1298 3233 1505 3296 Africa
1539 3234 1840 3295 delicatam
1891 3233 2025 3294 olim
2064 3233 2209 3294 Lati·

118 3334 179 3376 as
196 3334 424 3395 uaeque
456 3315 843 3395 condicionis,
880 3317 984 3377 sed
1018 3335 1159 3378 mox
1192 3319 1507 3397 ingenuam
1539 3327 1598 3380 et
1631 3319 1817 3380 civem
1847 3319 2016 3379 Rom.
2063 3318 2210 3378 reci-

193 3403 498 3480 peratorio
530 3401 745 3462 iudicio
781 3405 1225 3480 pronuntiatam,
1262 3413 1429 3482 patre
1463 3411 1766 3464 asserente
1802 3401 2006 3464 Flavio
2043 3402 2210 3462 Libe-

191 3485 320 3544 rale
355 3483 593 3544 Ferenti
624 3487 825 3563 genito
859 3503 972 3546 nec
1008 3487 1320 3566 quicquam
1370 3487 1616 3566 amplius
1663 3504 1830 3565 quam
1879 3485 2212 3565 quaestorio

192 3566 412 3627 scriba.
504 3567 597 3628 Ex
630 3568 740 3629 hac
768 3568 992 3631 liberos
1027 3570 1157 3630 tulit
1186 3570 1376 3632 Titum
1409 3581 1467 3632 et
1499 3569 1888 3632 Domitianum
1934 3579 1992 3630 et
2019 3568 2214 3629 Domi·

294 3670 603 3711 susronmS.
1723 3655 1796 3714 15
