2700 4234
916 325 1125 373 Divus
1174 323 1540 374 ememus.
2108 321 2222 383 151

216 501 291 544 ac
322 483 585 542 damnum
627 478 979 540 liberalitate
1020 498 1124 540 sua
1168 488 1519 542 resarturum
1565 483 1901 562 pollicente.
1991 487 2101 561 Qui
2145 497 2226 548 ta-

214 585 349 627 men
382 565 639 624 moriens
668 572 727 622 et
756 565 813 622 in
843 565 1029 624 tertiis
1059 563 1375 623 heredibus
1407 583 1536 625 eum
1567 585 1643 626 ex
1681 575 1844 646 parte
1885 573 2051 630 tertia
2083 557 2224 631 nun'-

218 659 519 730 cupatum,
566 648 969 731 legatqetgiam
1005 650 1161 708 circa
1192 651 1442 708 sestertii
1475 652 1658 711 vicies
1694 662 2041 730 prosecutus
2073 671 2226 715 com-

214 733 506 795 mendavit
546 733 786 810 insuper
832 730 1188 790 exercitibus
1230 749 1302 790 ac
1343 735 1566 793 senatui
1609 734 1945 814 populoque
1974 738 2044 798 R.
2078 739 2227 798 inter

171 845 195 884 5
217 827 451 880 ceteras
479 815 942 875 necessitudines
973 817 1319 876 nominatim.

344 901 461 962 Sub
506 899 648 960 Gaio
674 897 899 960 demum
941 898 1137 958 fratris
1181 899 1333 977 filio,
1399 901 1710 961 secundam
1750 904 2229 964 existimationem
2257 913 2290 968 7

215 989 375 1047 circa
417 985 577 1044 initia
624 985 852 1061 imperii
895 982 1160 1042 omnibus
1210 983 1516 1045 lenociniis
1559 985 1910 1064 colligente,
1973 988 2226 1049 bonores

206 1071 549 1150 auspicatus
586 1067 943 1127 consulatum
969 1069 1155 1144 gessit
1192 1085 1303 1127 una
1344 1085 1455 1147 per
1495 1068 1641 1128 duos
1679 1088 1944 1147 menses,
2007 1074 2225 1132 evenit·
2337 1100 2342 1111 =

212 1173 331 1234 que
359 1163 420 1212 nt
451 1152 708 1231 primitus
742 1151 1099 1228 ingredienti
1121 1169 1248 1211 cum
1277 1150 1536 1212 fascibus
1564 1153 1752 1214 forum
1784 1157 2226 1233 praetervolans

142 1263 191 1305 ιο
212 1237 411 1318 aquila
446 1236 780 1296 dexteriore
821 1252 1020 1295 umero
1066 1234 1418 1295 consideret.
1507 1232 1757 1297 Sortitus
1799 1248 1890 1314 pst
1931 1248 1988 1299 et
2033 1238 2104 1298 de
2145 1239 2225 1299 al·

208 1333 347 1384 tero
414 1316 711 1379 consulatu
766 1320 839 1394 in,
882 1328 1142 1398 quartum
1187 1337 1421 1390 annum:
1481 1321 1890 1400 praeseditque
1951 1340 2224 1382 nonnum·

211 1421 385 1486 qnam
421 1402 776 1482 spectaculis
805 1406 861 1462 in
888 1402 991 1465 Gai
1022 1406 1247 1479 vicem,
1297 1404 1654 1464 adclamante
1695 1403 1947 1484 populo:
2002 1405 2225 1468 Felici-

208 1498 307 1551 τοι·
360 1489 569 1568 partim
614 1493 847 1566 patruo
901 1486 1301 1565 imperatoris
1344 1489 1554 1568 partim
1597 1488 1951 1550 Germanici
1995 1489 2228 1568 fratri!

208 1573 342 1634 Nec
376 1588 450 1631 eo
481 1573 666 1631 minus
694 1572 1059 1632 contumeliis
1100 1571 1388 1632 obnoxius
1421 1574 1580 1632 vixit.
1667 1573 1814 1632 Nam
1853 1583 1912 1632 et
1954 1577 2002 1633 si
2049 1575 2224 1653 paulo
2257 1576 2292 1630 8

145 1658 404 1722 usserius
456 1655 528 1716 ad
578 1655 935 1734 praedictam
992 1673 1211 1716 caenae
1278 1655 1480 1716 boram
1543 1659 1926 1733 occurrisset,
1995 1659 2226 1717 nonnisi

210 1757 399 1818 aegre
430 1748 488 1798 et
532 1740 774 1799 circuito
808 1731 1033 1799 deinum
1077 1740 1329 1800 triclinio
1373 1739 1794 1829 §effipiebaiun
1859 1749 1916 1800 et
1961 1742 2226 1820 quotiens

209 1832 353 1905 post
382 1822 570 1883 cibum
602 1823 1081 1900 addormisceret,
1144 1823 1300 1903 quod
1328 1826 1384 1883 ei
1412 1821 1542 1885 fere
1583 1823 1919 1902 accidebat,
1969 1824 2228 1886 olearum

208 1916 314 1969 aut
366 1906 740 1984 palmularum
793 1907 1022 1976 ossibus
1076 1906 1510 1987 incessebatur,
1555 1909 1836 1970 interdum
1888 1908 2074 1969 ferula
2127 1908 2226 1970 fla-

206 2007 407 2069 grove
432 1990 612 2050 ·velut
656 2008 759 2069 per
799 1991 993 2052 ludum
1036 1992 1401 2053 excitabatur
1432 2009 1464 2052 a
1498 1993 1753 2071 copreis.
1844 1992 2124 2055 Solebant
2170 2002 2229 2053 et

132 2073 477 2137 vsomanibus
528 2072 820 2135 stertentis
875 2076 1036 2137 socci
1092 2075 1314 2155 induci,
1380 2086 1440 2136 ut
1479 2086 1722 2156 repente
1770 2079 2228 2157 expergefactus

202 2160 421 2221 faciem
453 2157 683 2218 sibimet
714 2160 1081 2220 confricaret.

334 2242 457 2303 Sed
511 2261 584 2303 ne
637 2242 1058 2303 discriminibus
1110 2243 1339 2322 quidem
1397 2246 1594 2304 caruit.
1654 2244 1930 2305 .Primum
1986 2245 2042 2303 in
2094 2245 2225 2324 ipso
2255 2254 2290 2307 9

205 2326 544 2405 consulatu,
590 2326 747 2408 quod
774 2327 1025 2388 Neronis
1056 2336 1115 2386 et
1140 2327 1345 2404 Drusi,
1393 2328 1628 2388 fratrum
1662 2325 1964 2405 Caesaris,
2011 2337 2227 2387 statuas

203 2413 449 2490 segnius
478 2410 758 2473 locandas
790 2411 1205 2491 ponendasque
1242 2421 1533 2489 curasset,
1594 2430 1781 2491 paene
1825 2412 2046 2474 honore
2079 2430 2225 2471 sum·

134 2519 187 2560 25
206 2504 404 2555 motus
448 2505 565 2566 est;
630 2495 839 2556 deinde
883 2503 1161 2556 extraneo
1204 2495 1302 2555 vel
1336 2497 1506 2557 etiam
1546 2495 1994 2557 domesticorum
2029 2495 2226 2575 aliquo

115 2615 120 2622 -
205 2578 515 2638 deferente
560 2580 791 2641 assidue
836 2581 1109 2658 varieque
1156 2581 1518 2659 inquietatus.
1609 2578 1753 2641 Cum
1798 2598 1942 2641 vero
1997 2579 2228 2640 detecta

203 2671 371 2724 esset
408 2661 611 2742 Lepidi
661 2673 719 2725 et
771 2662 1053 2726 Gaetulici
1108 2666 1462 2742 coniuratio,
1516 2667 1724 2725 missus
1766 2665 1824 2724 in
1868 2662 2226 2726 Germaniam

201 2749 357 2807 inter
409 2745 645 2824 legatos
689 2748 760 2808 ad
810 2748 1237 2826 gratulandum,
1298 2750 1468 2809 etiam
1508 2749 1672 2810 vitae
1711 2747 2032 2828 periculum
2075 2747 2226 2824 adiit,

201 2830 549 2908 indignante
586 2849 655 2892 ac
685 2832 969 2893 fremente
1002 2829 1146 2894 Gaio
1188 2841 1451 2911 patruum
1493 2833 1849 2912 potissimum
1893 2829 1964 2890 ad
1997 2849 2063 2890 se
2093 2832 2226 2890 mis-

128 2934 181 2980 ³o
202 2933 333 2976 sum
368 2916 537 2993 quasi
569 2915 640 2978 ad
670 2933 911 2997 puerum
937 2917 1286 2995 regendum,
1328 2916 1478 2977 adeo
1510 2925 1570 2977 ut
1599 2935 1716 2977 non
1759 2915 2076 2990 defuerint,
2131 2915 2228 2992 qui

197 2999 511 3062 traderent
538 3001 981 3081 praecipitatum
1014 3018 1245 3081 quoque
1283 3001 1340 3059 in
1375 2999 1616 3078 flumen,
1662 3002 1811 3060 sicut
1845 2999 2090 3058 vestitus
2131 2989 2226 3056 ail-

196 3091 471 3145 venerat.
560 3083 754 3164 Atque
804 3103 881 3144 ex
932 3101 1005 3145 eo
1053 3101 1356 3164 numquam
1387 3085 1594 3144 nonin
1638 3092 1840 3145 senatu
1881 3082 2228 3143 novissimus

201 3167 601 3229 consularium
643 3169 981 3229 sententiam
1006 3167 1199 3245 dixit,
1243 3169 1594 3246 ignominiae
1640 3185 1813 3230 causa
1859 3174 1996 3248 post
2043 3165 2227 3226 omnis

198 3254 625 3330 interrogatus.
712 3252 900 3313 Etiam
932 3253 1192 3330 cognitio
1217 3251 1351 3312 falsi
1380 3253 1706 3312 testamenti
1737 3259 1982 3330 recepta
2015 3258 2126 3327 est,
2168 3248 2226 3308 in

127 3351 318 3414 asquo
359 3345 421 3396 et
480 3337 611 3415 ipse
650 3337 1002 3414 signaverat.
1091 3336 1396 3396 Postremo
1441 3337 1770 3397 sestertium
1813 3335 2082 3412 octogies
2116 3350 2223 3412 pro

200 3420 443 3481 introitu
474 3421 609 3481 novi
652 3420 965 3490 sacerdotii
1008 3428 1249 3480 coactus
1290 3421 1658 3498 impendere,
1701 3420 1773 3481 ad
1808 3438 1909 3480 eas
1950 3419 2038 3478 rei
2067 3418 2225 3478 fami-

198 3503 363 3564 liaris
422 3505 723 3582 angustias
788 3503 1034 3581 decidit,
1103 3513 1163 3564 ut
1218 3521 1345 3564 cum
1403 3503 1718 3582 obligatam
1764 3503 1989 3565 aerario
2057 3500 2227 3560 fidem

198 3585 466 3649 liberare
520 3605 639 3648 non
691 3597 923 3668 posset,
970 3589 1029 3647 in
1081 3605 1323 3648 vacuum
1377 3586 1516 3666 lege
1568 3585 1954 3666 praediatoria
2004 3582 2226 3643 venalis
