2700 4234
1130 322 1341 371 NERO.
1634 396 1639 402 ⁴
2129 313 2246 374 189

250 496 599 558 quandoque
631 495 664 537 e
698 497 765 538 re
798 495 853 556 p.
884 496 955 538 ac
982 479 1317 557 provincias
1348 487 1408 539 et
1451 481 1744 540 exercitus
1772 481 1950 558 equiti
1977 480 2048 541 R.
2080 499 2152 542 ac
2181 481 2245 541 li-

252 563 435 622 bertis
470 562 903 641 permissurum.
969 561 1144 624 Certe
1188 579 1381 640 neque
1427 562 1742 622 adveniens
1783 581 1973 642 neque
2015 566 2245 642 prolici-

252 665 425 706 scens
456 663 799 724 quemquam
843 644 1050 706 osculo
1094 647 1398 724 impertiit,
1442 663 1514 705 ac
1556 664 1630 705 ne
1668 646 2077 708 resalutatione
2122 650 2245 727 qui·

252 730 409 798 dem;
458 739 517 788 et
558 732 617 789 in
646 729 1001 807 auspicando
1036 747 1220 808 opere
1253 726 1449 788 Isthmi
1490 747 1695 807 magna
1732 730 2056 810 frequentia
2088 733 2245 792 clare

204 848 231 886 5
248 821 317 874 ut
336 812 457 873 sibi
482 831 561 874 ac
576 813 813 911 poopulo
832 813 907 872 R.
934 811 1088 874 bene
1103 831 1208 872 res
1230 819 1497 872 verteret
1516 815 1755 892 optavit,
1778 813 2127 916 dissimulata
2155 834 2244 875 se-

252 906 420 958 natus
456 898 766 957 mentione.

380 981 497 1040 Sed
544 998 655 1040 nec
686 980 909 1060 populo
948 989 1043 1039 aut
1073 979 1375 1039 moenibus
1407 982 1627 1057 patriae
1657 983 1944 1060 pepercit.
2001 981 2330 1046 Dicenteas

254 1063 551 1144 quodam
533 1083 591 1124 ιιι
621 1082 890 1124 sermone
923 1061 1233 1125 communi:

546 1139 733 1226 Ἐμοῦ
769 1141 1066 1218 θανόντος
1092 1151 1233 1226 γαῖα
1258 1141 1532 1224 μιχθήτω
1560 1147 1740 1226 uvel!

185 1230 479 1307 ιοῙηινηο,
514 1231 722 1311 inquit,
754 1226 919 1310 ἐμοῦ
946 1226 1220 1306 ζῶντοςὶ
1264 1233 1555 1310 planeque
1584 1233 1660 1290 ita
1690 1231 1850 1292 fecit.
1906 1232 2053 1292 Nam
2085 1234 2249 1311 quasi

254 1317 515 1378 offensus
546 1314 909 1377 deformitate
941 1323 1197 1374 veterum
1228 1315 1620 1375 aedificiorum
1663 1325 1720 1374 et
1759 1318 2041 1393 angustiis
2071 1316 2246 1376 flexu-

252 1402 453 1480 risque
485 1400 767 1479 vicorum,
800 1401 1054 1462 incendit
1084 1399 1287 1462 urbem
1321 1408 1436 1462 tam
1471 1399 1688 1480 palam,
1721 1409 1779 1458 ut
1812 1399 2075 1478 plerique
2113 1417 2246 1459 con-

254 1486 482 1546 sulares
518 1484 909 1546 cubicularios
956 1487 1115 1562 eius,
1162 1504 1289 1546 cum
1329 1495 1538 1565 stuppa
1579 1482 1866 1565 taedaque
1907 1485 1964 1544 in
1995 1483 2247 1564 praediis

257 1572 375 1630 suis
405 1569 842 1648 deprehensos,
890 1587 1007 1630 non
1052 1571 1378 1648 attigerint:
1427 1579 1484 1628 et
1531 1569 1810 1648 quaedam
1851 1569 2062 1630 horrea
2093 1572 2244 1629 circa

184 1674 236 1716 ιιι
257 1653 487 1714 domum
525 1651 811 1730 Auream,
876 1671 1117 1733 quorum
1164 1656 1409 1732 spatium
1459 1654 1704 1712 maxime
1747 1651 2144 1729 desiderabat,
2189 1661 2248 1710 ut

254 1736 485 1796 bellicis
515 1735 791 1796 machinis
817 1736 1107 1798 labefacta
1137 1746 1311 1816 atque
1341 1737 1680 1797 inflammata
1711 1738 1842 1814 sint,
1878 1735 2032 1815 quod
2064 1752 2245 1795 saxeo

253 1837 420 1879 muro
465 1828 791 1879 constructa
831 1829 1011 1880 erant.
1073 1821 1186 1880 Per
1226 1839 1333 1880 sex
1377 1821 1500 1880 dies
1539 1830 1883 1899 septemque
1930 1829 2135 1879 noctes
2180 1836 2246 1878 ea

258 1903 425 1963 clade
460 1903 738 1962 saevitum
770 1913 886 1980 est,
920 1903 989 1963 ad
1022 1913 1515 1966 monumentorum
1542 1904 1957 1982 bustorumque
1987 1903 2246 1964 diverso-

254 1989 339 2048 ria
371 1985 545 2065 plebe
572 1987 888 2066 compulsa.
953 1987 1113 2048 Tunc
1142 1997 1379 2066 praeter
1407 1990 1738 2048 immensum
1769 2005 2063 2048 numerum
2097 1987 2248 2045 insu-

177 2072 434 2132 aolarum
463 2069 663 2130 domus
690 2072 1013 2150 priscorum
1044 2070 1249 2132 ducum
1284 2081 1551 2132 arserunt
1571 2071 1878 2132 hostilibus
1903 2071 2089 2132 adhuc
2113 2087 2247 2150 spo-

251 2155 341 2214 liis
371 2153 712 2232 adornatae,
758 2154 1111 2235 deorumque
1156 2155 1333 2216 aedes
1375 2156 1446 2216 ab
1477 2156 1717 2232 regibus
1749 2174 1819 2216 ac
1846 2154 2052 2215 deinde
2084 2155 2247 2214 Puni-

255 2241 337 2299 cis
369 2247 427 2298 et
462 2237 700 2299 Gallicis
743 2237 914 2298 bellis
955 2249 1130 2300 votae
1169 2239 1618 2318 dedicataeque,
1665 2248 1722 2300 et
1753 2239 2022 2319 quidquid
2059 2239 2246 2298 visen-

252 2322 382 2383 dum
412 2331 582 2400 atque
614 2323 989 2383 memorabile
1020 2341 1095 2382 ex
1126 2323 1460 2402 antiquitate
1505 2322 1828 2383 duraverat.
1884 2322 2013 2382 Hoc
2055 2325 2247 2380 incen-

252 2406 403 2467 dium
436 2423 470 2464 e
512 2413 670 2464 turre
700 2405 1131 2467 Maecenatiana
1168 2414 1556 2486 prospectans
1600 2407 1899 2486 laetusque
1939 2403 2246 2483 flammae,

173 2510 230 2550 25
252 2499 316 2548 ut
350 2487 571 2564 aiebat,
606 2488 1066 2566 pulchritudine
1091 2490 1329 2551 Halosin
1361 2491 1451 2551 Ilii
1485 2493 1540 2548 in
1572 2490 1673 2551 illo
1708 2507 1812 2550 suo
1843 2491 2116 2550 scaenico
2149 2487 2245 2550 ha-

250 2573 374 2633 bitu
420 2571 763 2640 decantavit.
855 2573 946 2633 Ac
991 2591 1065 2633 ne
1107 2592 1222 2634 non
1270 2574 1404 2634 hinc
1455 2591 1686 2654 quoque
1729 2582 1996 2653 quantum
2042 2582 2250 2654 posset

251 2655 508 2736 praedae
548 2664 606 2715 et
645 2655 1034 2717 manubiarum
1073 2657 1403 2735 invaderet,
1459 2659 1754 2737 pollicitus
1805 2659 2148 2720 cadaverum
2193 2665 2249 2717 et

249 2739 521 2800 ruderum
563 2742 868 2817 gratuitam
912 2744 1312 2820 egestionem,
1365 2744 1574 2802 nemini
1623 2743 1695 2804 ad
1737 2743 2016 2822 reliquias
2055 2758 2247 2802 rerum

257 2823 481 2884 suarum
516 2823 677 2884 adire
707 2825 997 2904 permisit;
1043 2825 1579 2925 conlationibusque
1623 2843 1739 2885 non
1777 2826 2035 2904 receptis
2075 2822 2246 2884 modo

174 2927 231 2970 ao
252 2925 453 2967 verum
482 2915 540 2966 et
569 2907 903 2986 efflagitatis
945 2910 1277 2987 provincias
1310 2910 1780 3008 privatorumque
1817 2927 2024 2970 census
2059 2927 2245 2988 prope

250 2989 536 3052 exhausit.
602 2990 1006 3052 Accesserant
1045 2994 1215 3052 tantis
1258 3012 1333 3052 ex
1379 2995 1642 3074 principe
1686 2993 1852 3054 malis
1897 2992 2330 3072 probrisque39

251 3073 533 3154 quaedam
562 3084 621 3135 et
651 3075 916 3136 fortuita:
956 3075 1288 3154 pestilentia
1328 3077 1492 3136 unius
1535 3078 1818 3155 autumni,
1862 3093 1976 3155 quo
2017 3076 2249 3153 triginta

249 3157 513 3218 funerum
544 3157 746 3218 milia
729 3177 785 3218 ιιι
813 3160 1094 3220 rationem
1120 3160 1403 3220 Libitinae
1447 3169 1757 3231 venerunt;
1805 3159 2000 3221 clades
2029 3158 2247 3220 Britan-

251 3243 413 3316 nica,
462 3259 575 3320 qua
614 3240 728 3303 duo
772 3245 1090 3322 praecipua
1120 3243 1336 3322 oppida
1367 3262 1576 3321 magna
1607 3246 1814 3305 civium
1844 3245 2248 3323 sociorumque

177 3324 439 3386 ascaede
490 3324 715 3404 direpta
760 3335 917 3397 sunt;
968 3329 1282 3405 ignominia
1324 3328 1396 3389 ad
1436 3327 1759 3408 Orientem,
1811 3329 2141 3408 legionibus
2193 3329 2249 3387 in

252 3408 531 3470 Armenia
572 3409 680 3469 sub
724 3411 919 3487 iugum
958 3410 1151 3471 missis
1192 3429 1491 3490 aegreque
1532 3413 1699 3488 Syria
1739 3422 1984 3474 retenta.
2044 3413 2250 3476 Mirum

250 3501 312 3553 et
343 3493 440 3554 vel
471 3495 789 3572 praecipue
820 3492 1076 3556 notabile
1106 3495 1257 3554 inter
1283 3494 1430 3554 baec
1459 3494 1666 3574 fuerit,
1698 3497 1840 3564 nihil
1872 3516 1998 3558 eum
2029 3499 2247 3576 patien-

252 3577 365 3636 tius
398 3594 565 3656 quam
596 3576 901 3639 maledicta
946 3586 1005 3638 et
1052 3577 1301 3639 convitia
1347 3576 1635 3640 hominum
1679 3580 1910 3658 tulisse,
1957 3597 2146 3659 neque
2189 3579 2247 3637 in
