2700 4234
406 296 484 357 14
570 306 632 355 c,
664 306 969 355 summm
1004 306 1261 365 Tnan.
1294 306 1392 353 DE
1422 306 1588 353 vrrs
1617 305 1988 354 cassium
2020 308 2159 356 Lm.
2193 309 2242 357 1.

402 461 606 541 populi
626 462 1005 536 adimeretur,
1036 468 1133 521 aut
1154 468 1215 519 ut
1243 462 1427 521 ceteri
1458 477 1690 538 quoque
1723 461 2110 537 imperatores
2139 459 2211 521 ab
2241 480 2414 521 exer-

402 546 611 606 citibus
628 544 1035 613 discederent;
1070 544 1353 621 confisus,
1385 553 1445 604 ut
1475 552 1702 623 putant,
1733 542 1965 603 facilius
1992 562 2093 620 se,
2132 545 2298 604 simul
2327 558 2410 605 au-

401 648 514 709 que
557 628 852 704 libuisset,
889 635 1201 687 veteranos
1238 636 1686 687 convocaturum
1731 644 1899 705 quam
1929 626 2269 707 Pompeium
2307 646 2410 689 no-

338 730 511 783 Jvos
554 713 783 772 milites,
873 710 1016 771 Cum
1068 710 1418 772 adversariis
1465 720 1653 771 autem
1708 711 1966 790 pepigit,
2016 720 2112 787 ut,
2159 711 2412 772 dimissis

400 806 535 857 octo
568 794 899 873 legionibus
929 794 1429 874 Transalpinaque
1473 794 1690 869 Gallia,
1725 793 1873 854 duae
1909 795 2020 854 sibi
2051 794 2324 873 legiones
2355 804 2463 855 ets

264 898 337 969 s
403 880 698 958 Cisalpina
729 879 1063 957 provincia,
1109 878 1206 937 vel
1237 879 1410 939 etiam
1436 896 1548 938 una
1577 878 1738 954 legio
1771 896 1900 937 cum
1929 877 2168 953 Illyrico
2200 896 2411 939 conce-

254 1011 266 1042 (
317 966 669 1038 sederetur,
719 962 910 1041 quoad
952 961 1155 1022 consul
1200 962 1386 1021 fieret.
1474 963 1694 1022 Verum
1741 979 1935 1040 neque
1987 970 2191 1024 senatu
2235 963 2409 1021 inter-

400 1048 669 1108 veniente
708 1052 765 1105 et
802 1046 1154 1107 adversariis
1197 1045 1577 1122 negantibus,
1623 1043 1795 1105 ullam
1837 1063 1905 1105 se
1947 1044 2020 1105 de
2065 1064 2132 1105 re
2173 1037 2410 1125 publica

399 1132 659 1192 facturos
688 1131 1051 1208 pactionem,
1099 1130 1321 1189 transiit
1360 1130 1420 1188 in
1463 1129 1794 1189 citeriorem
1835 1127 2076 1191 Galliam
2099 1173 2118 1206 ,
2154 1146 2405 1189 conven-

398 1215 667 1292 tibusque
713 1214 969 1292 peractis
994 1212 1310 1273 Ravennae
1353 1212 1639 1295 substitit,
1681 1212 1842 1272 bello
1884 1212 2310 1288 vindicaturus,
2357 1212 2482 1273 sim

400 1297 537 1377 quid
576 1296 648 1357 de
680 1297 920 1357 tribunis
952 1294 1145 1375 plebis
1171 1295 1681 1356 'intercedentibus
1717 1313 1826 1376 pro
1863 1314 1930 1355 se
1971 1297 2211 1373 gravius
2245 1315 2278 1356 a
2313 1314 2405 1355 se-

398 1391 533 1442 natu
570 1381 933 1440 constitutum
969 1389 1147 1439 esset.

523 1464 601 1525 Et
651 1472 1013 1541 praetextum
1060 1463 1291 1542 quidem
1338 1462 1424 1523 illi
1475 1462 1725 1523 civilium
1771 1479 2057 1524 armorum
2107 1463 2222 1523 hoc
2265 1463 2404 1531 fuit3

401 1566 607 1609 causas
652 1556 841 1607 autem
882 1547 1027 1607 alias
1064 1547 1247 1607 fuisse
1282 1547 1607 1624 opinantur.
1697 1545 1929 1607 Gnaeus
1969 1548 2280 1624 Pompeius
2329 1549 2406 1607 ita

399 1630 726 1707 dictitabat,
770 1630 926 1709 quod
970 1648 1162 1708 neque
1208 1647 1392 1709 opera
1439 1648 1836 1690 consummare
1875 1648 2024 1708 quae
2060 1632 2407 1706 instituerat,
2431 1649 2482 1689 ιε

397 1733 587 1794 neque
621 1714 824 1793 populi
854 1716 1356 1793 expectationem,
1407 1731 1576 1792 quam
1608 1713 1686 1773 ‘de
1729 1713 1980 1775 adventu
2014 1732 2121 1774 suo
2160 1714 2407 1790 iecerat,

398 1800 639 1879 privatis
664 1797 875 1876 opibus
906 1797 1151 1876 explere
1183 1806 1421 1877 posset,
1453 1797 1686 1875 turbare
1720 1798 1908 1858 omnia
1939 1815 2012 1859 ac
2048 1800 2407 1876 permiscere

398 1882 676 1942 voluisse.
763 1880 885 1942 Alii
918 1882 1175 1942 timuisse
1206 1881 1430 1957 dicunt,
1463 1900 1536 1941 ne
1581 1898 1817 1958 eorum,
1862 1898 2011 1959 quae
2047 1883 2232 1961 primo
2270 1898 2405 1940 con-

399 1966 587 2025 sulatu
610 1964 892 2024 adversus
914 1966 1173 2043 auspicia
1203 1966 1492 2043 legesque
1524 1974 1583 2024 et
1612 1966 2066 2025 intercessiones
2095 1966 2405 2043 gessisset,

398 2050 677 2109 rationem
705 2047 955 2107 reddere
988 2058 1327 2125 cogeretur;
1365 2067 1493 2108 cum
1511 2048 1590 2111 M.
1617 2047 1763 2109 Cato
1796 2047 2106 2109 identidem
2141 2067 2252 2109 nec
2281 2049 2406 2107 sinc
2424 2066 2482 2107 20

398 2136 521 2192 iure
556 2130 793 2192 iurando
825 2131 1213 2207 denuntiaret,
1258 2131 1588 2192 delaturum
1613 2150 1678 2191 se
1719 2149 1930 2192 nomen
1967 2134 2094 2193 eius
2136 2132 2301 2193 simul
2337 2149 2408 2191 ac

399 2217 640 2296 primum
678 2216 998 2276 exercitum
1033 2214 1372 2285 dimisisset;
1424 2234 1668 2295 cumque
1701 2216 1881 2293 vulgo
1927 2216 2058 2280 fore
2106 2210 2406 2295 praedica-

396 2308 560 2375 rent,
608 2308 669 2358 ut
704 2300 753 2359 si
796 2300 1054 2378 privatus
1085 2299 1363 2377 redisset,
1399 2299 1634 2360 Milonis
1671 2298 1944 2377 exemplo
1979 2298 2408 2378 circumpositis

398 2384 633 2444 armatis
674 2401 906 2445 causam
946 2383 1099 2462 apud
1133 2384 1354 2445 iudices
1398 2383 1649 2457 diceret„
1725 2382 1894 2457 Quod
1932 2384 2292 2463 probabilius
2321 2382 2406 2442 fa-

400 2469 477 2527 cit
520 2466 758 2527 Asinius
811 2466 1036 2543 Pollio,
1094 2468 1426 2529 Pharsalica
1481 2469 1608 2527 acie
1665 2484 1878 2528 caesos
1936 2468 2406 2547 pr‘ofligatosque
2425 2490 2482 2530 25

398 2550 769 2611 adversarios
815 2552 1271 2630 prospicientem
1310 2551 1460 2611 haec
1498 2569 1626 2611 eum
1671 2551 1743 2611 ad
1790 2551 2029 2611 verbum
2063 2552 2281 2611 dixisse
2314 2554 2428 2609 re-'

396 2635 623 2694 ferens:
662 2632 801 2695 Hoc
835 2634 1199 2705 volumnu-
1242 2635 1434 2697 tantis
1472 2633 1663 2695 rebus
1701 2635 1896 2715 qestt‘s
1925 2634 2124 2695 Gaius
2159 2633 2408 2695 Caesar

398 2717 839 2779 condemnatus
872 2736 1068 2779 essem
1082 2762 1099 2795 ,
1143 2719 1270 2779 nisi
1307 2717 1390 2779 ab
1433 2718 1710 2779 exercitu
1753 2718 2056 2780 auxilium
2088 2720 2402 2797 petissem.

400 2803 641 2877 Quidam
696 2810 896 2882 putant
948 2812 1177 2881 captum
1227 2803 1458 2882 imperii
1513 2802 1926 2863 consuetudine
1983 2805 2406 2881 pensitatisque

399 2886 517 2945 suis
549 2894 607 2944 et
641 2886 997 2947 inimicorum
1028 2886 1277 2962 viribus,
1320 2904 1481 2946 usum
1525 2886 1840 2947 occasione
1879 2886 2195 2965 rapiendae
2227 2888 2405 2947 domi·
2428 2908 2484 2949 so

398 2970 671 3045 nationis,
715 2988 885 3049 quam
920 2979 1111 3032 aetate
1143 2970 1324 3048 prima
1359 2971 1750 3047 concupisset.
1840 2970 2009 3045 Quod
2039 2972 2406 3031 existimasse

373 3050 697 3111 &videbatur
733 3062 790 3113 et
819 3052 1062 3130 cicere,
1110 3054 1376 3113 scribens
1406 3052 1478 3112 de
1511 3051 1734 3113 Officiis
1768 3056 1940 3115 tertio
1982 3054 2133 3116 libro
2171 3072 2410 3133 semper

400 3130 710 3195 Caesarem
761 3138 818 3195 in
880 3154 983 3197 ore
1036 3136 1309 3197 habuisse
1359 3138 1476 3215 [est
1524 3138 1582 3196 in
1623 3136 1988 3219 Rhoenissis:
2045 3142 2232 3219 εἴπερ
2273 3126 2404 3234 2⁰²9

398 3204 653 3277 ἀδικεῖν
680 3212 837 3298 χρή,
872 3218 1273 3301 τυραννίδος
1302 3215 1455 3299 πέρι
1482 3211 1842 3283 κάλ-λιστον
1873 3211 2162 3303 ἀδίκημα
2181 3242 2195 3256 ·
2223 3240 2312 3281 τοι
2339 3210 2410 3281 δ’

398 3287 567 3363 ἄλλα
596 3290 897 3381 εὐσεβεῖν
926 3294 1165 3384 χρεών]
1200 3303 1494 3383 Euripidis
1523 3322 1763 3382 versus,
1796 3324 1947 3385 quos
1982 3308 2068 3367 sic
2101 3308 2232 3385 ipse
2266 3322 2405 3365 con·
2425 3322 2482 3365 ss

398 3383 599 3441 vertit·

704 3460 848 3527 Nam
890 3477 943 3529 si
978 3476 1291 3531 violandum
1333 3480 1419 3532 est
1451 3479 1564 3547 iux,
1581 3478 1875 3551 sequendi
1903 3481 2088 3551 qratia

712 3554 1037 3614 Violandum
1076 3566 1181 3616 est.-
1220 3561 1343 3617 alias
1379 3560 1546 3617 rebus
1573 3560 1835 3634 pietatem
1875 3564 2046 3619 colas.
