2700 4234
490 247 612 314 214
644 260 707 310 c,
731 259 1034 309 summm
1056 259 1313 321 TRANQ.
1348 261 1446 309 mr.
1473 262 1639 310 vlu
1673 261 2044 310 CAnsAnnu
2073 261 2214 311 Lm.
2247 261 2367 311 vn.
2662 261 2663 294 ¹

491 435 661 497 quam
700 417 1063 478 matrimonio
1102 415 1450 496 destinarat,
1499 415 1905 478 commendans
1947 416 2226 494 reliquias
2261 433 2392 476 suas
2425 427 2482 478 et

488 504 841 562 memoriam.
896 500 1187 581 Quidquid
1212 500 1422 561 deinde
1447 502 1824 581 epistularum
1847 510 1992 578 erat,
2019 518 2094 560 ne
2111 503 2200 560 cui
2229 500 2479 580 periculo

491 596 588 647 aut
609 603 803 647 noxae
832 584 985 666 apud
1006 587 1290 646 victorem
1310 585 1542 664 forent,
1569 585 1980 647 concremavit.
2051 583 2264 644 Divisit
2299 593 2357 644 et
2389 603 2480 665 pe·

404 670 687 730 neanias
714 669 1047 731 domesticis
1093 688 1171 730 ex
1206 671 1378 749 copia
1414 672 1727 750 praesenti.
1788 669 1983 748 Atque
2023 670 2103 729 ita
2142 677 2374 748 paratus
2403 671 2481 728 in-

487 762 798 834 tentusque
828 755 939 814 iam
962 755 1166 831 morti,
1198 755 1436 815 tumultu
1457 757 1610 814 inter
1639 771 1834 815 moras
1869 763 2076 814 exorto
2117 761 2178 812 ut
2211 770 2352 830 eos,
2391 754 2478 832 qui
2506 778 2525 818 t

488 837 797 899 discedere
822 847 880 898 et
902 838 1064 898 abire
1091 838 1477 918 coeptabant,
1513 839 1731 918 corripi
1771 839 1933 916 quasi
1975 836 2314 898 desertores
2347 836 2480 897 deti·

484 925 730 1002 nerique
775 924 995 1000 sensit,
1050 920 1416 984 Adiciamus
1464 925 1650 1002 inquit
1697 923 1865 983 vitae
1905 927 1968 982 et
2011 920 2177 983 hanc
2219 922 2481 982 noctem!

490 1007 609 1087 (his
634 1007 781 1086 ipsis
802 1007 1161 1085 totidemque
1184 1007 1417 1084 verbis)
1452 1009 1749 1086 vetui-tque
1787 1008 1902 1066 vim
1942 1008 2206 1085 cuiquam
2241 1007 2394 1076 fieri;
2428 1014 2484 1065 et

488 1095 545 1150 in
569 1108 762 1151 serum
786 1109 969 1170 usque
994 1099 1231 1170 patente
1257 1090 1550 1169 cubiculo,
1581 1094 1630 1151 si
1656 1093 1784 1171 quis
1811 1091 1972 1151 adire
1997 1091 2209 1167 vellet,
2237 1098 2481 1171 potesta-

485 1185 603 1236 tem
628 1178 715 1235 sui
742 1175 1026 1254 praebuit.
1085 1174 1226 1235 Post
1241 1174 1358 1236 hoc
1385 1177 1588 1236 sedata
1609 1177 1704 1236 siti
1730 1175 1968 1253 gelidae
2005 1192 2196 1253 aquae
2233 1175 2482 1254 potione,
2505 1193 2550 1234 10

486 1261 727 1338 arripuit
750 1257 895 1319 duos
921 1260 1209 1338 pugiones
1232 1269 1292 1320 et
1320 1261 1628 1340 explorata
1651 1262 1948 1338 utriusque
1985 1261 2145 1334 acie,
2181 1277 2310 1319 cum
2347 1257 2486 1318 alte·

484 1361 609 1402 rum
644 1342 883 1422 pulvino
921 1343 1306 1421 subdidisset,
1359 1344 1582 1405 foribus
1617 1344 1920 1424 adopertis
1951 1345 2242 1404 artissimo
2288 1359 2485 1403 somno

488 1428 725 1506 quievit.
794 1425 871 1488 Et
902 1428 1059 1488 circa
1086 1428 1277 1488 lucem
1302 1426 1526 1488 demum
1561 1427 2048 1508 expergefactus,
2085 1444 2200 1486 nno
2229 1445 2294 1487 se
2319 1428 2484 1486 traie-

488 1513 566 1571 cit
588 1513 706 1571 ictu
745 1511 895 1572 infra
934 1511 1159 1573 laevam
1195 1513 1508 1594 papillam,
1547 1512 2116 1592 irrumpentibusque
2145 1510 2217 1571 ad
2251 1511 2486 1591 primum

486 1598 763 1674 gemitum
785 1596 959 1657 modo
992 1597 1191 1657 celans
1218 1597 1392 1658 modo
1417 1597 1704 1674 detegens
1729 1596 1986 1676 plagam,
2021 1597 2380 1657 exanimatus
2401 1601 2487 1654 est
2506 1611 2554 1652 15

486 1689 545 1740 et
584 1680 863 1740 celeriter
900 1683 1063 1760 (nam
1102 1682 1180 1741 ita
1219 1681 1638 1761 praeceperat)
1679 1681 2014 1757 funeratus,
2059 1681 2394 1740 tricensimo
2430 1688 2490 1738 et

486 1773 699 1826 octavo
728 1766 933 1824 aetatis
958 1783 1108 1826 anno
1141 1775 1199 1824 et
1224 1766 1644 1843 nonagensimo
1666 1773 1728 1824 et
1761 1767 1960 1843 quinto
1985 1765 2216 1844 imperii
2246 1762 2361 1823 die.

400 1863 469 1917 12
607 1847 793 1908 Tanto
822 1845 1067 1908 Othonis
1092 1851 1279 1909 animo
1302 1865 1669 1929 nequaquam
1693 1867 1908 1928 corpus
1935 1858 2031 1909 aut
2055 1845 2294 1928 ‘habitus
2335 1865 2486 1908 com·

486 1933 647 2011 petit.
696 1930 901 1990 Fuisse
926 1933 1079 1992 enim
1104 1942 1161 1992 et
1184 1933 1447 1994 modicae
1472 1941 1726 1994 staturae
1757 1943 1815 1993 et
1847 1933 1998 1993 male
2037 1932 2280 2012 pedatus
2307 1949 2487 1992 scam·

481 2015 709 2094 busque
735 2015 1007 2094 traditur,
1048 2017 1445 2078 munditiarum
1479 2035 1625 2078 vero
1667 2035 1853 2097 paene
1889 2017 2281 2093 muliebrium,
2317 2016 2486 2076 vulso
2506 2039 2560 2082 20

484 2117 761 2179 corpore,
802 2100 1131 2178 galericulo
1158 2103 1333 2182 capiti
1357 2111 1600 2183 propter
1643 2103 1940 2162 raritatem
1977 2100 2322 2183 capillorum
2357 2099 2488 2164 ada·

486 2193 643 2264 ptato
670 2193 729 2244 et
754 2184 1014 2263 adnexo,
1045 2195 1107 2246 ut
1138 2205 1310 2247 nemo
1345 2187 1712 2256 dinosceret;
1751 2188 1888 2265 quin
1931 2195 1990 2246 et
2022 2186 2230 2246 faciem
2277 2183 2490 2246 cotidie

480 2269 727 2330 rasitare
754 2287 823 2329 ac
862 2288 1012 2349 pane
1050 2269 1277 2331 madido
1318 2272 1504 2332 linere
1543 2279 1918 2346 consuetum,
1959 2270 2136 2349 idque
2171 2269 2489 2330 instituisse

482 2371 514 2413 a
546 2340 731 2432 prima
755 2353 1051 2431 lanugine,
1076 2373 1151 2414 ne
1175 2354 1452 2416 barbatus
1475 2373 1740 2434 umquam
1763 2363 1952 2425 esset;
1995 2372 2163 2415 sacra
2189 2355 2362 2414 etiam
2385 2352 2488 2413 Isi·

481 2436 569 2496 dis
596 2455 779 2515 saepe
818 2438 876 2495 in
914 2438 1093 2498 lintea
1128 2440 1533 2518 religiosaque
1570 2448 1738 2499 veste
1778 2439 2080 2538 propalam
2122 2437 2486 2498 celebrasse.
2512 2459 2566 2500 25

480 2520 593 2582 Per
618 2537 769 2598 quae
792 2520 1007 2581 factum
1033 2532 1225 2602 putem
1244 2570 1259 2600 ,
1294 2533 1355 2583 ut
1388 2541 1544 2584 mors
1569 2526 1696 2583 eius
1722 2524 1953 2584 minime
1978 2539 2310 2600 congruens
2334 2523 2494 2582 vitae

478 2604 697 2664 maiore
730 2605 1013 2666 miraculo
1047 2607 1239 2668 fuerit.
1302 2607 1466 2668 Multi
1504 2609 1896 2686 praesentium
1930 2608 2168 2667 militum
2203 2624 2333 2666 cum
2366 2605 2494 2686 plu-

478 2689 625 2749 rimo
652 2689 791 2750 fletu
811 2708 1009 2750 manus
1037 2710 1108 2752 ac
1134 2692 1315 2772 pedes
1338 2693 1584 2753 iacentis
1605 2691 1972 2767 exosculati‚
1999 2691 2378 2752 fortissimum
2409 2692 2494 2750 vi-

480 2791 623 2850 rum,
650 2777 879 2834 unicum
904 2775 1314 2856 imperatorem
1328 2775 1761 2856 praedicantes,
1787 2775 1999 2836 ibidem
2019 2777 2211 2836 statim
2225 2793 2340 2835 nec
2355 2792 2497 2855 pto·

483 2857 575 2919 cul
598 2875 630 2918 a
654 2876 806 2937 rogo
828 2861 943 2918 vim
969 2879 1109 2920 suae
1128 2863 1281 2922 vitae
1324 2860 1666 2930 attuleruut;
1705 2860 1865 2920 multi
1900 2869 1958 2920 et
1991 2860 2350 2937 absentium,
2397 2878 2498 2920 ac·
2523 2885 2580 2926 30

480 2950 657 3021 cepto
682 2944 900 3020 nuntio,
929 2963 1070 3023 prae
1093 2945 1299 3006 dolore
1318 2947 1490 3006 armis
1515 2947 1666 3004 inter
1687 2963 1752 3004 se
1774 2943 1848 3004 ad
1871 2945 2330 3006 internecionem
2353 2960 2499 3004 con-

480 3035 799 3087 currerunt.
867 3027 1135 3108 Denique
1176 3047 1384 3108 magna
1420 3046 1556 3108 pars
1595 3028 1921 3106 hominum,
1966 3028 2313 3089 ineolumem
2357 3046 2501 3106 gra-

476 3111 713 3169 vissime
739 3110 1056 3189 detestata,
1098 3123 1382 3175 mortuum
1418 3111 1684 3174 laudibus
1707 3113 1868 3189 tulit,
1911 3121 1973 3173 ut
2003 3111 2183 3190 vulgo
2217 3113 2506 3174 iactatum

478 3193 552 3251 sit
588 3195 791 3272 etiam,
851 3195 1090 3258 Galbam
1132 3198 1203 3258 ab
1240 3216 1313 3259 eo
1356 3216 1474 3260 non
1515 3207 1629 3258 tam
1665 3196 1990 3258 dominandi
2026 3214 2196 3276 quam
2219 3198 2304 3256 rei
2337 3216 2396 3277 p.
2425 3215 2508 3257 ac

475 3274 759 3336 libertatis
783 3280 1177 3342 restituendae
1206 3301 1378 3344 causa
1404 3284 1828 3362 interemptum.
