2700 4234
920 306 1015 352 nn·
1048 305 1554 354 GRAMMATmls.
2125 297 2251 360 267

233 465 375 508 uvas
408 445 681 506 edidisse.
757 446 874 506 Sed
910 448 1155 507 maxime
1190 446 1474 524 flagrabat
1503 446 1836 507 libidinibus
1868 448 1926 506 in
1955 447 2253 525 muliereS‚

234 547 417 608 usque
469 529 542 590 ad
580 530 864 590 infamiam
897 532 1049 600 oris;
1094 530 1250 590 dicto
1287 548 1520 610 quoque
1551 548 1670 591 non
1710 531 1965 592 infaceto
2000 541 2252 592 notatum

233 614 425 673 ferunt
468 613 789 690 cuiusdam,
835 615 931 692 qui
982 631 1107 673 cum
1150 615 1207 672 in
1238 613 1403 673 turba
1449 613 1710 674 osculum
1741 614 1851 674 sibi
1891 615 2256 692 ingerentem
2363 613 2380 623 '

234 715 557 777 quanquam
581 697 881 774 refugiens
912 696 1172 757 devitare
1198 714 1314 756 non
1342 707 1577 776 posset,
1620 695 1726 758 Vis
1757 703 1856 774 tu,
1887 698 2087 778 inquit,
2119 716 2248 759 ma·

184 793 217 837 ι
230 782 456 862 qis-ter,
492 781 769 860 quotiens
794 779 1191 858 festinantem
1221 781 1486 860 aliquem
1513 781 1725 857 vides,
1759 780 2146 862 abliqurire?

360 865 437 925 Μ.
463 865 736 926 Valerius
767 865 1018 941 Probus,
1052 863 1356 942 Berytius‚
1388 865 1484 925 diu
1513 868 1886 926 centuriatum
1918 868 2112 945 petiit,
2149 866 2250 926 do·
2269 880 2334 932 24

230 968 345 1020 nec
380 948 572 1009 taedio
604 949 675 1009 ad
714 947 897 1008 studia
930 966 995 1008 se
1042 949 1299 1009 contulit.
1374 947 1629 1027 Legerat
1657 951 1712 1008 in
1746 951 2046 1030 provincia
2078 966 2250 1028 quos-

231 1034 361 1094 dam
390 1043 627 1093 veteres
667 1032 906 1092 libellos
947 1032 1097 1112 apud
1138 1033 1613 1110 grammatistam‚
1657 1033 1899 1094 durante
1943 1033 2129 1093 adhuc
2170 1032 2251 1093 ibi

230 1120 594 1196 antiquorum
639 1118 948 1194 memoria,
993 1116 1237 1176 necdum
1278 1117 1510 1178 omnino
1555 1116 1771 1177 abolita
1815 1119 1965 1177 sicut
2006 1117 2248 1178 Romae.

157 1215 211 1258 ιο
228 1202 355 1262 Hos
402 1219 530 1262 cum
573 1200 905 1278 diligentius
947 1207 1247 1279 repeteret
1288 1209 1462 1278 atque
1509 1200 1658 1261 alios
1701 1199 1981 1281 deinceps
2027 1217 2248 1278 cogno-

229 1303 403 1346 scere
440 1283 713 1363 cdperet,
748 1287 1009 1363 quamvis
1040 1301 1239 1345 omnes
1274 1285 1562 1344 contemni
1593 1284 1896 1363 magisque
1927 1284 2248 1363 obprobrio

31 1363 37 1408 i
227 1368 561 1446 legentibus
588 1386 756 1447 quam
782 1368 1011 1446 gloriae
1036 1378 1095 1428 et
1116 1369 1329 1428 fructui
1358 1385 1492 1428 esse
1519 1367 2036 1445 animadverteret,
2066 1366 2246 1427 nihilo

31 1409 34 1486 ἱ
228 1454 415 1512 minus
457 1455 516 1512 in
562 1455 866 1532 proposito
906 1454 1143 1522 mansit3
1196 1452 1490 1530 multaque
1537 1451 1894 1531 exemplaria
1950 1459 2248 1512 contracta

232 1536 541 1597 emendare
578 1553 649 1597 ac
686 1536 1043 1614 distinguere
1087 1545 1145 1596 et
1195 1544 1477 1597 annotare
1514 1537 1767 1611 curavit,
1816 1534 1929 1595 soli
1973 1535 2105 1595 huic
2135 1551 2249 1594 nec

157 1638 210 1680 15
229 1620 333 1681 ulli
367 1629 677 1699 praeterea
709 1622 1117 1698 grammatices
1148 1621 1296 1700 parti
1329 1619 1574 1680 deditus.
1652 1618 1762 1678 Hie
1790 1627 2041 1678 nontam
2075 1619 2246 1677 disci·

230 1704 403 1785 pulos
437 1721 603 1783 quam
634 1713 959 1764 sectatores
1007 1705 1229 1783 aliquot
1256 1703 1472 1764 habuit.
1531 1701 1831 1781 Nunquam
1865 1703 2015 1762 enim
2044 1702 2121 1762 ita
2145 1701 2244 1761 do·

232 1789 349 1848 cuit
390 1797 450 1847 ut
476 1787 736 1865 magistri
781 1804 1089 1866 personam
1122 1789 1460 1856 sustineret;
1507 1783 1674 1848 unum
1727 1795 1787 1846 et
1829 1786 2099 1862 alterum,
2148 1784 2245 1844 vel

234 1889 363 1932 cum
417 1868 693 1949 plurimos
736 1880 857 1931 tres
898 1880 993 1932 aut
1036 1883 1281 1951 quatuor
1329 1870 1796 1951 postmeridianis
1838 1868 2002 1929 horis
2047 1868 2242 1928 admit-

231 1966 360 2016 tere
393 1953 657 2030 solebat,
694 1954 1027 2033 cubansque
1066 1959 1217 2017 inter
1262 1956 1479 2034 longos
1511 1972 1584 2016 ac
1625 1953 1902 2031 vulgares
1939 1970 2242 2012 sermones

156 2051 212 2092 κο
231 2038 439 2120 legere
472 2037 783 2116 quaedam,
815 2037 990 2118 idque
1038 2057 1301 2120 perraro.
1374 2037 1558 2099 Nimis
1602 2053 1788 2117 pauca
1833 2045 1892 2097 et
1922 2038 2136 2113 exigua
2171 2035 2243 2095 de

230 2121 573 2202 quibusdam
606 2123 835 2184 minutis
864 2123 1319 2202 quaestiunculis
1351 2121 1548 2181 edidit.
1613 2121 1873 2199 Reliquit
1905 2128 2096 2180 autem
2127 2135 2239 2178 non

225 2205 583 2268 ‘nediocrem
614 2206 874 2268 silvam
905 2205 1520 2268 observationum
1548 2205 1916 2264 sermonis
1943 2203 2239 2282 antiqui.
