2700 4234
504 301 622 360 124
699 312 759 360 c·
784 311 1086 362 sun'rom
1116 311 1371 371 TRANQ.
1403 312 1498 358 nn
1525 311 1691 358 vrrA
1722 310 2088 359 cfflsnmm
2117 312 2412 362 LIB.1111.

498 467 807 547 gloriatum
858 467 1009 527 enim
1053 466 1281 527 assidue
1324 467 1383 525 in
1427 464 1919 525 commemoranda
1963 481 2064 525 sua
2119 466 2366 543 pietate,
2425 467 2500 527 ad

498 549 889 611 ulciscendam
926 567 1132 610 necem
1173 551 1369 610 matris
1410 556 1468 609 et
1515 549 1752 608 fratrum
1792 549 2066 608 introisse
2111 566 2179 607 se
2222 565 2349 608 cum
2393 568 2497 628 pu-

499 637 675 713 gione
730 633 1053 693 cubiculum
1113 631 1327 693 Tiberii
1385 631 1749 707 dormientis,
1801 639 1862 690 et
1914 631 2312 692 misericordia
2368 651 2496 694 cor·

496 726 723 797 reptum
754 717 983 777 abiecto
1026 716 1187 776 ferro
1226 717 1576 786 recessisse;
1613 733 1725 774 nec
1759 715 1946 790 illum,
1997 733 2333 794 quamquam
2364 734 2496 776 sen-

499 803 705 878 sisset,
744 809 839 860 aut
862 801 1153 878 inquirere
1184 801 1488 879 quicquam
1521 807 1616 858 aut
1647 799 1856 878 exequi
1887 817 2105 859 ausum.
2513 825 2538 863 ει

415 888 481 942 13
624 884 724 944 Sic
763 885 1062 962 imperium
1101 883 1377 962 adeptus,
1425 882 1487 942 P.
1532 883 1604 943 R.
1651 881 1781 961 (vel
1818 881 2003 942 dicam
2053 881 2342 942 hominum
2391 902 2495 962 ge·

495 965 673 1044 nus?)
729 969 849 1028 voti
906 976 1231 1046 compotem
1280 966 1444 1043 fecit,
1491 967 1958 1044 exoptatissimus
2002 967 2278 1045 princeps
2318 970 2495 1029 maxi-

494 1069 620 1111 mae
651 1053 799 1129 parti
830 1050 1267 1130 provincialium
1301 1067 1370 1109 ac
1409 1049 1676 1125 militum,
1721 1049 1875 1128 quod
1915 1049 2185 1109 infantem
2225 1049 2494 1130 plerique

498 1143 927 1212 cognoverant;
966 1133 1069 1193 sed
1112 1143 1170 1193 et
1211 1134 1517 1193 universae
1565 1133 1722 1211 plebi
1763 1132 2013 1193 urbanae
2060 1132 2134 1192 o‘b
2165 1134 2492 1195 memoriam

498 1218 817 1279 Germanici
878 1217 1059 1295 patris
1116 1218 1662 1295 miserationemque
1714 1233 1900 1295 prope
1959 1215 2208 1277 afflictae
2270 1216 2486 1276 domus.
2513 1236 2553 1276 ιι

494 1301 693 1379 Itaque
729 1310 788 1359 ut
830 1318 862 1360 a
909 1299 1134 1360 Miseno
1178 1301 1357 1360 movit
1397 1301 1654 1379 quamvis
1699 1299 1950 1376 lugentis
1989 1299 2185 1360 habitu
2233 1308 2293 1359 et
2325 1301 2492 1360 funus

496 1383 690 1453 Tiberi
732 1401 1128 1462 prosequens,
1170 1393 1358 1444 tamen
1403 1385 1553 1443 inter
1591 1383 1792 1444 altaria
1832 1393 1889 1442 et
1922 1383 2181 1443 victimas
2214 1383 2492 1444 ardentis-

496 1485 606 1546 que
648 1465 849 1528 taedas
877 1466 1221 1530 densissimo
1256 1475 1316 1527 et
1354 1466 1668 1527 laetissimo
1701 1465 2002 1526 obviorum
2032 1468 2260 1543 agmine
2304 1469 2492 1526 inces-

496 1554 589 1628 sit,
615 1568 791 1629 super
818 1551 1004 1612 fausta
1028 1553 1256 1612 nomina
1286 1549 1441 1610 sidus
1472 1561 1530 1610 et
1553 1549 1766 1628 pullum
1798 1559 1856 1610 et
1885 1567 2098 1629 pupnm
2124 1559 2182 1609 et
2211 1549 2492 1610 alumnum

412 1643 479 1698 14
498 1634 935 1714 appellantium;
980 1635 1366 1713 ingressoque
1409 1633 1645 1710 urbem,
1699 1635 1886 1693 statim
1934 1650 2222 1692 consensu
2260 1644 2493 1694 senatus
2512 1649 2553 1688 15

494 1729 552 1778 et
575 1720 942 1797 irrumpentis
972 1720 1028 1777 in
1062 1720 1274 1778 curiam
1303 1716 1539 1794 turbae,
1583 1717 1749 1776 inrita
1788 1715 2004 1777 Tiberii
2037 1716 2353 1795 voluntate,
2399 1718 2493 1795 qui

492 1809 838 1862 testamento
874 1801 1114 1860 alterum
1144 1809 1416 1879 nepotem
1447 1819 1608 1860 suum
1651 1809 2066 1878 praetextatum
2096 1798 2283 1860 adhuc
2318 1801 2489 1861 cohe-

492 1883 690 1944 redem
734 1887 789 1942 ei
821 1883 1092 1961 dederat,
1134 1886 1222 1944 ius
1265 1883 1670 1962 arbitriumque
1719 1884 1963 1943 omnium
2004 1900 2193 1943 rerum
2234 1883 2317 1944 illi
2362 1903 2490 1963 per-

492 1968 722 2025 missum
764 1973 885 2041 est,
924 1975 1082 2026 tanta
1122 1966 1354 2045 publica
1397 1965 1613 2026 laetitia
1651 1974 1710 2026 ut
1750 1966 1930 2026 tribus
1969 1967 2248 2045 proximis
2285 1969 2489 2028 mensi-

492 2050 599 2108 bus
644 2067 711 2108 ac
752 2067 826 2108 ne
866 2049 1001 2108 totis
1042 2048 1268 2128 quidem
1313 2067 1488 2130 supra
1536 2059 1760 2110 centum
1805 2051 2107 2127 sexaginta
2140 2050 2296 2110 milia
2328 2053 2553 2111 victi-20

491 2149 706 2193 marum
736 2151 909 2193 caesa
946 2132 1257 2193 tradantur.

620 2214 759 2276 Cum
784 2215 990 2276 deinde
1043 2233 1265 2293 paucos
1326 2225 1460 2292 post
1518 2216 1643 2276 dies
1694 2219 1749 2277 in
1802 2217 2097 2297 proximas
2141 2215 2490 2297 Campaniae

490 2299 707 2360 insulas
739 2301 1095 2377 traiecisset,
1145 2308 1281 2360 vota
1334 2317 1442 2379 pro
1475 2299 1661 2360 reditu
1703 2309 1974 2379 suscepta
2017 2309 2177 2377 sunt,
2222 2318 2298 2359 ne
2329 2302 2489 2360 mini·

490 2402 635 2443 mam
664 2382 893 2461 quidem
940 2386 1311 2444 occasionem
1363 2401 1648 2463 quoquam
1682 2385 1977 2444 omittente
2027 2385 2084 2443 in
2128 2383 2490 2444 testificanda

492 2465 878 2526 sollicitudine
909 2475 968 2525 et
1012 2485 1149 2527 cura
1184 2466 1256 2527 de
1285 2467 1677 2527 incolumitate
1708 2470 1851 2527 eius.
1905 2467 1985 2528 Ut
2011 2484 2153 2527 vero
2195 2469 2254 2525 in
2285 2466 2553 2527 adver-2⁵

491 2567 609 2608 sam
644 2548 1009 2608 valitudinem
1060 2549 1284 2628 incidit,
1340 2550 1814 2629 pernoctantibus
1864 2552 2086 2610 cunctis
2128 2551 2284 2610 circa
2327 2549 2489 2611 Pala·

489 2634 652 2708 tium,
696 2649 811 2690 non
854 2631 1157 2692 defuerunt
1202 2635 1296 2713 qui
1342 2633 1773 2712 depugnaturos
1825 2652 1890 2692 se
1935 2635 2106 2695 armis
2142 2650 2250 2712 pro
2304 2633 2490 2693 salute

490 2717 653 2792 aegri
686 2716 897 2793 quique
930 2716 1118 2794 capita
1158 2735 1257 2776 sua
1300 2717 1464 2777 titulo
1499 2717 1805 2798 proposito
1849 2725 2153 2776 voverent.
2213 2716 2491 2792 Accessit

489 2798 558 2860 ad
610 2801 942 2858 immensum
999 2801 1203 2860 civium
1254 2817 1508 2861 amorem
1568 2799 1836 2860 notabilis
1893 2802 2064 2859 etiam
2115 2808 2490 2860 externorum

488 2883 675 2943 favor.
742 2881 1003 2961 Namque
1047 2882 1377 2944 Artabanus
1434 2883 1770 2943 Parthorum
1829 2901 1968 2960 rex,
2028 2882 2216 2943 odium
2258 2901 2493 2962 semper
2511 2900 2556 2941 30

489 2975 990 3066 contemptumque
1020 2966 1216 3027 Tiberi
1246 2985 1386 3046 prae
1425 2985 1490 3025 se
1531 2967 1758 3043 ferens,
1804 2967 2107 3026 amicitiam
2137 2965 2306 3026 huius
2339 2967 2491 3026 ultro

489 3051 654 3130 petiit
697 3051 967 3128 venitque
1030 3049 1100 3110 ad
1156 3050 1505 3128 colloquium
1557 3049 1736 3127 legati
1797 3049 2152 3126 consularis,
2207 3058 2268 3110 et
2306 3058 2490 3109 trans-

486 3151 725 3232 gressus
770 3132 1105 3211 Euphraten
1158 3133 1378 3212 aquilas
1438 3141 1496 3192 et
1547 3135 1712 3210 signia
1755 3134 2013 3194 Romana
2059 3130 2493 3240 Caesarumque

486 3219 767 3293 imagines
806 3215 1081 3277 adoravit.
1921 3258 1928 3267 ·

406 3310 469 3362 15
613 3297 964 3358 Incendebat
1010 3307 1069 3360 et
1117 3302 1249 3378 ipse
1284 3297 1469 3360 studia
1511 3299 1798 3360 homiuum
1842 3301 1993 3360 omni
2033 3318 2257 3378 genere
2301 3319 2490 3381 popu·
2510 3323 2556 3364 35

485 3381 742 3441 laritatis.
821 3380 1055 3442 Tiberio
1105 3399 1230 3443 cum
1274 3381 1533 3460 plurimis
1589 3381 1839 3444 lacrimis
1883 3399 1991 3463 pro
2042 3384 2318 3444 contione
2373 3385 2492 3445 lau·

486 3463 620 3522 dato
688 3464 1069 3544 funeratoque
1134 3464 1516 3543 amplissime,
1602 3468 1906 3528 confestim
1971 3465 2375 3528 Pandateriam
2435 3476 2495 3526 et

486 3545 718 3606 Pontias
748 3545 817 3606 ad
858 3547 1291 3608 transferendos
1322 3551 1521 3610 matris
1569 3549 1878 3630 fratrisque
1913 3551 2137 3610 cineres
2168 3549 2493 3628 festinavit,
2625 3593 2628 3714 Ι
