2700 4234
479 253 603 316 294
1009 261 1073 312 c.
1115 259 1446 311 summm
1487 259 1922 320 TRANQmLm

479 418 669 482 aliena
713 435 822 500 pro
847 418 967 478 suis
1013 416 1194 478 edere
1244 434 1350 494 seu
1400 413 1766 495 percipiendi
1825 413 2184 478 Graecorum
2238 416 2517 479 instituta

479 521 827 582 moresque,
871 518 1022 581 quos
1067 517 1184 561 non
1215 499 1458 580 perinde
1503 500 1857 578 exprimeret
1895 500 1952 559 in
1981 500 2251 579 scriptis,
2294 519 2515 580 egres-

483 606 582 650 sus
628 597 720 648 est
763 602 954 666 neque
998 585 1240 665 amplius
1283 584 1489 645 rediit.
1540 581 1632 643 De
1674 591 1861 644 morte
1904 584 2029 644 eius
2060 581 2367 646 Vulcatius
2416 587 2515 648 sic

482 671 689 734 tradit„

791 758 908 817 Sed
930 763 991 815 ut
1011 757 1156 833 Afer
1175 759 1389 832 populo
1416 773 1523 816 sex
1550 757 1857 816 comoedias
1880 757 2043 830 dedit,
2533 800 2564 841 ὅ

785 843 906 902 Iter
929 843 1060 902 hinc
1089 848 1148 901 in
1175 843 1369 901 Asiam
1388 843 1529 918 fecit
1550 850 1627 915 et,
1660 857 1854 900 navem
1881 850 1942 898 ut
1965 845 2137 902 semel

789 927 1132 996 Conscendit,
1165 931 1313 986 viteus
1339 945 1644 1002 numquam
1670 934 1781 990 est:
1815 929 1895 984 sic
1922 928 2032 984 vita
2064 935 2243 988 vacat.

485 1008 728 1084 Quintus
761 1005 1087 1070 Cosconius
1117 1009 1456 1068 redeuntem
1488 1027 1523 1068 e
1554 1007 1798 1069 Graecia
1842 1008 2071 1086 perisse
2104 1010 2161 1068 in
2200 1010 2347 1070 mari
2370 1027 2513 1070 cum

486 1091 554 1153 C.
600 1101 658 1152 et
698 1091 853 1154 vm.
905 1092 1117 1154 sabulis
1170 1092 1471 1166 conversis
1514 1109 1547 1152 a
1576 1089 1938 1168 Menandre,
1984 1094 2168 1152 ceteri
2209 1101 2510 1154 mortuum

486 1194 622 1238 esse
661 1177 719 1236 in
748 1175 1001 1238 Arcadia
1038 1173 1363 1254 Stymphali
1406 1176 1531 1234 sive
1571 1173 1899 1236 Leucadiae
1933 1175 2163 1236 tradunt
2194 1174 2315 1237 CN.
2349 1175 2505 1237 Cor·
2526 1200 2587 1244 ιο

483 1259 642 1320 nelio
683 1258 994 1321 Dolabella
1042 1258 1118 1318 Μ.
1161 1257 1368 1318 Fulvio
1410 1257 1716 1319 Nobiliore
1745 1257 2111 1335 consulibus,
2157 1260 2365 1321 morbo
2396 1262 2508 1321 im·

487 1343 745 1422 plicitum
777 1361 855 1402 ex
898 1341 1108 1404 dolore
1139 1361 1210 1402 ac
1240 1342 1436 1403 taedio
1468 1344 1803 1403 amissarum
1832 1344 2208 1418 sarcinarum,
2259 1362 2411 1424 quas
2447 1347 2511 1406 in

483 1443 689 1488 navem
718 1428 1135 1506 praemiserat,
1167 1444 1236 1487 ac
1262 1425 1428 1486 simul
1464 1426 1785 1487 fabularum
1818 1443 1962 1504 quas
1988 1443 2173 1488 novas
2203 1427 2460 1490 fecerat.

651 1509 858 1572 Fuisse
891 1511 1101 1572 dicitur
1133 1510 1418 1571 mediocri
1444 1520 1693 1587 statura,
1725 1509 1930 1587 gracili
1968 1526 2256 1590 corpore,
2290 1512 2509 1572 colore

483 1595 674 1656 fusco.
738 1594 996 1676 Reliquit
1025 1594 1228 1672 filiam,
1265 1612 1417 1673 quae
1450 1603 1587 1673 post
1620 1594 1799 1671 equiti
1816 1591 2078 1654 Romano
2112 1595 2327 1674 nupsit,
2358 1596 2507 1656 item
2529 1615 2581 1656 ιε

487 1679 754 1740 hortulos
775 1678 909 1741 XX.
942 1681 1206 1758 iugerum
1237 1680 1331 1738 via
1361 1677 1557 1758 Appia
1581 1678 1653 1739 ad
1676 1677 1874 1738 Martis
1902 1677 2118 1738 villam.
2155 1677 2287 1752 Quo
2311 1680 2507 1758 magis

486 1765 667 1826 miror
696 1763 965 1832 Porcium
995 1763 1290 1824 scribere:

619 1850 803 1923 Scipio
831 1852 971 1908 nihil
984 1851 1236 1924 profuit,
1268 1851 1409 1906 nihil
1429 1849 1677 1920 LaeliuS,
1706 1849 1845 1905 nihil
1868 1849 2101 1920 Furius,

615 1933 754 1990 Tres
774 1949 886 2004 per
911 1935 970 1989 id
995 1941 1208 2006 tempus
1232 1937 1331 2007 qui
1360 1935 1643 2006 ayitabant
1666 1933 1869 1989 nobiles
1889 1930 2176 2005 facillime.

605 2017 818 2073 Eorum
844 2017 933 2073 ille
959 2031 1135 2096 opera
1166 2031 1238 2073 ne
1266 2018 1487 2074 domum
1515 2017 1730 2090 quidem
1756 2016 1944 2074 habuit
1967 2017 2382 2087 conducticiam‚
2520 2033 2574 2075 κο

608 2099 813 2158 Saltem
840 2108 902 2158 ut
925 2107 1080 2158 esset.
1092 2117 1202 2176 quo
1228 2100 1478 2174 referret
1502 2101 1700 2159 obitum
1730 2102 1933 2158 domini
1954 2101 2225 2158 servulus.

656 2179 820 2242 Hunc
865 2181 1138 2243 Afranius
1182 2180 1414 2262 quidem
1454 2180 1719 2242 omuibus
1750 2180 1988 2241 comicis
2020 2177 2312 2259 praefert,
2355 2179 2501 2240 scri-

487 2264 637 2326 bens
664 2265 722 2326 in
755 2263 1210 2345 Compitalibus:

619 2354 872 2412 Terentio
900 2370 1011 2410 non
1039 2355 1269 2410 similem
1301 2353 1489 2409 dicens
1516 2353 1845 2426 quempiam.

485 2432 787 2494 Vulcatius
819 2442 1006 2492 autem
1041 2450 1157 2492 non
1187 2433 1376 2493 solum
1402 2431 1629 2493 Naevio
1656 2438 1715 2492 et
1742 2429 1946 2490 Plauto
1978 2438 2035 2490 et
2070 2425 2357 2505 Caecilio,
2390 2428 2501 2490 sed
2522 2448 2573 2489 25

487 2514 706 2576 Licinio
738 2532 974 2594 quoque
1008 2525 1068 2575 et
1093 2515 1275 2575 Atilio
1311 2517 1633 2596 postponit.
1704 2511 1916 2575 Cicero
1949 2513 2007 2573 in
2032 2510 2268 2573 Limone
2298 2512 2503 2574 hacte-

488 2616 596 2657 nus
629 2598 853 2659 laudat:

621 2686 704 2743 Pu
731 2701 972 2760 quoque,
1002 2689 1099 2760 qui
1124 2689 1274 2744 solus
1301 2689 1436 2745 lecto
1476 2700 1758 2754 sermone,
1796 2683 2030 2755 Terenti,

615 2771 948 2829 Conversum
971 2786 1412 2846 eoepressumque
1436 2773 1639 2829 Latma
1672 2783 1803 2827 voce
1828 2767 2204 2825 Menandrum

616 2853 692 2912 In
722 2857 959 2914 medium
985 2858 1140 2914 nobis
1164 2857 1370 2913 sedatis
1397 2857 1617 2914 vocibus
1642 2855 1833 2927 effere,
2527 2885 2576 2926 ,0

621 2939 893 3009 Quiddam
923 2955 1076 2999 come
1105 2942 1332 3014 loquens
1345 2982 1361 3011 ,
1391 2947 1553 3013 atque
1583 2940 1767 2996 omnia
1796 2937 1980 2994 dulcia
2009 2935 2209 2991 dicens.

491 3018 637 3082 Item
667 3017 733 3080 C.
768 3017 1017 3082 Caesar:
1574 3029 1585 3037 ”

626 3107 712 3164 Tu
735 3123 954 3183 quoque
981 3115 1042 3166 tu
1070 3111 1128 3165 in
1157 3110 1411 3175 summio,
1448 3122 1480 3163 o
1507 3106 1780 3162 dimidiate
1807 3104 2137 3176 Menander,

622 3191 884 3264 Poneris,
915 3200 967 3250 et
991 3195 1210 3263 merito,
1226 3193 1372 3266 puri
1394 3191 1666 3247 sermonis·
1695 3195 1931 3246 amator.

615 3275 852 3331 Lenibus
875 3283 1037 3350 atque
1061 3279 1268 3332 utinam
1287 3277 1509 3347 scriptis
1541 3274 1805 3330 adiuncta
1826 3271 1983 3345 foret
2010 3274 2109 3340 vis,
2528 3297 2580 3344 2,

621 3356 837 3414 Comica
869 3365 929 3414 ut
955 3367 1186 3431 aequato
1213 3363 1388 3416 virtus
1423 3359 1657 3428 polleret
1680 3357 1889 3413 honore

617 3438 754 3497 Cum
775 3439 1004 3498 Graec&
1031 3457 1164 3498 neve
1203 3443 1314 3498 hac
1337 3443 1629 3512 despectus
1644 3447 1819 3513 parte
1840 3443 2086 3496 iaceres!

632 3523 807 3582 Unum
839 3524 944 3584 hoc
972 3539 1228 3583 maceror
1263 3541 1334 3582 ac
1370 3525 1522 3582 doleo
1551 3525 1647 3582 tibi
1670 3525 1885 3599 deesse,
1916 3523 2157 3582 Terenti.
