2700 4234
912 356 1326 405 PRAEFATIO.
1857 354 2009 405 xvn

186 516 628 588 Antiquissimus
661 520 748 570 est
773 514 1108 589 Polyaenus,
1131 515 1222 585 qui
1261 520 1519 585 excerpta
1551 530 1583 569 e
1618 515 1745 570 D'ivi
1778 514 1907 570 Iulii
1948 520 2011 571 et·

189 600 315 657 Divi
344 598 590 670 Augusti
622 598 754 653 vitis
793 598 1162 669 quadraginta
1205 596 1326 651 fere
1374 596 1533 653 annis
1563 603 1856 669 postquam
1884 599 2005 654 edi-

187 692 279 739 tae
310 689 440 738 sunt
469 682 528 737 in
561 680 679 737 suls
716 680 1139 751 strategematis
1169 684 1236 748 8,
1277 685 1364 739 23.
1407 686 1477 737 24
1506 681 1779 751 reposuit.
1870 680 2005 737 Cas·-

189 768 330 822 sium
373 776 600 837 quoque
633 761 868 819 Dionem
894 761 1166 819 Suetonio
1209 763 1461 818 studiose
1498 778 1655 818 usum
1687 780 1850 834 esse,
1894 764 2004 819 etsi

187 865 298 905 non
331 848 650 915 confitetur,
681 846 868 917 arguit
898 847 1056 902 locus
1087 850 1176 915 64,
1206 852 1428 904 11-—43
1458 860 1566 917 quo
1597 846 1727 903 loco
1756 864 1823 902 ea
1858 863 2003 920 quae

187 930 492 987 Suetonius
523 947 578 1002 p.
611 936 744 999 213,
783 932 855 988 23
882 929 1057 1003 patris
1089 926 1194 983 sui‘
1219 926 1327 983 fide
1376 928 1433 983 in
1464 929 1681 985 litteras
1710 930 2001 1000 retulerat,

187 1021 460 1086 tamquam
501 1014 648 1084 apud
694 1010 998 1067 historicos
1041 1012 1268 1067 inventa
1311 1011 1595 1083 repetivit.
1687 1012 1769 1068 De
1795 1013 2001 1070 Latinis

187 1094 606 1168 antiquissimus
638 1101 723 1151 est
746 1092 1140 1162 Tertullianus,
1166 1092 1514 1150 Christianus
1544 1095 1715 1159 Afer:
1749 1110 1859 1167 quo
1889 1108 2001 1152 non

185 1181 358 1235 multo
399 1179 752 1251 posteriores
800 1172 1162 1248 Spartianus,
1208 1177 1586 1248 Lampridius,
1630 1176 2000 1251 Capitolinus,

183 1263 468 1333 Vopiscus
509 1262 798 1332 Augustae
831 1260 1104 1316 historiae
1141 1259 1482 1330 scriptores,
1523 1260 1574 1316 si
1614 1276 1725 1318 non
1764 1274 2000 1333 prorsus

188 1346 576 1400 contemnendi
618 1350 778 1413 sunt,
817 1339 1124 1414 Tranquilli
1163 1342 1457 1398 imitationi
1489 1344 1709 1399 debent.
1803 1343 1997 1410 Quarti

184 1428 402 1483 saeculi
437 1427 740 1499 scriptores
777 1424 1203 1497 Eutropius‚·S.
1236 1424 1503 1483 Aurelius
1533 1426 1763 1496 Victor,
1795 1426 1999 1483 Hiero-

182 1526 383 1581 nymus
455 1516 512 1564 et
570 1509 770 1565 Paulus
839 1508 1076 1564 Orosius
1143 1514 1348 1564 tantam
1417 1509 1633 1580 copiam
1700 1512 2000 1566 verborum

184 1591 654 1649 Suetonianorum
702 1592 1160 1663 descripserunt,
1205 1597 1264 1644 ut
1304 1591 1399 1647 vel
1442 1592 1512 1645 ad
1558 1593 1998 1648 emendationem

180 1676 406 1733 illorum
463 1674 762 1731 adhibendi
817 1675 958 1737 sint;
1011 1672 1270 1729 Decimus
1319 1673 1605 1729 Ausonius
1654 1675 1996 1731 hexametris

179 1767 269 1815 ter
322 1758 618 1815 duodecim
676 1756 973 1814 Caesarum
1020 1756 1275 1825 nomina,
1332 1771 1546 1826 annos,
1592 1763 1801 1813 mortes
1846 1772 1998 1813 com-

178 1843 386 1913 plexus
432 1847 538 1897 est.

303 1920 510 1980 Omitto
537 1924 780 1994 Vergilii
813 1923 1015 1979 Lucani
1046 1922 1327 1979 luvenalis
1360 1929 1820 1980 commentatores
1840 1965 1855 1995 ,
1895 1924 1997 1981 sed

178 2010 288 2063 boc
324 2008 790 2079 praetereundum
827 2023 937 2062 non
969 2013 1086 2075 est,
1119 2012 1280 2063 sexto
1311 2007 1539 2062 saeculo
1568 2005 1827 2063 Ioannem
1857 2008 1995 2064 Lau-

178 2089 418 2146 rentium
479 2091 684 2159 Lydum
743 2096 800 2144 et
865 2087 1126 2145 Ioannem
1184 2088 1592 2145 Antiochenam
1660 2090 1994 2147 laudabilem

178 2190 408 2245 operam
472 2172 731 2229 Suetonii
770 2173 903 2228 vitis
963 2172 1281 2245 ceterisque
1339 2172 1567 2244 scriptis
1631 2173 1995 2245 impendisse,

177 2258 425 2313 Graecos
464 2254 748 2321 bominem
789 2271 898 2326 quo
933 2262 1183 2327 tempore
1229 2255 1285 2310 in
1323 2252 1629 2310 Occidente
1670 2262 1823 2313 tanta
1850 2257 1997 2313 Lati-

176 2355 370 2395 narum
402 2338 712 2395 litterarum
744 2338 959 2394 incuria
990 2337 1337 2407 incesserat,
1372 2344 1433 2393 ut
1462 2353 1583 2392 cum
1608 2339 1823 2409 ingenti
1854 2339 1996 2394 alio-

176 2440 294 2477 rum
357 2422 629 2478 librorum
689 2422 961 2477 bonorum
1020 2421 1369 2477 multitudine
1428 2420 1593 2477 etiam
1652 2421 1993 2477 Suetoniana

174 2522 353 2578 opera
405 2505 674 2576 pleraque
717 2504 966 2576 perirent
1014 2511 1070 2559 et
1108 2504 1199 2559 vel
1241 2504 1312 2559 de
1360 2504 1475 2561 vita
1521 2504 1818 2561 Caesarum
1860 2505 1995 2561 libri

173 2596 330 2658 octo,
364 2588 436 2645 de
458 2589 658 2659 quibus
690 2587 926 2658 agimus,
956 2602 1068 2642 non
1100 2588 1323 2642 multum
1345 2588 1575 2643 abesset
1595 2588 1728 2658 quin
1762 2588 1995 2645 interci-

172 2673 392 2728 derent.

293 2754 389 2812 Un
405 2770 441 2809 u
455 2768 505 2809 m
539 2770 620 2809 ex
633 2770 665 2809 e
683 2770 734 2808 m
748 2771 783 2825 p
800 2754 864 2809 la
876 2770 906 2809 r
934 2758 1119 2810 tantae
1149 2754 1345 2809 ruinae
1378 2753 1673 2825 superfuit,
1709 2754 1878 2824 idque
1907 2754 1991 2809 vi·
2008 2760 2293 2863 fflgss'ffomnffi

171 2839 270 2896 tiis
313 2838 625 2895 minoribus
656 2836 1106 2907 maioribusque,
1138 2836 1233 2891 hie
1269 2836 1390 2892 illic
1418 2837 1633 2892 lacunis
1672 2852 1893 2907 quoque
1936 2844 1993 2891 et
2094 2862 2239 2914 origo.

171 2920 708 2994 interpolationibus
740 2920 1020 2977 foedatum
1033 2914 1111 2993 ⁶),
1154 2919 1284 2990 quin
1317 2919 1483 2975 etiam
1517 2919 1739 2991 integro
1771 2926 1995 2991 quater-

309 3066 368 3130 5)
404 3066 656 3131 Exempla
703 3067 839 3117 infra
884 3075 1160 3131 ponuntur.
1233 3066 1308 3117 Ne
1347 3068 1480 3117 tituli
1535 3068 1737 3130 quidem
1776 3067 1995 3116 vitarum

171 3136 453 3200 incorrupti
493 3146 789 3185 manserunt
835 3134 991 3199 (certe
1019 3136 1074 3190 C.
1115 3135 1429 3203 Caligula
1477 3149 1579 3185 non
1616 3150 1728 3185 esse
1762 3150 1795 3183 a
1838 3147 1993 3184 manu

170 3204 434 3270 scriptoris
475 3202 699 3266 constat)
743 3215 1050 3268 quamquam
1083 3203 1241 3253 multo
1286 3203 1465 3268 peiora
1499 3202 1564 3255 ab
1592 3202 1868 3253 editoribus
1896 3202 1989 3250 ad-

167 3272 328 3323 missa
357 3279 510 3331 sunt,
561 3279 618 3321 ut
656 3272 936 3332 Caesar,
969 3272 1389 3323 Octavianus
1431 3280 1523 3323 etc.
1599 3270 1831 3322 Ceterum
1864 3270 2011 3330 εστὶ-ῃ

167 3348 310 3405 ptum
357 3336 522 3390 fuisse
560 3340 763 3391 videtur
794 3340 849 3391 id
899 3342 1161 3405 exemplar
1199 3339 1333 3389 binis
1380 3339 1637 3393 laterculis
1657 3377 1672 3401 ,
1724 3337 1989 3389 versiculis

169 3406 446 3458 litterarum
483 3406 655 3459 xvm
684 3409 766 3459 vel
795 3408 936 3471 XIX,
976 3406 1112 3473 quod
1147 3408 1359 3459 coniicio
1392 3422 1421 3459 e
1456 3408 1568 3460 loco
1603 3422 1657 3475 p.
1683 3407 1801 3471 197,
1836 3409 1871 3460 6
1900 3406 1990 3457 ubi

171 3490 347 3527 omnes
385 3477 502 3525 libri
535 3474 748 3527 habent:
909 3490 916 3497 ·

642 3546 859 3597 mene
886 3562 984 3596 non
1017 3547 1266 3598 mediocre
1298 3546 1515 3598 studium

645 3616 866 3665 maa-ima
899 3622 993 3665 etc.

251 3698 534 3733 εστι-οπως.
1660 3686 1698 3737 b
