2700 4234
694 283 974 370 x’xxvm
1150 298 1157 305 ‘
1389 315 1783 381 summme

702 493 839 536 neas
869 482 921 533 et
945 478 1177 534 materia
1198 475 1440 532 lacobus
1468 473 1802 546 Gronovius,
1829 473 1932 533 eir.
1963 491 2132 548 supra
2162 492 2216 547 p.
2249 475 2452 534 XXXV
2489 471 2515 555 ΙΙ

704 569 769 624 11
788 603 807 634 ,
838 570 867 621 1
902 561 1261 634 responderet
1288 557 1617 614 Torrentius
1645 573 1752 630 pro
1785 559 2160 629 nsponderit,
2197 560 2302 614 cfr.
2348 577 2519 632 supra

702 665 760 720 p.
794 645 997 704 XXXV
1034 637 1045 722 Ι
1080 650 1143 702 21
1180 657 1295 715 per
1343 649 1636 714 utrumque
1667 641 1874 701 Vratisl
1903 647 1957 700 2.
2009 641 2369 700 Casaubonus
2410 661 2520 716 pro

702 737 1020 801 utrumque,
1066 729 1167 784 efr.
1212 743 1384 798 supra
1413 743 1468 797 p.
1507 725 1684 782 XXIX
1719 719 1730 802 Ι
1777 733 1854 798 ,37
1893 731 2121 782 centena
2151 725 2454 798 Eutropius
2489 722 2516 806 ΙΙ

704 819 773 873 12
792 855 809 884 ,
845 820 872 871 1
921 815 1075 883 eique
1114 809 1287 868 CCCC
1310 809 1492 865 Vatie.
1540 811 1696 881 eique
1743 812 2046 866 sestertium
2077 811 2524 882 quadringenties

701 895 1023 967 Eutropius
1110 897 1265 967 eique
1318 909 1568 949 annuum
1607 895 1898 964 imperavit
1933 897 2238 950 sestertium
2268 893 2522 952 Historia

702 980 979 1036 miscella.
1038 966 1235 1052 φόρον
1254 977 1541 1035 Paeanius.
1585 981 1738 1050 eique
1765 979 2073 1033 sestertium
2101 984 2300 1049 quater
2327 981 2526 1036 millies

700 1063 921 1137 Lipsius
958 1055 969 1134 Ι
1006 1069 1077 1124 33
1114 1077 1145 1118 e
1186 1061 1411 1134 praeda
1455 1077 1582 1132 ego.
1665 1075 1742 1116 ea:
1778 1061 2006 1134 praeda
2044 1061 2278 1118 Ursinus
2322 1078 2427 1133 pro
2475 1069 2529 1119 et

690 1147 935 1222 praedia
976 1139 1003 1225 ΙΙ
1051 1154 1150 1215 13,
1183 1153 1250 1206 19
1277 1147 1591 1216 obroqasset
1632 1145 1946 1216 Stephanus
1979 1157 2099 1218 pro·
2127 1145 2450 1216 abrogasset
2493 1140 2520 1212 ΙΙ

704 1237 802 1301 14,
847 1238 919 1290 33
954 1229 1444 1302 interpolationem
1485 1227 1824 1300 proscripsit
1853 1227 2216 1286 cnsauhonus
2268 1222 2278 1305 Ι
2329 1234 2396 1290 37
2425 1247 2524 1286 re-

696 1316 915 1388 qnandi
924 1313 1268 1383 Seriverius,
1301 1313 1406 1368 cfr.
1441 1329 1608 1384 supra
1638 1331 1692 1385 p.
1710 1311 1888 1368 XXIX
1913 1304 1942 1392 ΙΙ
1976 1320 2062 1382 15,
2091 1319 2165 1370 22
2189 1319 2320 1384 esto,
2349 1315 2530 1388 inquit

700 1398 963 1456 Erasmus
992 1390 1021 1476 ΙΙ
1054 1402 1141 1467 17,
1173 1404 1241 1458 32
1272 1413 1302 1452 e
1331 1411 1538 1451 scaena
1568 1397 1858 1452 Turnebus
1897 1413 2002 1468 pro
2031 1411 2242 1452 scaena
2273 1387 2300 1476 ΙΙ
2329 1405 2416 1464 18,
2457 1407 2527 1460 18

700 1485 853 1540 novis
881 1481 1117 1538 Ursinus
1150 1497 1257 1554 pro
1290 1480 1445 1536 nobis
1481 1473 1491 1556 Ι
1529 1486 1602 1540 28
1641 1481 1894 1536 edidisset
1927 1481 2241 1554 Stephanus
2282 1498 2387 1554 pro
2423 1484 2524 1539 de-

700 1567 867 1629 disset
894 1559 1050 1645 1119,
1082 1572 1117 1622 2
1145 1568 1213 1620 iis
1242 1565 1510 1636 Egnatius
1541 1581 1645 1636 pro
1671 1564 1758 1620 his
1807 1558 1819 1640 Ι
1868 1571 1902 1624 6
1927 1564 2299 1637 quadraqinta
2329 1566 2525 1623 edBa-

700 1649 951 1708 siliensis
982 1657 1141 1712 1533.
1198 1649 1594 1722 quinquaqinta
1619 1646 1980 1704 casaubonus
2011 1664 2115 1720 pro
2151 1649 2334 1703 decem
2373 1645 2382 1726 Ι
2421 1657 2460 1710 9
2489 1653 2532 1706 ii

701 1733 971 1804 Egnatius
1000 1749 1104 1805 pro
1134 1733 1195 1788 lu·
1220 1725 1248 1812 ΙΙ
1276 1739 1378 1802 22,
1411 1737 1477 1792 17
1510 1734 1698 1803 primo
1722 1732 2048 1788 Torrentius
2079 1748 2184 1804 pro
2206 1735 2479 1804 proximo
2514 1725 2524 1811 Ι

698 1819 944 1873 sestertio
960 1815 1388 1888 Oudendorpius
1419 1832 1524 1888 pro
1551 1817 1858 1871 sestertium
1897 1809 1908 1892 Ι
1945 1821 2014 1875 30
2039 1815 2192 1871 Naso
2217 1817 2525 1874 Mancinel-

700 1901 787 1956 tus
814 1916 921 1972 pro
950 1915 1087 1956 vasa
1118 1891 1145 1978 ΙΙ
1174 1906 1259 1966 23,
1291 1907 1362 1960 33
1387 1901 1716 1972 militarique
1744 1913 1808 1954 re
1829 1898 2068 1971 Lipsius.
2133 1901 2360 1955 militari
2379 1918 2524 1972 quo·

698 1997 805 2058 que
836 1998 901 2039 re
946 1984 1055 2040 eod
1079 1983 1245 2040 Basil.
1291 1983 1512 2039 Vindoh
1537 1977 1596 2043 1.
1679 1983 2004 2056 militarique
2039 1988 2162 2038 arte
2193 1981 2312 2038 Nic.
2347 1983 2525 2039 Hein-

700 2069 819 2124 sius
866 2083 971 2141 pro
1011 2069 1239 2122 militari
1275 2081 1456 2139 quare
1483 2057 1510 2144 ΙΙ
1539 2071 1639 2137 24,
1677 2073 1744 2126 25
1779 2067 2036 2123 Caesaris
2076 2067 2335 2124 omittunt
2361 2067 2522 2124 Paris

598 2205 607 2210 ,
702 2156 860 2213 6116.
905 2151 1031 2208 Med
1060 2157 1113 2210 2.
1170 2141 1468 2207 Ε’κονοεε.
1525 2150 1595 2206 ed
1625 2151 1760 2207 Rom
1791 2157 1842 2209 2.
1887 2143 1896 2224 Ι
1933 2156 2004 2210 34
2038 2149 2308 2208 Cuius—
2335 2165 2521 2206 emen-

702 2237 829 2292 date
868 2235 1124 2291 omittunt
1160 2235 1325 2304 libri,
1375 2234 1478 2288 cfr.
1524 2249 1694 2306 snpra
1728 2252 1782 2307 p.
1817 2233 1968 2290 XXX
2009 2225 2036 2314 ΙΙ
2063 2239 2166 2305 25,
2197 2242 2272 2296 ,ll
2295 2237 2527 2306 primus

700 2319 937 2376 Ursinus
972 2335 1078 2391 pro
1102 2321 1350 2390 primum
1401 2310 1410 2395 Ι
1460 2323 1524 2377 17
1556 2318 1694 2373 volet
1724 2317 2059 2392 Stephanus.
2144 2319 2270 2374 velit
2295 2318 2525 2374 Ernesti

700 2419 804 2476 pro
851 2403 1007 2458 vellet
1046 2394 1073 2481 ΙΙ
1114 2408 1216 2473 26,
1259 2409 1325 2462 19
1381 2402 1452 2457 de
1499 2402 1733 2458 lacunae
1771 2402 2158 2474 supplemento
2201 2401 2302 2458 efr.
2347 2417 2521 2474 supra

698 2505 752 2560 p.
788 2485 941 2542 XXX
980 2479 989 2564 Ι
1028 2491 1097 2546 32
1144 2485 1407 2558 aquilifer
1459 2485 1729 2554 Egnatius
1777 2501 1882 2558 pro
1925 2484 2222 2557 aquilifero
2267 2477 2294 2564 ΙΙ
2335 2491 2439 2555 27,
2486 2492 2520 2545 7

694 2571 885 2642 forma
918 2584 1047 2641 ego.
1068 2568 1304 2643 fortuna
1318 2570 1529 2624 Momm·
1557 2566 1794 2639 fortuna
1829 2569 2036 2641 reliqui
2074 2560 2086 2647 Ι
2124 2577 2190 2628 15
2217 2585 2278 2624 se
2303 2569 2525 2626 subtra-

698 2653 860 2708 hebat
892 2669 1001 2725 ego
1048 2669 1153 2727 pro
1186 2644 1724 2731 subtrahebatur),
1765 2658 1799 2710 2
1837 2655 1896 2708 in
1938 2653 2092 2708 dolet
2122 2655 2463 2710 Burmannus
2509 2646 2520 2732 Ι

592 2774 599 2780 ·
696 2743 767 2798 18
792 2738 1157 2795 deversoriolo
1186 2753 1247 2794 eo
1269 2736 1632 2794 Casaubonus
1663 2752 1769 2808 pro
1789 2737 2103 2792 deversorio
2133 2739 2250 2792 loco
2276 2728 2308 2817 ΙΙ
2337 2743 2428 2807 3ο,
2449 2742 2522 2797 25

696 2823 1102 2879 rebellaverant
1118 2823 1438 2896 Stephanus
1464 2837 1569 2893 pro
1599 2821 2002 2878 rebellaverunt
2029 2813 2056 2898 ΙΙ
2085 2827 2174 2891 31,
2204 2821 2524 2891 26Ampius

694 2907 874 2961 Vatie.
909 2922 1014 2978 pro
1048 2905 1313 2977 Amprius
1339 2897 1368 2983 ΙΙ
1399 2911 1490 2974 32,
1519 2911 1589 2965 18
1623 2907 1796 2960 valuit
1833 2906 1940 2962 eod
1962 2905 2178 2960 Viterh.
2213 2905 2438 2961 Vindob
2469 2914 2518 2963 1.

696 2988 865 3045 Basil.
914 2987 1067 3044 Cort.
1111 2990 1181 3044 ed
1203 2989 1353 3044 Basil
1385 2995 1522 3050 1533
1563 3002 1666 3060 pro
1709 2989 1876 3044 voluit
1921 2983 1930 3066 Ι
1981 2995 2051 3048 26
2079 2989 2232 3044 libris
2263 2989 2526 3045 omittunt

696 3071 908 3130 Momm.
942 3071 1067 3128 Med
1088 3079 1139 3134 3.
1178 3060 1317 3130 item'
1338 3072 1464 3128 Med
1486 3079 1517 3130 1
1553 3089 1584 3127 a
1613 3072 1789 3142 prima
1823 3087 2005 3142 mann,
2031 3071 2140 3128 orn·
2167 3088 2224 3143 p.
2254 3077 2376 3142 192,
2395 3077 2464 3132 29
2489 3065 2517 3149 ΙΙ

694 3161 785 3226 34,
819 3164 887 3217 15
921 3156 1111 3212 Tillius
1137 3157 1413 3212 Manutius
1457 3169 1561 3228 pro
1596 3153 1807 3212 Tullius
1843 3151 1854 3235 Ι
1894 3162 1962 3217 19
1991 3157 2180 3213 Cascis
2211 3155 2522 3213 Beroaldus

693 3257 801 3314 pro
835 3239 1039 3297 Cassiis
1076 3231 1103 3319 ΙΙ
1145 3248 1213 3302 35
1234 3282 1251 3310 ,
1296 3247 1329 3302 6
1372 3241 1578 3311 reliquo
1612 3238 1835 3311 Lipsius
1866 3255 1970 3313 pro
2011 3240 2258 3312 reliquos
2291 3231 2304 3318 Ι
2341 3244 2412 3300 32
2447 3240 2528 3294 ad

691 3341 918 3380 manum
939 3324 1267 3382 Beroaldus.
1312 3324 1392 3379 ad
1408 3337 1610 3380 munus
1630 3322 1858 3380 Faehse.
1916 3325 2170 3380 idoneum
2197 3321 2316 3378 Nio.
2347 3323 2525 3379 Hein-

691 3406 833 3465 sius.
897 3408 1125 3464 odorum
1157 3407 1587 3480 Oudendorpius
1619 3397 1646 3482 ΙΙ
1674 3413 1773 3478 36,
1804 3415 1875 3466 2ο
1914 3409 2200 3464 sollicitum
2237 3407 2517 3482 maluisse.

693 3489 931 3558 Quidam
961 3493 1148 3548 dicere
1175 3495 1335 3548 etiam
1371 3507 1518 3562 ego,
1561 3491 1666 3547 eir.
1701 3509 1757 3564 p.
1789 3491 1943 3550 XXX
1980 3485 1991 3569 Ι
2039 3499 2108 3554 36
2124 3494 2344 3564 primos
2387 3506 2526 3546 con-

688 3580 909 3634 secrato
942 3577 1012 3632 ed
1033 3575 1183 3633 Basil
1208 3581 1345 3635 1546
1387 3591 1491 3647 pro
1521 3577 1706 3645 primo
1735 3581 2090 3632 consecratos
2118 3568 2148 3656 ΙΙ
2179 3582 2280 3647 38,
2312 3580 2382 3634 14
2418 3576 2524 3630 mi—
