2700 4234
921 287 1338 337 PRAEFATIO.
1733 289 2030 340 Lxxxvu

174 443 379 523 tetffl).
476 447 728 504 Omnium
768 447 1009 520 optimus
1066 454 1122 504 et
1174 465 1246 504 ex
1296 447 1684 520 antiquissimo
1733 448 2020 507 derivatus

178 537 281 589 es}
311 532 465 588 liber
498 531 802 588 Beruensis
834 536 968 602 370,
1006 533 1099 604 qui
1133 548 1263 608 raro
1307 531 1652 604 reliquorum
1688 548 1799 605 ope
1831 549 2018 589 emen-

170 615 317 672 dari
367 621 589 688 potest,
644 616 907 673 nonnulla
955 615 1110 672 solus
1158 621 1314 672 recte
1371 612 1726 692 servavitoe).
1817 615 1909 672 Ad
1961 616 2016 676 id

171 699 515 770 exemplum
566 699 678 754 duo
724 698 995 755 librorum
1043 715 1253 770 genera
1304 699 1444 756 satis
1493 699 1640 756 inter
1687 717 1752 758 se
1793 700 2016 756 diversa

170 789 239 838 et
276 781 433 838 fluxa
474 782 586 838 ilde
627 782 861 838 alterum
892 783 1071 839 altero
1102 783 1303 838 melius
1332 782 1493 854 quasi
1527 784 1764 840 alternis
1795 783 2016 840 vicibus

56 937 67 946 ·
172 866 476 922 accedere
519 865 721 920 solent.
808 865 1002 922 Priore
1046 866 1404 922 cassellanus
1444 866 1750 925 Wittisnus
1795 866 2018 924 Beroli-

174 947 386 1005 nensis
426 965 550 1005 cum
582 948 831 1005 editione
872 949 1125 1022 principe
1162 948 1504 1020 continetur,
1533 951 1772 1007 alterum
1801 951 2017 1007 Monte-

174 1033 532 1105 pessulanus
578 1038 636 1087 et
676 1031 960 1089 Parisinus
990 1037 1129 1094 7502
1170 1034 1510 1106 longiusque
1555 1035 1704 1091 band
1750 1051 1880 1091 raro
1917 1035 2016 1092 ab·

179 1121 452 1171 errantes
480 1114 765 1172 Parisinus
786 1122 927 1177 8039
950 1123 1007 1172 et
1033 1117 1330 1174 Beruensis
1359 1123 1426 1177 45
1459 1134 1581 1174 cum
1609 1117 1834 1175 canteri
1867 1116 2016 1174 libro

181 1198 559 1254 constituunt.
652 1198 785 1254 Cum
838 1199 1034 1271 priore
1086 1200 1261 1271 igitur
1316 1217 1528 1272 genere
1571 1200 1872 1258 Bet-nensis
1917 1199 2016 1256 illc

186 1285 309 1341 370
338 1281 407 1337 ab
438 1281 601 1338 initio
634 1282 1011 1339 additamento
1042 1284 1319 1340 nominum
1350 1283 1498 1340 liber
1534 1291 1640 1356 est,
1667 1301 1790 1342 cum
1821 1290 2018 1357 postc-

186 1365 361 1421 riore
390 1364 592 1420 nullum
628 1365 959 1422 vocabulum
992 1367 1305 1424 desiderari
1334 1384 1538 1440 passus
1570 1373 1657 1425 est
1686 1385 1742 1441 p.
1773 1373 1898 1438 299,
1931 1371 2020 1426 20.

183 1454 287 1506 21.
331 1453 419 1508 36.
514 1447 747 1520 Singula
781 1451 1050 1507 notabilia
1083 1452 1223 1507 baec
1256 1451 1378 1508 fere
1409 1458 1564 1508 sunt:

321 1537 463 1601 299,
512 1535 575 1591 15
616 1549 655 1586 a
696 1532 1383 1604 Bnumgnrten-Crnsius‚
1429 1551 1466 1589 a
1508 1537 1606 1593 Cn.
1655 1535 1871 1592 Weber
1911 1551 2018 1608 pro

176 1634 317 1673 cum
354 1611 371 1695 Ι
406 1633 533 1672 cum
577 1617 837 1690 Pompeio
879 1634 917 1671 a
952 1617 1195 1674 Caesare
1234 1617 1461 1674 Grotius
1500 1611 1509 1695 Ι
1547 1623 1618 1676 24
1653 1620 1920 1674 recitante
1957 1632 2020 1673 se

180 1701 471 1757 Canterus
502 1717 608 1773 pro
643 1704 923 1769 recitante,
966 1705 1275 1772 recitantes,
1322 1703 1641 1758 recitantem
1677 1693 1689 1778 Ι
1725 1707 1794 1760 25
1833 1715 2018 1756 reces-

176 1787 329 1840 sus-‘se
378 1786 524 1841 Rern
550 1788 672 1845 370.
761 1788 988 1842 recessit
1030 1786 1133 1843 Par
1155 1790 1313 1847 8039.
1403 1785 1680 1844 Neronem
1723 1786 2019 1840 recessisse

180 1867 490 1924 canterus.
578 1883 703 1924 cum
746 1872 1063 1925 recessisset
1109 1868 1469 1926 Omnibonus.
1560 1871 1879 1925 recessisset
1923 1884 2015 1925 re-

178 1951 330 2022 liqui
370 1943 383 2029 Ι
421 1957 493 2012 26
513 1951 751 2022 posthac
779 1953 1033 2013 Par7502
1069 1946 1082 2032 Ι
1119 1959 1191 2014 28
1216 1956 1410 2010 emisso
1439 1953 1578 2011 Edd.
1615 1949 1808 2027 (male.
1846 1951 2015 2010 Simi-

182 2035 323 2091 liter
358 2035 518 2090 alvus
548 2035 691 2091 deici
732 2043 790 2092 et
832 2037 1165 2094 descendere
1194 2037 1432 2109 dicitur,
1472 2037 1600 2110 equi
1635 2042 1878 2094 ventrem
1913 2035 2010 2108 fa-

179 2115 351 2193 cere)
417 2109 428 2197 Ι
480 2125 549 2180 33
591 2121 795 2176 multus
848 2119 1188 2178 Omnibonus
1239 2138 1345 2192 pro
1400 2123 1580 2178 multis
1630 2114 1641 2195 Ι
1700 2126 1770 2181 36
1810 2135 2012 2191 parem

181 2203 455 2259 omittunt
485 2218 679 2260 omnes
716 2210 941 2277 praeter
969 2205 1112 2260 Bern
1126 2208 1251 2265 370.
1280 2205 1550 2277 -Montep.
1589 2204 1692 2261 Par
1704 2208 1862 2264 7502.

327 2315 426 2380 81)
483 2318 558 2369 De
605 2317 946 2386 Beruensibus
1005 2333 1089 2369 no.
1128 2319 1196 2367 45
1250 2323 1299 2367 et
1334 2316 1440 2370 370
1480 2316 1602 2367 olim
1646 2315 2012 2381 Bongarsisnis

180 2403 327 2440 saec.
360 2385 433 2436 X.
473 2385 676 2452 scriptis
708 2387 964 2451 copiosius
996 2387 1205 2452 exponit
1238 2384 1422 2436 Sinner
1441 2401 1494 2451 p.
1523 2383 1642 2437 507.
1670 2383 1790 2434 510.
1862 2383 2011 2444 Eia».

178 2458 304 2508 dem
344 2453 531 2504 aetatis
562 2455 796 2504 dicuntur
829 2469 943 2506 esse
978 2455 1196 2505 Parisini
1237 2454 1404 2520 Regii,
1438 2453 1565 2504 alter
1592 2466 1679 2503 no.
1716 2451 1855 2504 7502
1889 2453 2014 2503 olim

182 2521 536 2583 colbertinus,
572 2523 699 2573 alter
738 2521 879 2574 8039
910 2524 1029 2573 olim
1064 2522 1278 2574 Thuani.
1354 2522 1474 2573 Illos
1508 2537 1622 2573 mea
1657 2521 1825 2588 gratia
1858 2521 1911 2572 G.
1950 2520 2009 2572 L.

182 2595 271 2644 de
302 2590 618 2657 Steiger,
653 2589 748 2642 hos
784 2592 905 2644 Iac.
934 2592 1287 2642 Hunziker
1320 2591 1654 2654 contulerant,
1686 2606 1797 2641 cum
1832 2600 2013 2657 postea

185 2661 403 2714 eosdem
461 2661 515 2710 in
557 2661 831 2726 scriptione
868 2660 1153 2719 academica
1192 2660 1362 2712 Caroli
1411 2659 1491 2710 Fr.
1524 2660 1716 2710 Weber
1749 2658 2012 2725 Mai-burgi

186 2746 238 2783 a.
283 2726 423 2779 1856
470 2728 607 2778 edita
653 2736 757 2778 tam
808 2727 1083 2795 diligenter
1128 2729 1339 2780 collatos
1379 2729 1549 2793 reperi
1569 2764 1583 2789 ,
1631 2736 1688 2778 nt
1736 2727 2008 2777 admodum

186 2812 358 2866 panca
394 2795 519 2846 mihi
548 2795 723 2846 relicta
758 2795 861 2848 sint
898 2798 980 2847 vel
1013 2797 1247 2848 addenda
1284 2798 1363 2847 vel
1412 2795 1746 2846 emendanda.
1801 2819 1868 2832 -
1936 2793 2012 2845 De
2118 2770 2139 2799 Ἰ

187 2864 641 2932 Montepessnlnno
678 2879 763 2918 no.
803 2866 930 2927 113,
970 2865 1090 2916 olim
1134 2866 1339 2916 Buherii
1368 2864 1724 2926 Divionensis,
1773 2877 1908 2914 saec.
1937 2861 2009 2912 IX

188 2941 412 2985 exeunte
442 2933 631 2999 scripto
662 2934 755 2984 cfr.
784 2933 1061 3000 catalogue
1096 2935 1305 3001 general
1332 2935 1424 2985 des
1456 2932 1763 2984 manuscrits
1793 2931 1888 2984 des
1918 2931 2005 2983 de·

185 3009 507 3070 partements
543 3002 570 3052 1
606 3018 658 3068 p.
709 3001 827 3054 325.
901 3003 1147 3055 Collatum
1180 3002 1356 3054 habuit
1392 3001 1780 3067 Oudendorpius
1816 3017 1847 3051 a
1879 3001 2008 3054 Dor·-

184 3071 349 3122 villio.
392 3097 461 3107 —
498 3069 823 3122 Csssellanus
864 3071 992 3122 libs-r
1036 3087 1168 3122 saec.
1208 3070 1319 3122 ΧΠ.
1361 3079 1410 3122 et
1434 3070 1782 3121 Berolinensis
1814 3084 1898 3121 no.
1937 3069 2010 3122 35

186 3153 322 3191 saec.
364 3137 506 3194 XIV.
548 3140 686 3205 apud
718 3140 997 3190 Webernm
1026 3141 1195 3191 collati
1226 3141 1562 3206 reperiuntur.
1602 3165 1669 3174 -
1704 3137 2009 3204 Deperditns

185 3223 302 3259 esse
319 3207 526 3258 videtur
562 3208 723 3258 codex
755 3223 886 3258 saec.
912 3208 980 3262 X.
1012 3209 1075 3259 ab
1100 3207 1458 3274 Oudendorpio
1493 3219 1596 3257 non
1631 3206 1758 3258 setis
1787 3205 2006 3272 diligen-

189 3283 267 3326 ter
304 3275 550 3337 collatus,
590 3291 739 3340 quem
779 3277 898 3327 olim
938 3277 1168 3330 Sixtinus
1202 3284 1252 3326 et
1286 3276 1486 3334 Sixins,
1524 3289 1572 3327 a.
1617 3275 1751 3326 1727
1790 3275 2005 3326 loannes

188 3343 253 3394 de
286 3343 417 3394 Witt
452 3345 749 3410 possidebat
782 3354 987 3397 senator
1020 3344 1524 3396 Amstelodamensis.

326 3410 423 3476 82)
457 3413 587 3464 Male
617 3428 667 3480 p.
696 3412 831 3475 299,
867 3414 938 3468 37
970 3424 1037 3476 et,
1073 3430 1126 3480 p.
1162 3411 1297 3474 300,
1334 3413 1370 3465 6
1402 3416 1602 3465 venalia
1635 3412 1806 3464 omisit
1845 3413 2002 3470 solus,

188 3495 237 3545 p.
266 3478 386 3542 299,
420 3479 490 3534 34
510 3483 864 3544 praedicenda
890 3482 1042 3534 habet
1071 3497 1185 3532 cum
1221 3481 1495 3547 plerisque.
1543 3483 1684 3532 Idem
1709 3481 1852 3533 seins
1869 3487 2005 3534 reete

187 3563 238 3615 p-
266 3547 385 3609 299,
408 3549 478 3602 25
504 3553 798 3614 recessisse,
823 3567 873 3620 p.
897 3550 1016 3614 300,
1047 3550 1081 3604 3
1100 3551 1339 3602 exaravit
1359 3550 1594 3601 ostendit.
