2700 4234
912 268 1120 316 mvus
1154 268 1530 317 Aneus‘rus.
2171 260 2245 319 71

246 432 306 484 et
334 425 461 482 sine
488 438 775 483 marmore
806 421 928 482 ullo
956 432 1051 482 aut
1074 422 1283 499 insigni
1311 424 1638 500 pavimento
1671 423 1988 485 conclavia.
2021 422 2118 483 Ac·
2145 442 2251 503 per

242 524 429 568 annos
466 505 710 585 amplius
744 505 1121 585 quadraginta
1160 506 1368 565 eodem
1403 505 1674 566 cubiculo
1711 507 1900 567 hieme
1935 516 1994 567 et
2028 516 2250 568 aestate

244 594 475 667 mansit,
508 590 766 669 quamvis
797 607 997 668 parum
1022 588 1310 648 salubrem
1341 588 1639 648 valitudini
1668 608 1806 649 suae
1839 590 2042 650 urbem
2061 590 2249 650 bieme

244 675 644 753 experiretur,
690 673 1033 752 assidueque
1080 672 1135 731 in
1176 672 1320 731 urbe
1366 672 1664 732 hiemaret.
1735 675 1796 732 Si
1839 674 2066 754 quando
2119 674 2252 753 quid

196 772 223 811 5
244 768 485 819 secreto
528 766 623 817 aut
652 756 777 816 sine
812 756 1283 835 interpellatione
1314 773 1496 832 agere
1528 758 1964 835 proposuisset,
2011 766 2135 817 erat
2169 757 2251 817 illi

243 844 413 902 locus
464 843 521 900 in
562 840 719 900 edito
768 840 1108 917 singularis,
1159 857 1329 919 quem
1373 839 1695 914 Syracusas
1738 846 1798 899 et
1839 839 2252 919 technopbyon

244 924 523 986 vocabat:
548 924 663 983 buc
686 922 984 999 transibat,
1010 924 1185 984 autin
1208 923 1447 982 alicuius
1474 922 1810 984 libertorum
1833 924 2247 993 suburbanum

244 1028 431 1087 aeger
482 1016 671 1068 autem
718 1008 776 1066 in
827 1007 997 1067 domo
1041 1007 1394 1067 Maecenatis
1443 1007 1706 1067 cubabat.
1781 1008 1874 1067 Ex
1915 1007 2250 1068 secessibus

245 1093 564 1172 praecipue
602 1092 992 1169 frequentavit
1030 1091 1307 1151 maritima
1346 1090 1678 1170 insulasque
1727 1090 2111 1171 Campaniae,
2155 1099 2251 1151 aut

172 1192 227 1234 ιο
247 1177 511 1255 proxima
541 1175 669 1234 urbi
700 1174 944 1253 oppida,
975 1174 1303 1251 Lanuvium,
1330 1173 1679 1250 Praeneste,
1712 1174 1922 1251 Tibur,
1955 1174 2049 1234 ubi
2080 1176 2250 1234 etiam

244 1261 304 1318 in
350 1258 668 1338 porticibus
706 1258 979 1318 Herculis
1024 1258 1222 1336 templi
1270 1276 1558 1336 persaepe
1601 1260 1689 1317 ius
1723 1259 1882 1318 dixit.
1941 1257 2153 1336 Ampla
2193 1266 2252 1317 et

244 1358 502 1421 operosa
545 1344 836 1421 praetoria
866 1341 1233 1419 gravabatur.
1294 1341 1371 1400 Et
1400 1343 1592 1420 neptis
1621 1342 1850 1421 quidem
1879 1361 2017 1402 suae
2047 1341 2247 1418 Iuliae,

242 1426 485 1505 profuse
535 1424 607 1486 ab
658 1444 727 1486 ea
770 1434 1066 1502 extructa,
1124 1426 1292 1485 etiam
1342 1424 1512 1483 diruit
1567 1424 1637 1485 ad
1679 1425 1901 1500 solum,
1959 1444 2061 1485 sua
2103 1441 2246 1485 vero

245 1511 504 1587 quamvis
546 1508 773 1570 modica
817 1525 933 1567 non
974 1518 1085 1568 tam
1136 1518 1446 1569 statuarum
1492 1507 1924 1587 tabularumque
1969 1511 2248 1588 pictarum

174 1611 225 1650 15
246 1601 468 1668 ornatu,
501 1610 669 1672 quam
697 1593 887 1667 xystis
918 1600 978 1652 et
1004 1592 1335 1652 nemoribus
1361 1590 1619 1651 excoluit
1640 1592 1934 1670 rebusque
1956 1600 2246 1652 vetustate

243 1695 313 1737 ac
341 1676 577 1735 raritate
610 1675 988 1735 notabilibus:
1022 1676 1211 1755 qualia
1242 1684 1374 1734 sunt
1405 1673 1646 1753 Capreis
1680 1676 2000 1735 immanium
2029 1675 2244 1739 bellna-

241 1778 366 1819 rum
404 1760 769 1837 ferarumque
804 1759 1059 1819 membra
1104 1758 1522 1838 praegrandia,
1569 1776 1716 1837 quae
1746 1758 2008 1821 dicuntur
2039 1757 2246 1839 Gigan-

242 1854 358 1903 tum
403 1860 539 1903 ossa
582 1852 641 1902 et
668 1860 823 1903 arma
849 1843 1121 1902 Heroum.
1176 1842 1544 1902 Instrumenti
1586 1844 1713 1901 eius
1755 1851 1814 1902 et
1858 1845 2248 1925 supellectilis
2264 1856 2336 1911 73

241 1927 591 2006 parsimonia
631 1936 877 2005 apparet
922 1928 1094 1987 etiam
1138 1945 1288 1985 nunc
1320 1926 1570 1986 residuis
1600 1926 1772 1987 lectis
1811 1939 1983 2008 atque
2012 1931 2248 2006 mensis,

168 2024 222 2066 πο
240 2028 485 2089 quorum
525 2010 807 2089 pleraque
854 2012 955 2069 vix
1000 2011 1259 2089 privatae
1292 2010 1618 2087 elegantiae
1651 2012 1782 2072 sint.
1843 2013 1932 2073 Ne
1965 2022 2097 2073 toro
2130 2014 2248 2092 qui-

240 2095 373 2154 dem
403 2093 673 2153 cubuisse
704 2096 859 2154 aiunt
886 2094 994 2152 nisi
1028 2094 1223 2153 humili
1254 2102 1313 2153 et
1342 2092 1574 2154 modice
1603 2098 1862 2157 instrato.
1926 2098 2111 2157 Veste
2134 2113 2249 2155 non

239 2187 464 2237 temere
510 2177 622 2237 alia
656 2195 823 2257 quam
855 2178 1175 2239 domestica
1202 2194 1339 2235 usus
1369 2185 1493 2255 est,
1535 2177 1608 2239 ab
1641 2196 1851 2239 sorore
1888 2189 1947 2239 et
1977 2198 2162 2239 uxore
2193 2188 2252 2239 et

239 2261 361 2323 iilia
389 2261 776 2341 neptibusque
811 2264 1113 2331 confecta;
1146 2261 1305 2337 togis
1325 2277 1520 2338 neque
1542 2263 1832 2321 restrictis
1860 2280 2051 2341 neque
2083 2264 2248 2338 fusis,

241 2346 411 2405 clavo
444 2363 558 2404 nec
591 2345 708 2405 lato
738 2364 851 2405 nec
881 2355 1159 2423 angusto,
1206 2344 1596 2405 calciamentis
1633 2344 1982 2423 altiusculis,
2024 2354 2085 2405 ut
2114 2362 2248 2424 pro·

165 2444 219 2484 25
244 2428 442 2489 cerior
485 2447 653 2508 quam
700 2438 826 2489 erat
868 2430 1181 2489 videretur.
1255 2426 1332 2489 Et
1375 2428 1633 2488 forensia
1675 2438 1864 2489 autem
1901 2438 1960 2489 et
2012 2429 2249 2489 calceos

239 2528 551 2591 numquam
580 2528 697 2571 non
736 2514 883 2573 intra
925 2512 1249 2573 cubiculum
1285 2511 1484 2573 habuit
1525 2512 1596 2571 ad
1627 2512 1853 2574 subitos
1885 2514 2248 2592 repentinos-

241 2614 355 2675 que
392 2614 565 2655 casus
597 2604 815 2674 parata.

327 2676 759 2739 convivabatur
806 2678 1036 2740 assidue
1090 2698 1199 2740 nec
1241 2698 1509 2759 umquam
1555 2682 1664 2740 nisi
1707 2691 1900 2755 recta,
1955 2697 2072 2740 non
2124 2682 2246 2739 sine
2263 2676 2332 2733 ⁷4

240 2778 455 2839 magno
500 2763 761 2823 ordinum
801 2763 1209 2842 hominumque
1253 2765 1489 2825 dilectu.
1549 2764 1824 2823 Valerius
1851 2762 2104 2823 Messala
2135 2770 2246 2822 tra·

165 2862 221 2903 so
243 2844 357 2922 dit,
394 2849 677 2907 neminem
716 2865 982 2927 umquam
1022 2846 1418 2909 libertinorum
1459 2846 1768 2907 adhibitum
1807 2845 1878 2906 ab
1925 2863 1998 2905 eo
2033 2862 2247 2905 caenae

242 2938 501 3007 excepto
550 2930 752 3009 Mena,
808 2931 914 2991 sed
959 2940 1187 2992 asserto
1230 2933 1288 2991 in
1326 2931 1742 3009 ingenuitatem
1786 2938 1924 3009 post
1964 2928 2248 3007 proditam

238 3013 407 3073 Sexti
438 3012 678 3093 Pompei
722 3015 990 3076 classem.
1052 3014 1189 3094 Ipse
1236 3015 1470 3091 scribit,
1513 3015 1787 3075 invitasse
1833 3031 1897 3072 se
1943 3011 2246 3089 quendam,

236 3098 294 3156 in
332 3098 497 3157 cuius
527 3098 666 3159 villa
696 3108 973 3175 maneret,
1007 3100 1103 3177 qui
1137 3099 1478 3177 speculator
1505 3116 1640 3158 suus
1670 3097 1807 3157 olim
1834 3096 2058 3156 fuisset.
2098 3091 2249 3163 Con-

235 3181 392 3241 vivia
434 3198 862 3262 nonnumquam
906 3189 965 3241 et
1012 3183 1199 3242 serius
1240 3182 1418 3243 inibat
1463 3190 1522 3242 et
1555 3183 1828 3241 maturius
1862 3179 2248 3257 relinquebat,

165 3278 219 3319 ³⁵
242 3281 367 3323 cum
402 3267 691 3326 convivae
732 3274 792 3326 et
833 3284 1077 3327 caenare
1120 3267 1446 3344 inciperent
1487 3265 1647 3344 prius
1675 3282 1844 3344 quam
1875 3263 1975 3323 ille
2008 3263 2249 3323 discum-

238 3345 447 3426 beret,
480 3357 541 3409 et
572 3358 983 3428 permanerent
1013 3349 1283 3427 digresso
1320 3367 1417 3409 eo.
1485 3347 1736 3409 Caenam
1770 3349 1950 3409 ternis
1987 3346 2248 3421 ferculis,

237 3438 337 3490 aut
377 3436 507 3493 cum
551 3432 1036 3493 abundantissime
1070 3434 1227 3493 senis
1256 3431 1610 3512 praebebat,
1658 3441 1720 3492 ut
1750 3448 1867 3493 non
1897 3431 2074 3490 nimio
2103 3446 2249 3488 sum-

234 3522 369 3593 ptu,
399 3516 483 3576 ita·
509 3534 729 3576 summa
766 3516 1054 3577 comitate.
1111 3514 1257 3577 Nam
1288 3522 1347 3576 et
1377 3516 1447 3576 ad
1479 3517 1938 3576 communionem
1970 3511 2253 3573 sermonis
