2700 4234
1115 295 1457 347 GALBA.
2166 286 2287 351 205

281 456 560 516 librarum
605 454 931 533 quindecim
971 454 1285 515 conflasset
1317 474 1389 517 ac
1426 465 1547 517 tres
1580 458 1805 534 uncias,
1860 474 2006 535 quae
2041 458 2288 536 ponderi

283 540 550 616 deerant,
576 540 845 599 iussisset
869 540 1048 617 exigi.
1097 539 1185 600 Ea
1216 541 1368 600 fama
1406 549 1463 599 et
1500 540 1833 602 confirmata
1868 549 1927 600 et
1962 550 2129 601 aucta
2172 552 2283 620 est,

282 633 346 683 ut
370 624 616 703 primum
639 622 842 682 urbem
869 624 1104 683 introiit.
1149 621 1296 683 Nam
1320 641 1447 683 cum
1472 624 1827 701 classiarios,
1856 641 2003 703 quos
2024 623 2186 687 Nero
2213 643 2287 685 ex

281 706 609 785 remigibus
641 709 829 770 iustos
862 707 1074 767 milites
1107 707 1366 784 fecerat,
1404 707 1599 767 redire
1636 706 1707 767 ad
1746 709 2043 786 pristinum
2080 718 2285 769 statum

225 811 256 850 5
287 800 558 869 cogeret,
584 793 911 852 recusantis
943 800 1116 869 atque
1141 793 1381 869 insuper
1412 789 1657 869 aquilam
1677 800 1733 851 et
1749 792 1915 869 signa
1935 794 2287 871 pertinacius

282 876 598 952 flagitantis
622 893 738 935 non
761 875 933 935 modo
961 876 1198 934 inmisso
1227 876 1421 953 equite
1450 873 1700 949 disiecit,
1727 875 1833 936 sed
1861 876 2165 937 decimavit
2184 878 2284 937 eti·

281 979 395 1021 am.
446 958 590 1019 Item
629 959 1040 1020 Germanorum
1067 958 1371 1018 cohortem
1396 976 1428 1019 a
1454 956 1803 1019 Caesaribus
1828 959 1963 1020 olim
1989 960 2059 1019 ad
2093 970 2283 1022 custo·

283 1045 438 1105 diam
467 1044 734 1122 corporis
756 1043 1068 1101 institutam
1089 1041 1399 1121 multisque
1424 1044 1837 1120 experimentis
1874 1043 2283 1121 fidelissimam,

285 1127 560 1189 dissolvit
582 1145 653 1187 ac
684 1126 809 1185 sine
837 1125 1140 1186 commodo
1167 1125 1287 1185 ullo
1324 1127 1547 1185 remisit
1582 1127 1638 1184 in
1667 1129 1941 1205 patriam,
1974 1130 2137 1205 quasi
2163 1127 2282 1189 CN.

205 1227 264 1269 ιο
285 1210 657 1288 Dolabellae,
689 1210 845 1269 iuxta
872 1211 1032 1269 cuius
1053 1210 1258 1270 hortos
1287 1208 1581 1287 tendebat,
1605 1212 1958 1288 proniorem.
2024 1209 2131 1271 Illa
2146 1229 2281 1291 quo-

285 1314 406 1376 que
429 1312 646 1354 verene
683 1309 756 1353 an
787 1292 940 1353 falso
968 1311 1076 1371 per
1109 1292 1411 1353 ludibrium
1450 1292 1809 1355 iactabantur
1828 1294 2143 1374 ,adposita
2168 1296 2283 1356 lau-

283 1382 440 1441 tiore
464 1394 642 1438 caena
665 1378 1021 1453 ingemuisse
1045 1394 1208 1443 eum:
1238 1385 1294 1436 et
1325 1376 1616 1437 ordinario
1643 1377 1870 1455 quidem
1897 1379 2285 1457 dispensatori

285 1462 642 1524 breviarium
664 1461 948 1521 rationum
975 1460 1246 1521 offerenti
1267 1460 1647 1540 paropsidem
1668 1460 1974 1539 leguminis
1989 1480 2097 1562 pro
2118 1463 2283 1523 sedu-

285 1548 454 1608 litate
479 1564 549 1607 ac
571 1543 875 1621 diligentia
899 1546 1263 1623 porrexisse,
1282 1542 1445 1605 Cano
1470 1553 1658 1604 autem
1675 1544 1987 1606 choraulae
2000 1549 2141 1605 mire
2163 1546 2283 1626 pla-

217 1644 270 1685 15
289 1632 444 1691 centi
469 1629 738 1689 denarios
764 1630 1015 1729 quinque
1041 1628 1311 1706 donasse,
1337 1628 1605 1715 prolffos
1628 1645 1795 1689 manu
1818 1647 1920 1689 sua
1959 1647 1991 1688 e
2030 1631 2283 1709 peculia-

287 1714 452 1775 ribus
470 1713 682 1773 loculis
713 1714 852 1772 suis.

418 1798 608 1873 Quare
633 1796 912 1858 adventus
937 1799 1058 1857 eius
1074 1813 1190 1857 non
1210 1795 1451 1876 perinde
1464 1804 1667 1874 gratus
1680 1795 1801 1871 fuit,
1828 1742 2000 1872 idque
2017 1796 2282 1874 proximo
2304 1811 2371 1864 13

289 1881 636 1961 spectaculo
659 1884 942 1959 apparuit.
991 1881 1283 1960 Siquidem
1308 1879 1595 1940 Atellanis
1618 1878 1974 1939 notissimum
2000 1880 2281 1941 canticum

293 1964 558 2027 exorsis:
606 1961 778 2025 Venit
814 1961 1140 2025 Onesimus
1183 1982 1225 2025 a
1265 1964 1453 2041 villa,
1501 1964 1692 2024 cuncti
1726 1962 1890 2022 simul
1918 1972 2283 2043 spectatores

207 2065 268 2107 20
289 2048 692 2111 consentiente
710 2067 858 2109 voce
882 2049 1164 2128 reliquam
1191 2058 1411 2127 partem
1429 2048 1750 2108 retulerunt
1772 2066 1842 2107 ac
1859 2049 2091 2126 saepius
2110 2066 2284 2108 versu

282 2132 542 2212 repetito
565 2141 827 2209 egerunt.
866 2132 1088 2193 Maiore
1114 2133 1264 2193 adeo
1289 2142 1347 2192 et
1370 2132 1576 2191 favore
1602 2139 1659 2191 et
1683 2133 2023 2191 auctoritate
2039 2130 2283 2211 adeptus
2304 2141 2368 2192 14

283 2227 380 2278 est
406 2234 584 2295 quam
597 2217 783 2292 gessit
797 2218 1120 2295 imperium,
1147 2232 1487 2295 quamquam
1504 2214 1680 2274 multa
1698 2214 2042 2273 documenta
2057 2216 2285 2293 egregii

285 2301 572 2382 principis
596 2298 786 2367 daret;
824 2298 929 2359 sed
952 2318 1313 2379 nequaquam
1333 2307 1449 2359 tam
1469 2307 1635 2376 grata
1662 2306 1856 2375 erant,
1889 2315 2056 2377 quam
2099 2299 2284 2359 invisa

286 2403 438 2465 quae
463 2402 636 2444 secus
664 2384 889 2443 fierent.

213 2486 268 2527 25
407 2467 745 2545 Regebatur
770 2468 937 2527 trium
959 2466 1221 2544 arbitrio,
1250 2482 1398 2545 quos
1420 2484 1529 2526 una
1554 2474 1613 2525 et
1633 2466 1779 2525 intra
1805 2463 2084 2526 Palatium
2126 2462 2284 2526 habi-

285 2553 461 2612 tantis
483 2568 596 2611 nec
627 2569 891 2629 umquam
917 2568 1034 2611 non
1070 2550 1438 2610 adhaerentis
1474 2548 1864 2629 paedagogos
1898 2548 2076 2626 vulgo
2110 2565 2283 2609 voca·

283 2635 446 2695 bant.
476 2633 523 2696 Ii
548 2643 712 2695 erant
728 2633 795 2694 T.
814 2635 1018 2695 Vinius
1043 2634 1272 2712 legatus
1297 2634 1423 2694 eius
1449 2634 1505 2693 in
1518 2634 1815 2714 Hispania,
1836 2632 2163 2712 cupiditatis
2185 2634 2283 2691 im-

281 2736 552 2787 mensae;
603 2716 912 2779 Cornelius
944 2718 1100 2779 Laco
1141 2736 1216 2777 ex
1252 2734 1559 2778 assessore
1604 2718 1941 2797 praefectus
1984 2718 2283 2795 praetorii,

283 2801 623 2879 arrogantia
671 2800 1062 2879 socordiaque
1113 2799 1526 2869 intolerabilis;
1578 2800 1817 2859 libertus
1852 2797 2066 2877 Icelus,
2112 2800 2284 2878 paulo

211 2909 266 2951 so
292 2893 426 2947 ante
457 2885 643 2945 anulis
667 2888 855 2945 aureis
876 2894 933 2944 et
953 2883 1227 2945 Marciani
1253 2886 1601 2961 cognomine
1630 2893 1865 2943 ornatus
1890 2901 1961 2943 ac
1992 2886 2102 2942 iam
2137 2902 2285 2943 sum-

281 2986 415 3029 mae
442 2970 732 3047 equestris
755 2967 972 3045 gradus
997 2968 1347 3029 candidatus.
1398 2966 1502 3027 His
1526 2967 1759 3027 diverso
1784 2967 2050 3026 vitiorum
2064 2984 2285 3043 genere

281 3052 691 3131 grassantibus
705 3051 854 3113 adeo
883 3070 949 3112 se
972 3052 1314 3112 abutendum
1337 3053 1601 3131 permisit
1622 3060 1679 3111 et
1700 3050 1952 3127 tradidit,
1977 3059 2037 3109 ut
2058 3052 2158 3109 vix
2175 3051 2287 3110 sibi

279 3139 417 3216 ipse
445 3145 762 3214 constaret,
787 3134 961 3197 modo
987 3136 1258 3196 acerbior
1280 3137 1653 3216 parciorque,
1676 3134 1847 3194 modo
1883 3134 2181 3194 remissior
2216 3154 2287 3195 ac

280 3219 701 3297 neglegentior
753 3238 923 3299 quam
968 3222 1306 3281 conveniret
1366 3220 1617 3299 principi
1674 3219 1869 3280 electo
1922 3227 2093 3298 atque
2144 3219 2285 3281 illud

209 3326 261 3368 ³⁵
283 3304 513 3365 aetatis.

413 3386 712 3462 Quosdam
742 3386 938 3448 claros
964 3406 1040 3447 ex
1060 3396 1309 3465 utroque
1331 3386 1535 3457 ordine
1566 3388 1727 3447 viros
1755 3388 2093 3468 suspicione
2125 3389 2283 3448 mini·

277 3488 374 3531 ma
395 3470 692 3532 inauditos
718 3470 1140 3532 condemnavit.
1185 3470 1488 3532 Civitatem
1510 3472 1581 3532 R.
1606 3490 1739 3534 raro
1764 3470 1939 3548 dedit,
1973 3473 2094 3533 iura
2117 3473 2284 3531 trium

279 3553 602 3616 liberorum
625 3555 726 3616 vix
746 3556 842 3615 uni
864 3564 1037 3634 atque
1062 3555 1259 3632 alteri,
1283 3572 1355 3615 ac
1377 3574 1451 3614 ne
1475 3556 1526 3614 is
1550 3555 1779 3633 quidem
1818 3557 1928 3615 nisi
1961 3555 2031 3615 ad
2068 3564 2286 3613 certum
