2700 4234
465 269 547 331 30
636 280 699 329 c.
730 280 1030 329 sumom
1069 280 1327 342 TRANQ.
1361 282 1454 329 DE
1487 283 1652 329 vrrA
1683 281 2053 331 CAESARUM
2083 284 2222 331 Lm.
2254 285 2302 332 1.

464 453 627 512 vum,
670 436 765 515 qui
794 452 1002 495 necem
1036 453 1197 497 suam
1225 453 1334 513 per
1364 454 1648 497 venenum
1673 437 1918 497 inimicis
1944 438 2322 515 promiserat,
2355 456 2468 499 non

463 521 699 597 gravius
746 536 915 598 quam
958 519 1206 598 simplici
1251 528 1441 579 morte
1488 522 1699 599 puniit;
1755 522 1814 579 in
1867 519 2130 580 Publium
2185 520 2464 600 Clodium,

463 601 777 683 Pompeiae
802 604 1003 663 uxoris
1031 621 1170 663 suae
1200 582 1520 665 adulterum
1545 613 1716 683 atque
1741 604 1944 665 eadem
1974 603 2048 664 de
2079 622 2252 666 causa
2281 606 2463 685 pollu-

462 697 646 748 tarum
688 688 1164 748 caerimoniarum
1199 705 1390 766 reum,
1435 690 1602 748 testis
1641 690 1880 764 citatus,
1926 690 2164 766 negavit
2205 708 2271 749 se
2312 691 2464 769 quic-

463 789 631 850 quam
670 773 1067 851 comperisse,
1111 772 1370 850 quamvis
1415 781 1476 832 et
1517 779 1700 833 mater
1734 772 1976 851 Aurelia
2013 781 2073 833 et
2115 790 2289 833 soror
2325 773 2507 833 Iulias
2677 620 2684 929 ι

460 856 613 935 apud
642 855 883 915 eosdem
910 854 1133 915 iudices
1164 856 1354 917 omnia
1383 874 1461 915 ex
1487 856 1600 917 fide
1639 857 2004 927 retulissent;
2046 858 2462 934 interrogatus·

462 958 605 1019 que,
636 956 738 999 cur
766 941 943 1017 igitur
964 938 1330 1018 repudiasset
1359 958 1634 1016 uxorem,
1665 938 2005 1017 Quoniam,
2043 942 2258 1019 inquit,
2299 958 2464 1003 nosos

374 1030 441 1088 7⁵
460 1029 585 1084 tam
612 1023 967 1103 suspicione
994 1040 1179 1103 quam
1210 1023 1464 1085 crimine
1491 1024 1698 1085 iudico
1729 1042 1950 1085 carere
1980 1031 2284 1102 oportere.
2342 1024 2462 1085 Μο-

460 1107 819 1169 dei-ationem
861 1124 1005 1169 vero
1050 1106 1526 1187 clementiamque
1566 1124 1694 1168 cum
1727 1110 1786 1167 in
1825 1107 2314 1169 administratione
2349 1118 2464 1167 tum

457 1194 515 1252 in
557 1194 805 1253 victoria
845 1192 985 1251 belli
1038 1190 1224 1251 civilis
1268 1188 1662 1252 admirabilem
1713 1192 1992 1253 exhibuit.
2023 1248 2041 1263 ,
2078 1191 2528 1251 Denuntiantem

456 1275 769 1355 Pompeio,
809 1292 917 1355 pro
950 1274 1214 1335 hostibus
1241 1294 1307 1335 se
1336 1274 1658 1336 habiturum
1699 1278 1796 1357 qui
1824 1278 1910 1336 rei
1943 1275 2212 1355 publicae
2249 1275 2457 1335 defuis-

457 1369 614 1437 sent,
648 1361 779 1437 ipse
802 1359 1028 1420 medios
1056 1368 1117 1420 et
1146 1360 1404 1420 neutrius
1433 1361 1616 1440 partis
1645 1376 1877 1419 suorum
1901 1360 2011 1419 sibi
2042 1377 2280 1419 numero
2313 1360 2458 1420 iutu-

454 1460 555 1503 ros
588 1444 997 1523 pronuntiavit.
1087 1443 1307 1519 Quibus
1350 1453 1540 1504 autem
1576 1462 1653 1504 ex
1689 1443 2188 1505 commendatione
2219 1443 2458 1522 Pompei

456 1527 693 1587 ordines
723 1526 982 1605 dederat,
1016 1536 1367 1606 potestatem
1391 1527 1720 1589 transeundi
1747 1527 1817 1589 ad
1847 1546 1974 1588 eum
2007 1526 2269 1586 omnibus
2293 1527 2457 1586 fecit.

450 1612 628 1673 Motis
669 1611 821 1691 apud
858 1611 1107 1673 Ilerdam
1154 1611 1464 1672 deditionis
1515 1612 1989 1689 conditionibus„
2018 1628 2176 1685 cum,
2226 1610 2458 1670 assiduo
2482 1630 2530 1671 15

452 1698 606 1757 inter
634 1706 907 1776 utrasque
946 1705 1145 1775 partes
1183 1714 1288 1755 usu
1320 1704 1490 1775 atque
1531 1698 1918 1772 commercio,
1960 1695 2236 1755 Afranius
2266 1702 2325 1753 et
2355 1694 2457 1755 Pe-

452 1782 633 1841 treius
662 1779 1066 1859 deprehensos
1096 1782 1243 1839 intra
1276 1788 1466 1841 castra
1497 1780 1750 1841 Iulianos
1781 1780 1968 1840 subita
1998 1780 2351 1857 paenitentia
2379 1780 2458 1837 in-

450 1864 853 1939 terfecissent,
898 1864 1200 1925 admissam
1240 1866 1297 1924 in
1336 1882 1402 1923 se
1435 1864 1732 1943 perfidiam
1769 1882 1886 1923 non
1927 1864 2193 1922 sustinuit
2233 1863 2456 1922 imitari.

449 1948 600 2009 Acie
627 1947 961 2009 Pharsalica
992 1930 1380 2027 proclamavit
1406 1957 1466 2007 ut
1495 1948 1718 2008 civibus
1747 1954 2113 2027 parceretur,
2154 1946 2456 2025 deinceps—

450 2050 563 2111 que
612 2032 979 2109 nemin-[non
1030 2034 1262 2093 suorum
1309 2049 1479 2110 quem
1519 2032 1700 2093 vellet
1749 2050 1918 2092 unum
1951 2032 2132 2110 partis
2175 2030 2456 2092 adversae
2475 2046 2528 2087 20

450 2134 691 2176 servare
725 2117 1039 2176 concessit.
1126 2114 1257 2176 Nec
1282 2116 1385 2176 ulli
1412 2117 1641 2196 perisse
1669 2117 1778 2175 nisi
1806 2118 1863 2175 in
1889 2116 2120 2195 proelio
2157 2116 2455 2194 reperien-

446 2210 567 2278 tur,
606 2201 875 2280 exceptis
910 2199 1041 2259 dum
1082 2208 1239 2262 taxat
1266 2199 1511 2261 Afranio
1556 2208 1615 2260 et
1649 2198 1866 2263 Fausto
1899 2207 1958 2259 et
1987 2198 2164 2259 Lucio
2203 2198 2456 2259 Caesare

446 2286 690 2355 iuvene;
732 2303 803 2345 ac
840 2302 913 2344 ne
954 2284 1065 2345 hos
1110 2284 1339 2365 quidem
1375 2278 1892 2363 voluntate'ipsius
1937 2284 2320 2363 interemptos
2353 2301 2454 2367 pu-

447 2378 597 2447 tant,
642 2370 883 2449 quorum
924 2377 1115 2430 tamen
1157 2378 1217 2429 et
1257 2370 1488 2447 priores
1526 2376 1662 2448 post
1697 2370 2058 2448 impetratam
2099 2369 2324 2429 veniam
2363 2384 2454 2425 re·

447 2454 809 2515 be'llaverant
832 2452 910 2511 'et
956 2450 1205 2531 Caesar,
1244 2452 1472 2513 libertis
1515 2453 1820 2531 servisque
1865 2454 1988 2511 eius
2027 2451 2190 2512 ferro
2232 2460 2290 2511 et
2331 2451 2454 2527 igni
2476 2469 2530 2509 25
2682 2522 2683 2531 ἦ

449 2536 744 2597 crudelem
774 2537 831 2595 in
858 2536 1088 2599 modum
1118 2538 1375 2614 enectis,
1406 2536 1625 2596 bestias
1656 2554 1890 2615 quoque
1921 2535 1992 2595 ad
2017 2552 2218 2595 munus
2251 2534 2455 2613 populi
2681 2540 2683 2641 A

448 2628 811 2701 comparatas
839 2620 1361 2681 contrucidaverat.
1411 2618 1676 2699 Denique
1701 2628 1964 2699 tempore
1991 2630 2254 2679 extremo
2283 2621 2455 2678 etiam
2682 2658 2683 2665 κ

444 2702 650 2785 quibus
690 2704 938 2765 nondum
980 2706 1287 2783 ignoverat
1327 2706 1550 2765 cunctis
1601 2706 1659 2763 in
1697 2703 1918 2765 Italiam
1956 2703 2148 2763 redire
2175 2699 2456 2783 'permisit

443 2790 925 2868 magistratusque
964 2798 1022 2849 et
1054 2790 1293 2868 imperia
1334 2807 1578 2868 capere;
1617 2787 1722 2847 sed
1751 2796 1810 2847 et
1835 2796 2053 2849 statuas
2087 2786 2226 2847 Luci
2255 2786 2453 2847 Sullae

443 2882 613 2953 atque
628 2871 882 2953 Pompei
926 2891 959 2933 a
994 2873 1173 2952 plebe
1208 2871 1484 2933 disiectas
1514 2873 1809 2951 reposuit;
1855 2889 1925 2933 ac
1964 2872 2013 2930 si
2057 2889 2168 2950 qua
2201 2871 2454 2951 posthac
2475 2892 2531 2935 ³0

442 2966 537 3017 aut
568 2958 964 3035 cogitarentur
994 2957 1229 3033 gravius
1262 2955 1542 3017 adversus
1571 2974 1636 3015 se
1665 2965 1760 3016 aut
1792 2955 2153 3031 dicerentur,
2185 2955 2452 3015 inhibere

441 3041 636 3101 maluit
666 3058 833 3119 quam
861 3039 1175 3100 vindicare.
1242 3040 1443 3119 Itaque
1473 3049 1532 3119 et
1556 3040 1818 3124 detectas
1853 3041 2286 3100 coniurationes
2312 3040 2452 3099 con-

440 3131 763 3203 ventusque
796 3124 1261 3189 nocturnos'non
1291 3124 1440 3184 ultra
1473 3125 1694 3202 arguit,
1734 3141 1900 3203 quam
1927 3131 1989 3183 ut
2023 3123 2217 3184 edicto
2256 3132 2451 3183 osten-

442 3205 609 3266 deret
637 3225 773 3268 esse
808 3208 918 3268 sibi
948 3218 1151 3286 notas,
1192 3215 1250 3267 et
1281 3208 1496 3268 acerbe
1538 3208 1908 3287 loquentibus
1941 3210 2082 3269 satis
2109 3207 2309 3268 habuit
2336 3223 2450 3286 pro

446 3291 717 3351 contione
746 3290 1083 3353 denuntiare
1114 3311 1185 3352 ne
1213 3300 1694 3370 perseverarent,
1728 3291 1982 3371 Aulique
2017 3290 2306 3353 Caecinae
2338 3291 2449 3350 cri·
2471 3313 2528 3356 se

440 3372 827 3435 minosissimo
876 3375 1027 3436 libro
1082 3386 1143 3437 et
1192 3375 1440 3437 Pitholai
1483 3376 1832 3457 ,carminibus
1883 3375 2452 3437 maledicentissimis

442 3452 749 3517 laceratam
784 3460 1266 3521 existimationem
1296 3476 1456 3521 suam
1487 3460 1642 3520 civili
1671 3461 1858 3523 animo
1889 3460 2036 3521 tulit.

357 3540 427 3599 ⁷6
569 3538 962 3647 Praegqavant
1002 3552 1191 3604 tamen
1234 3550 1432 3604 cete'ra
1475 3544 1629 3605 facta
1657 3543 1926 3625 dictaque
1955 3546 2116 3621 eius,
2159 3552 2222 3603 ut
2259 3550 2318 3603 et
2347 3540 2466 3602 ab·-
