2700 4234
466 291 591 354 202
633 303 693 353 c
726 302 1026 352 sunrom
1060 302 1317 363 ranzo.
1350 303 1448 350 mr
1476 303 1643 350 vrrA
1685 301 2056 351 cassium
2084 301 2224 350 Lm.
2255 303 2378 350 vn.
2655 245 2657 348 4

466 459 766 538 sequentis
789 476 994 535 casus,
1033 475 1145 578 quo
1172 456 1394 518 medius
1439 459 1586 518 inter
1620 457 1923 535 utriusque
1951 455 2106 516 lilios
2143 458 2329 518 extitit
2366 460 2463 518 im-

508 552 821 602 erutor..

466 562 503 622 p
588 625 643 684 Α
667 625 811 688 Gaio
831 623 1087 686 Caesare
1116 620 1426 708 [inlocum
1447 622 1776 703 Gaettdlici
1797 623 2158 701 substitutus,
2182 626 2466 703 postridie

466 727 635 789 quam
668 709 740 770 ad
762 711 1031 787 legiones
1055 709 1247 786 venit,
1281 709 1548 770 sollemni
1573 708 1728 768 forte
1751 708 2093 787 spectaculo
2121 707 2464 787 plaudentes

462 793 735 871 inhibuit,
760 794 891 854 data
915 803 1169 869 tessera,
1206 803 1265 853 ut
1294 811 1494 854 manus
1531 791 1782 892 paenula
1813 793 2205 862 continerent;
2249 794 2462 854 statim-
2483 811 2508 849 5

463 897 579 958 que
602 896 709 957 per
733 887 924 938 castra
953 878 1220 938 iactatum
1244 885 1362 936 est:

616 959 807 1022 Disce
832 961 1007 1022 miles
1035 960 1329 1036 militare,
1363 959 1572 1022 Galba
1602 967 1714 1037 est,
1747 979 1876 1028 non
1904 959 2303 1042 Gaetulicus!

462 1046 592 1105 Pari
616 1045 931 1105 severitate
957 1044 1251 1104 interdixit
1275 1053 1630 1106 commeatus
1655 1046 1792 1123 peti.
1844 1045 2199 1104 Veteranum
2225 1061 2298 1104 ac
2319 1046 2455 1104 tiro·

461 1147 593 1190 nem
616 1129 851 1189 militem
877 1146 1061 1209 opere
1087 1127 1320 1188 assiduo
1355 1127 1782 1204 corroboravit,
1809 1137 2148 1205 matureque
2172 1127 2456 1204 barbaris,

464 1216 560 1291 qui
605 1214 717 1272 iam
752 1214 809 1276 in
848 1211 1091 1274 Galliam
1127 1229 1310 1289 usque
1355 1221 1774 1292 proruperant,
1816 1212 2122 1289 coercitis,
2166 1211 2459 1291 praesenti
2481 1225 2529 1266 ιο

460 1314 695 1374 quoque
722 1295 864 1357 Gaio
896 1295 1071 1356 talem
1094 1305 1153 1355 et
1178 1313 1245 1355 se
1280 1305 1337 1354 et
1363 1298 1683 1356 exercitum
1707 1295 2088 1376 approbavit,
2125 1305 2184 1355 ut
2207 1297 2354 1356 inter
2378 1295 2458 1353 in·

458 1397 727 1440 numeras
761 1389 1211 1458 contractasque
1252 1397 1331 1439 ex
1362 1380 1625 1440 omnibus
1670 1380 1990 1459 provinciis
2028 1380 2232 1459 copias
2267 1397 2462 1457 neque

459 1465 845 1524 testimonium
888 1481 1082 1544 neque
1120 1463 1375 1542 praemia
1415 1464 1696 1544 ampliora
1737 1463 1836 1524 ulli
1888 1463 2298 1543 perciperent;
2331 1463 2460 1542 ipse

458 1549 702 1608 maxime
726 1543 1000 1625 insignis,
1028 1547 1183 1626 qued
1208 1558 1592 1626 campestrem
1617 1547 2020 1608 decursionem
2059 1555 2226 1607 scuto
2260 1547 2458 1607 mode·

456 1640 638 1709 ratus,
670 1633 838 1692 etiam
864 1632 935 1692 ad
962 1631 1231 1691 essedum
1255 1633 1624 1710 imperatoris
1650 1648 1757 1710 per
1780 1631 1984 1709 viginti
2010 1646 2280 1709 passuum
2303 1630 2459 1691 milia
2479 1648 2528 1690 ιι»

460 1717 737 1776 cucurrit.

400 1811 431 1868 7
586 1798 783 1860 Caede
810 1799 913 1860 Gai
938 1800 1225 1875 nuntiata,
1254 1799 1445 1858 multis
1485 1798 1558 1860 ad
1593 1799 1968 1859 occasionem
2017 1797 2456 1875 stimulantibus,

457 1884 707 1962 quietem
734 1881 1023 1960 praetulit.
1071 1882 1184 1942 Per
1230 1882 1343 1942 hoc
1378 1883 1742 1959 gratissimus
1782 1881 2024 1944 Claudio
2061 1891 2456 1961 receptusque

455 1967 512 2025 in
544 1966 846 2027 cohortem
868 1965 1215 2041 amicorum,
1252 1973 1449 2026 tantae
1469 1965 1818 2044 dignationis
1845 1976 1934 2027 est
1956 1965 2215 2043 habitus,
2245 1974 2303 2026 ut
2330 1985 2460 2027 cum

455 2049 643 2110 subita
664 2049 719 2107 ei
746 2049 996 2109 valitudo
1025 2066 1137 2108 nec
1158 2049 1305 2109 adeo
1329 2050 1529 2126 gravis
1550 2049 1880 2128 incidisset,
1923 2049 2132 2110 dilatus
2168 2053 2240 2109 sit
2275 2069 2454 2130 expe·
2475 2067 2527 2106 20

456 2133 687 2195 ditionis
712 2132 1078 2194 Britannicae
1102 2132 1247 2194 dies.
1277 2132 1536 2194 Africam
1563 2152 1672 2213 pro
1697 2133 1939 2194 consule
1962 2133 2198 2194 biennio
2230 2136 2454 2213 optinu-

455 2221 497 2277 it
520 2225 685 2278 extra
718 2227 936 2279 sortem
974 2217 1198 2278 electus
1224 2216 1297 2278 ad
1318 2215 1686 2279 ordinandam
1717 2219 2078 2297 provinciam
2104 2227 2162 2277 et
2187 2219 2456 2278 intestina

455 2301 817 2363 dissensione
855 2311 913 2361 et
956 2300 1333 2364 barbarorum
1367 2302 1608 2362 tumultu
1660 2304 1999 2380 inquietam3
2049 2300 2456 2380 ordinavitque

454 2403 662 2462 magna
688 2387 1019 2445 severitatis
1053 2403 1125 2445 ac
1160 2386 1410 2446 iustitiae
1451 2404 1619 2463 cura,
1663 2387 1833 2446 etiam
1868 2388 1923 2446 in
1963 2387 2222 2465 parvulis
2254 2385 2452 2446 rebus.

452 2469 640 2545 Militi,
675 2470 772 2545 qui
795 2486 904 2547 per
927 2469 1358 2547 expeditionem
1381 2471 1667 2530 artissima
1701 2487 1926 2530 annona
1963 2469 2254 2532 residuum
2293 2469 2448 2530 ciba·
2473 2481 2526 2521 2⁵

452 2555 669 2614 riorum
705 2552 879 2610 tritici
902 2551 1151 2612 modium
1179 2561 1408 2612 eentum
1432 2553 1686 2615 denariis
1717 2553 2049 2615 vendidisse
2073 2553 2450 2632 arguebatur,

455 2636 656 2712 vetuit,
690 2634 857 2695 simul
880 2643 1056 2714 atque
1079 2635 1343 2714 indigere
1369 2636 1502 2697 cibo
1526 2638 1854 2716 coepisset,
1886 2657 1919 2698 a
1949 2655 2240 2717 quoquam
2277 2655 2453 2716 opem

452 2720 622 2788 ferri3
648 2727 707 2778 et
728 2718 779 2778 is
803 2719 955 2780 fame
980 2720 1256 2781 extabuit.
1295 2720 1417 2781 At
1399 2740 1458 2780 m
1483 2722 1607 2782 iure
1630 2721 1880 2782 dicendo
1908 2740 2038 2782 cum
2075 2721 2148 2781 de
2186 2723 2452 2802 proprie-

452 2812 570 2864 tate
594 2803 828 2863 iumenti
852 2813 1253 2881 quaereretur,
1279 2804 1508 2865 levibus
1535 2806 1820 2884 utrimque
1843 2807 2196 2883 argumentis
2221 2806 2452 2868 ettest1

452 2887 560 2949 bus
581 2883 833 2965 ideoque
858 2887 1078 2948 difficili
1103 2889 1440 2950 coniectura
1460 2891 1740 2967 veritatis,
1772 2891 1850 2950 ita
1886 2889 2149 2950 decrevit
2170 2899 2230 2950 ut
2265 2889 2337 2950 ad
2367 2890 2451 2950 la·
2475 2904 2530 2947 ao

454 2990 611 3050 cum,
650 2970 746 3032 ubi
770 2969 1043 3050 adaquari
1066 2971 1326 3049 solebat,
1367 2973 1674 3034 duceretur
1707 2975 1902 3053 capite
1943 2973 2232 3050 involuto,
2275 2982 2455 3052 atque

450 3055 663 3117 ibidem
696 3055 959 3115 revelato
999 3057 1125 3115 eius
1160 3066 1350 3134 esset,
1393 3055 1464 3116 ad
1500 3075 1670 3136 quem
1706 3067 1919 3137 sponte
1953 3076 2018 3118 se
2057 3076 2090 3118 a
2122 3067 2262 3136 potu
2285 3076 2454 3119 rece-

493 3141 658 3201 isset.

392 3243 430 3298 g
452 3160 490 3221 p
573 3223 661 3284 ob
686 3242 784 3284 res
804 3231 865 3283 et
886 3232 1020 3285 tunc
1042 3225 1099 3284 in
1127 3223 1329 3286 Africa
1353 3232 1418 3284 et
1442 3225 1580 3284 olim
1610 3226 1667 3285 in
1705 3225 2008 3288 Germania
2043 3235 2246 3303 gestas
2281 3243 2454 3286 orna-

448 3317 639 3368 menta
662 3307 1028 3386 triumphalia
1051 3310 1283 3388 accepit
1313 3317 1371 3368 et
1399 3308 1786 3370 sacerdotium
1815 3311 2064 3390 triplex,
2099 3311 2270 3371 inter
2283 3310 2449 3388 quin-
2474 3331 2531 3373 ss

450 3390 800 3451 decimviros
825 3390 1179 3471 sodalesque
1205 3393 1388 3454 Titios
1417 3393 1550 3454 item
1585 3392 1947 3470 Augustales
1987 3403 2326 3494 cooptatus3
2364 3401 2451 3454 at-

450 3491 565 3552 que
588 3491 664 3534 ex
688 3490 762 3533 eo
787 3482 1053 3551 tempore
1080 3493 1269 3572 prope
1294 3475 1368 3536 ad
1394 3475 1640 3537 medium
1672 3477 1928 3538 Neronis
1968 3479 2353 3557 principatum
2389 3479 2456 3537 in

448 3574 689 3618 secessu
714 3556 1017 3635 plurimum
1039 3558 1197 3636 vixit,
1224 3561 1330 3637 (ne
1355 3558 1428 3620 ad
1445 3560 1784 3637 gestandum
1807 3561 2034 3640 quidem
2057 3579 2324 3640 umquam
2337 3563 2458 3623 1ter
