2700 4234
436 273 514 333 40
604 281 663 328 e.
692 278 992 327 summu
1029 276 1285 335 TRANQ.
1316 276 1414 321 mr
1437 275 1606 323 vrrA
1634 274 2004 323 CAESARUM
2034 276 2172 323 ΜΒ.
2201 278 2275 323 11.

435 439 625 513 neris,
667 438 723 495 in
752 431 1123 512 deprecanda
1166 414 1443 508 graviore
1483 429 1746 491 adulterii
1787 447 1980 510 poena
2016 441 2252 511 praeter
2292 442 2444 493 aeta-

436 532 549 583 tem
580 529 749 597 atque
776 514 1000 577 natales
1029 515 1147 575 hoc
1174 532 1409 594 quoque
1437 514 1698 592 patribus
1743 517 2097 594 conscriptis
2139 515 2444 595 allegaret,

436 622 569 665 esse
603 617 1015 682 possessorem
1052 616 1122 659 ac
1153 598 1315 658 velut
1353 598 1638 658 aedituum
1677 598 1823 675 soli,
1870 599 2026 678 quod
2065 602 2310 679 primum
2349 600 2447 659 Di-

436 708 541 749 vus
578 686 1171 763 Augustus‘nascens
1230 684 1550 759 attigisset,
1617 691 1966 763 peteretque
2021 683 2222 744 donari
2285 685 2448 763 quasi

436 772 680 855 proprio
722 787 827 837 suo
867 786 939 829 ac
978 766 1261 847 peculiari
1311 767 1460 845 deo,
1512 766 1810 850 decretum
1850 776 1940 826 est
1979 776 2040 827 ut
2079 786 2149 828 ea
2177 785 2314 847 pars
2345 768 2446 828 do·
2471 788 2500 828 ⁵

387 856 561 917 fimus
618 861 1081 915 consecraretur.
1152 848 1645 911 Nutrimentorum
1703 853 1826 910 eius
1884 852 2208 912 ostenditur
2262 852 2450 913 adhuc

436 944 605 1003 locus
642 941 700 998 in
738 939 895 998 avito
948 934 1280 997 suburbano
1321 937 1481 995 iuxta
1521 935 1780 997 Velitras
1820 935 2192 1015 permodicus
2234 946 2294 996 et
2331 936 2448 996 cel·

437 1027 529 1086 lae
573 1024 884 1103 penuariae
934 1022 1148 1097 instar,
1202 1028 1478 1098 tenetque
1522 1021 1874 1080 vicinitatem
1925 1022 2124 1099 opinio
2170 1029 2453 1100 tamquam

439 1120 497 1170 et
532 1117 695 1169 natus
728 1106 808 1165 ibi
838 1106 932 1164 sit.
987 1101 1114 1165 Huc
1146 1106 1393 1164 introire
1435 1105 1544 1163 nisi
1576 1106 1918 1164 necessario
1953 1113 2010 1163 et
2047 1114 2206 1165 caste
2235 1106 2450 1182 religio

441 1202 563 1269 est,
625 1198 914 1268 concepta
974 1190 1248 1267 opinione
1307 1190 1529 1265 veteri,
1603 1191 1768 1268 quasi
1825 1198 2044 1247 temere
2110 1188 2450 1249 adeuntibus
2473 1204 2524 1245 ιο

442 1279 653 1337 horror
699 1272 924 1353 quidam
980 1281 1039 1331 et
1082 1281 1268 1333 metus
1315 1271 1637 1351 obiciatur,
1698 1272 1804 1333 sed
1833 1281 1892 1332 et
1925 1289 2065 1333 mox
2095 1274 2451 1334 confirmata.
2491 1342 2500 1351 ,

440 1361 585 1421 Nam
625 1376 753 1418 cum
798 1374 1116 1437 possessor
1167 1356 1342 1417 villae
1391 1374 1578 1417 novus
1634 1374 1740 1417 seu
1785 1357 1941 1417 forte
1983 1375 2086 1416 seu
2139 1356 2455 1437 temptandi

444 1462 617 1505 causa
652 1442 901 1502 cubitum
936 1460 1002 1501 se
1036 1457 1108 1500 eo
1144 1441 1517 1518 contulisset,
1569 1443 1766 1501 evenit
1806 1450 1865 1500 ut
1907 1449 2044 1520 post
2075 1443 2455 1522 paucissimas

442 1530 633 1589 noctis
662 1527 840 1587 horas
879 1524 1217 1585 exturbatus
1260 1525 1394 1585 inde
1435 1525 1624 1585 subita
1672 1528 1729 1584 vi
1773 1534 1832 1584 et
1871 1529 2094 1585 incerta
2138 1543 2326 1605 paene
2359 1543 2454 1584 se-

444 1613 723 1672 mianimis
756 1627 884 1669 cum
915 1618 1097 1670 strato
1125 1610 1293 1669 simul
1324 1619 1456 1670 ante
1487 1610 1652 1669 fores
1683 1608 2055 1669 inveniretur.
2459 1630 2512 1670 15

393 1696 422 1751 7
569 1696 776 1757 infanti
820 1711 1151 1771 cognomen
1207 1693 1531 1756 Thurino
1571 1694 1809 1754 inditum
1849 1702 1970 1771 est,
2013 1696 2072 1754 in
2120 1696 2454 1755 memoriam

445 1783 725 1841 maiorum
763 1780 1028 1855 originis,
1075 1777 1172 1837 vel
1209 1778 1366 1856 quod
1401 1780 1649 1855 regione
1686 1778 1937 1857 Thurina
1965 1796 2179 1839 recens
2211 1796 2284 1838 eo
2317 1788 2454 1839 nato

446 1874 613 1945 pater
672 1861 947 1922 Octavius
993 1862 1273 1922 adversus
1327 1862 1608 1941 fugitivos
1663 1879 1786 1922 rem
1833 1880 2122 1942 prospere
2166 1871 2454 1939 gesserat.
2541 1908 2551 1919 .

448 1948 757 2009 Thurinum
802 1946 1270 2023 cognominatum
1316 1948 1456 2005 satis
1505 1956 1666 2007 certa
1710 1946 2058 2025 probatione
2104 1947 2456 2022 tradiderim,

447 2039 651 2093 nactus
685 2027 967 2109 puerilem
1010 2029 1432 2107 imagunculam
1467 2031 1591 2089 eius
1629 2048 1860 2091 aeream
1904 2040 2196 2107 veterem,
2244 2032 2459 2090 ferreis
2478 2047 2534 2087 20

450 2124 509 2175 et
542 2131 725 2194 paene
771 2114 881 2173 iam
916 2113 1394 2174 exolescentibus
1436 2114 1645 2175 litteris
1681 2114 1797 2175 hoc
1833 2117 2060 2175 nomine
2094 2116 2457 2194 inscriptam,

451 2216 598 2279 quae
646 2197 799 2257 dono
840 2216 871 2257 a
922 2216 1013 2256 me
1067 2199 1317 2277 principi
1354 2197 1484 2260 data
1537 2201 1688 2259 inter
1732 2198 1980 2259 cubiculi
2012 2197 2190 2258 Lares
2225 2198 2458 2258 colitur.

450 2282 567 2343 Sed
616 2291 674 2342 et
726 2300 758 2341 a
810 2281 886 2343 Μ.
933 2281 1193 2342 Antonio
1249 2284 1307 2341 in
1355 2284 1624 2362 epistolis
1677 2300 1786 2362 per
1831 2282 2234 2344 contumeliam
2277 2300 2462 2361 saepe

451 2367 735 2427 Thurinus
782 2365 1139 2445 appellatur,
1202 2368 1426 2449 etipse
1474 2367 1615 2427 nihil
1663 2366 1906 2446 amplius
1955 2384 2122 2447 quam
2156 2368 2352 2427 mirari
2395 2384 2464 2426 se

450 2450 755 2527 rescribit,
816 2467 925 2529 pro
982 2450 1302 2529 obprobrio
1363 2449 1473 2511 sibi
1518 2452 1679 2530 prius
1735 2470 1946 2511 nomen
1993 2452 2169 2512 obici.
2247 2452 2538 2513 Postea2⁵

451 2535 578 2596 Gai
631 2533 984 2593 Caesaris
1032 2542 1091 2593 et
1136 2533 1343 2595 deinde
1396 2535 1714 2612 Augusti
1761 2552 2092 2613 cognomen
2129 2537 2462 2615 assumpsit,

451 2617 693 2679 alterum
726 2625 1071 2677 testamento
1106 2620 1342 2679 maioris
1381 2619 1681 2697 avunculi,
1729 2619 1970 2680 alterum
2013 2620 2226 2681 Munati
2262 2620 2463 2681 Planci

452 2704 772 2777 sententia,
821 2720 978 2780 cum,
1022 2702 1361 2781 quibusdam
1399 2703 1770 2763 censentibus
1817 2704 2126 2765 Romulum
2174 2704 2464 2785 appellari

452 2795 734 2866 oportere
758 2789 920 2865 quasi
945 2795 1004 2847 et
1036 2788 1223 2866 ipsum
1266 2786 1627 2848 conditorem
1663 2788 1854 2865 urbis,
1898 2789 2359 2868 praevaluisset,
2403 2797 2465 2848 ut

452 2871 749 2947 Augustus
787 2872 982 2950 potius
1018 2880 1362 2948 vocaretur,
1398 2889 1518 2932 non
1554 2880 1768 2932 tantum
1802 2889 1960 2934 novo
1998 2872 2104 2933 sed
2147 2877 2320 2933 etiam
2351 2891 2463 2933 am·
2484 2888 2539 2929 30

454 2955 645 3033 pliore
672 2957 1053 3031 cognomine,
1105 2954 1285 3033 [quod
1320 2956 1456 3015 loca
1487 2973 1721 3035 quoque
1755 2956 2041 3034 religiosa
2065 2965 2126 3017 et
2162 2960 2220 3018 in
2259 2958 2465 3037 quibus

452 3046 734 3115 augurato
762 3037 896 3116 quid
923 3048 1303 3099 consecratur
1327 3049 1570 3116 augusta
1605 3039 1899 3117 dicantur,
1945 3041 2016 3101 ab
2049 3051 2219 3102 auctu
2258 3042 2354 3101 vel
2392 3040 2465 3101 ab

453 3123 637 3181 avium
690 3130 863 3198 gestu
909 3130 1187 3201 gustuve,
1232 3124 1383 3184 sicut
1449 3126 1618 3183 etiam
1672 3124 1893 3184 Ennius
1936 3125 2114 3187 docet
2169 3126 2462 3186 scribens:

559 3209 802 3281 Auyusio
844 3214 1076 3284 auyurio
1106 3206 1403 3284 postquam
1445 3214 1646 3284 inclyta
1691 3214 1908 3269 condita
1947 3214 2146 3271 Roma'
2172 3212 2294 3289 est]

404 3292 439 3347 8
588 3287 929 3360 Quadrimus
984 3300 1209 3370 patrem
1272 3294 1478 3351 amisit.
1545 3291 1963 3353 Duodecimum
2024 3312 2229 3356 annum
2284 3311 2467 3371 agens
2485 3315 2544 3355 35

456 3370 639 3428 aviam
674 3370 873 3433 Iuliam
910 3374 1236 3435 defunctam
1272 3393 1383 3454 pro
1429 3378 1706 3436 contione
1740 3376 2012 3438 laudavit.
2073 3378 2492 3453 Quadriennio.

456 3461 592 3527 post
632 3454 781 3514 virili
820 3466 961 3535 toga
994 3468 1253 3537 sumpta,
1300 3460 1641 3520 militaribus
1677 3461 1846 3521 donis
1879 3462 2168 3543 triumpho
2195 3462 2468 3524 Caesaris

456 3531 736 3597 Africano
776 3538 1017 3601 donatus
1053 3550 1178 3619 est,
1226 3561 1550 3623 quanquam
1587 3563 1805 3625 expers
1848 3544 1992 3605 belli
2029 3558 2278 3627 propter
2299 3557 2468 3617 ¹aeta·
