2700 4234
874 305 1085 353 Divus
1115 304 1606 354 vsspssmmss.
2142 291 2262 356 233

254 459 453 539 pilum
486 464 751 535 mutare,
782 477 908 520 non
939 477 1166 520 mores.
1245 461 1388 520 Sunt
1423 469 1626 520 contra
1674 460 1770 538 qui
1813 461 2151 538 opinentur,
2193 460 2264 522 ad

262 543 555 604 manubias
602 551 659 601 et
704 543 939 622 rapinas
980 544 1339 603 necessitate
1391 544 1750 622 compulsum
1791 562 2007 604 summa
2057 545 2265 604 aerarii

262 629 507 706 fiscique
543 627 770 704 inopia;
806 625 879 685 de
911 644 1023 705 qua
1052 627 1392 686 testificatus
1437 629 1510 686 sit
1552 628 1716 687 initio
1746 629 1933 687 statim
1977 627 2262 706 principa-

262 721 352 770 tus
372 757 391 788 ,
438 709 751 788 'professus
798 709 1302 789 quadrinqenties
1338 710 1562 771 millies
1593 728 1751 788 opus
1787 728 1941 787 esse,
1973 718 2042 770 ut
2065 729 2170 770 res
2191 730 2259 789 p.

222 813 247 852 5
267 801 442 857 stare
462 801 698 873 posset.
750 792 920 868 Quod
954 801 1011 852 et
1042 795 1169 852 veri
1200 794 1733 870 similiusvidetur,
1763 793 1989 872 quando
2024 803 2082 854 et
2111 792 2262 854 male

263 881 445 957 partis
482 879 698 956 optime
730 894 867 936 usus
901 884 1011 936 est.
1090 875 1154 936 In
1187 894 1358 936 omne
1388 877 1676 937 hominum
1706 896 1892 954 genus
1924 877 2260 938 liberalissi-
2279 894 2344 948 17

261 981 415 1038 mus,
462 961 725 1040 explevit
756 977 990 1020 censum
1040 963 1420 1038 senatorium,
1466 961 1804 1020 consulares
1844 962 2054 1040 inopes
2100 963 2257 1040 quin-

262 1046 431 1123 genis
464 1045 751 1104 sestertiis
780 1044 983 1103 annuis
1014 1046 1380 1121 sustentavit,
1411 1044 1686 1123 plurimas
1719 1061 1826 1122 per
1846 1053 2026 1118 totum
2059 1043 2262 1104 orbem

266 1129 532 1189 civitates
562 1137 756 1186 terrae
783 1136 941 1186 motu
974 1135 1068 1187 aut
1098 1127 1370 1188 incendio
1399 1127 1644 1188 afflictas
1677 1129 1927 1188 restituit
1958 1129 2014 1188 in
2037 1129 2260 1206 melius,

159 1221 245 1270 ἰο
265 1213 499 1289 ingenia
542 1219 601 1270 et
642 1219 798 1270 artes
835 1210 933 1269 vel
979 1212 1223 1270 maxime
1267 1210 1432 1270 fovit.
1504 1210 1724 1270 Primus
1781 1228 1813 1269 e
1858 1212 2000 1271 fisco
2048 1210 2262 1272 Latinis
2278 1221 2348 1276 18

265 1295 625 1373 Graecisque
661 1293 994 1354 rhetoribus
1022 1312 1207 1354 annua
1258 1304 1502 1354 centena
1545 1295 1868 1364 constituit;
1914 1297 2262 1372 praestantis

264 1388 496 1459 poetas,
526 1395 639 1438 nec
672 1396 788 1437 non
818 1387 877 1437 et
906 1378 1196 1454 artifices,
1230 1376 1392 1438 Coae
1423 1377 1702 1454 VeneriS,
1736 1378 1872 1437 item
1904 1375 2139 1438 Colossi
2169 1396 2258 1437 re-

263 1465 548 1524 fectorem
592 1463 805 1538 insigni
836 1462 1137 1538 congiario
1177 1479 1502 1540 magnaque
1533 1459 1805 1520 mercede
1837 1461 2099 1530 donavit;
2141 1479 2259 1520 me-

222 1541 236 1554 ’
268 1547 507 1608 chanico
540 1563 795 1623 quoque,
826 1544 1067 1623 grandis
1101 1545 1400 1605 columnas
1425 1546 1635 1621 exigua
1660 1546 1922 1623 impensa
1953 1543 2258 1622 perductu-

195 1652 247 1692 ιε
267 1649 391 1704 rum
424 1631 479 1688 in
516 1628 863 1708 Capitolium
895 1628 1233 1708 pollicenti,
1272 1630 1588 1706 praemium
1619 1645 1727 1706 pro
1775 1636 2099 1687 commento
2143 1643 2260 1687 non

269 1711 565 1772 mediocre
596 1712 825 1790 optulit,
856 1729 1097 1790 operam
1125 1713 1366 1788 remisit,
1393 1710 1686 1790 praefatus
1719 1710 1945 1772 sineret
1967 1729 2035 1771 se
2048 1708 2258 1789 plebe-

271 1795 475 1856 culam
496 1811 788 1872 pascere.
859 1794 1061 1872 Ludis,
1096 1813 1203 1872 per
1235 1812 1382 1874 quos
1416 1813 1632 1855 scaena
1661 1793 2020 1856 Marcelliani
2055 1794 2262 1854 theatri
2282 1803 2346 1857 19

269 1880 535 1940 restituta
566 1877 959 1956 dedicabatur,
990 1886 1193 1938 vetera
1224 1896 1462 1959 quoque
1497 1886 1825 1938 acroamata
1853 1886 2256 1938 revocaverat.

268 1960 855 2042 Apellariffragoedo
889 1962 1343 2041 quadringenta,
1377 1962 1614 2041 Terpno
1635 1960 2018 2039 Diodoroque
2055 1960 2259 2020 cithar-
2319 2021 2321 2023 ,

163 2067 247 2109 ⁴20
268 2046 434 2108 oedis
464 2045 706 2122 ducena,
743 2045 1031 2105 nonnullis
1051 2053 1315 2122 centena,
1351 2046 1559 2125 quibus
1581 2046 1865 2104 minimum
1890 2045 2260 2124 quadragena

265 2130 533 2192 sestertia
565 2147 744 2208 super
774 2129 1050 2209 plurimas
1080 2146 1333 2190 coronas
1368 2147 1576 2190 aureas
1619 2128 1794 2189 dedit.
1867 2128 1985 2188 Sed
2028 2137 2086 2187 et
2125 2145 2258 2186 con-

263 2213 568 2274 vivabatur
600 2213 853 2290 assidue,
892 2230 961 2273 ac
984 2215 1220 2292 saepius
1249 2223 1414 2274 recta
1445 2222 1503 2273 et
1507 2212 1772 2311 dapsile,
1805 2221 1868 2272 ut
1890 2211 2261 2273 macellarios

264 2297 583 2359 adiuvaret.
653 2295 842 2357 Dabat
872 2297 1023 2356 sicut
1041 2297 1440 2357 Saturnalibus
1463 2298 1602 2356 viris
1631 2295 2020 2376 apophoreta,
2053 2295 2128 2354 ita
2153 2311 2260 2372 per

263 2381 357 2442 Kl.
389 2381 556 2442 Mart.
588 2380 845 2450 feminis;
892 2389 951 2439 et
992 2388 1181 2440 tamen
1212 2399 1285 2440 ne
1316 2383 1403 2440 sic
1437 2380 1666 2458 quidem
1699 2380 1940 2458 pristina
1984 2377 2259 2457 cupidita·

186 2479 243 2522 25
266 2468 341 2526 tis
373 2464 602 2523 infamia
634 2464 835 2523 caruit.
893 2462 1271 2525 Alexandrini
1302 2462 1698 2540 Cybiosacten
1731 2482 1860 2524 eum
1889 2480 2107 2523 vocare
2129 2479 2258 2541 per-

264 2555 707 2623 severaverunt,
744 2548 1092 2624 cognomine
1122 2550 1289 2608 unius
1321 2567 1355 2606 e
1383 2547 1627 2625 regibus
1659 2549 1776 2606 suis
1806 2548 2260 2626 turpissimarum

262 2631 540 2694 sordium.
614 2629 731 2690 Sed
758 2639 816 2690 et
848 2631 905 2690 in
932 2630 1139 2691 funere
1168 2631 1364 2691 Favor
1393 2631 1754 2692 archimimus
1796 2649 2104 2729 personam
2135 2631 2259 2705 eius

260 2717 461 2777 ferens
488 2715 849 2794 imitansque,
883 2724 944 2774 ut
977 2723 1068 2775 est
1098 2731 1247 2792 mos,
1286 2716 1444 2776 facta
1476 2733 1546 2776 ac
1575 2715 1730 2776 dicta
1761 2714 1900 2790 vivi,
1935 2715 2257 2790 interroga·

264 2801 339 2860 tis
370 2798 557 2878 palam
592 2797 1103 2878 procuratoribus,
1153 2801 1346 2877 quanti
1391 2800 1558 2858 funus
1604 2807 1662 2858 et
1694 2815 1910 2877 pompa
1944 2804 2257 2872 constaret,

186 2900 243 2942 so
264 2891 325 2944 ut
361 2881 533 2959 audit,
564 2882 847 2942 sestertio
881 2883 1171 2957 centiens,
1207 2883 1582 2958 exclamavit,
1620 2887 1856 2942 centum
1883 2877 2010 2940 siba·
2031 2884 2255 2940 sester-

262 2966 355 3028 tia
385 2965 626 3042 darent,
660 2983 739 3027 ac
767 2983 837 3026 se
864 2966 966 3027 vel
992 2965 1056 3026 in
1098 2963 1364 3026 Tiberim
1387 2965 1761 3063 proicerent.

389 3050 618 3110 Statura
648 3050 755 3109 fuit
778 3049 1075 3128 quadrata,
1113 3050 1435 3128 compactis
1459 3043 1752 3127 firmisque
1775 3045 2068 3122 membris,
2101 3043 2261 3104 vultu
2275 3050 2346 3105 20

259 3133 443 3192 veluti
473 3133 736 3202 nitentis;
786 3131 858 3192 de
892 3149 1007 3210 quo
1041 3132 1266 3211 quidam
1310 3132 1658 3192 urbanorum
1698 3148 1812 3190 non
1857 3129 2143 3190 infacete:
2186 3130 2259 3188 si-

264 3215 495 3294 quidem
530 3216 784 3295 petenti,
826 3225 885 3275 ut
915 3225 974 3275 et
1004 3217 1061 3274 in
1098 3233 1165 3276 se
1204 3215 1420 3294 aliquid
1467 3215 1720 3291 diceret,
1758 3213 2016 3290 Dicam,
2059 3213 2258 3291 inquit,

188 3319 247 3360 as
264 3318 403 3360 cum
441 3305 709 3360 ventrem
753 3316 1104 3359 exonerare
1134 3297 1414 3359 desieris.
1503 3298 1832 3360 valitudine
1865 3299 2261 3376 prosperrima

265 3401 405 3444 usus
436 3391 547 3460 est,
581 3382 943 3462 quamvismd
974 3381 1243 3444 tuendam
1271 3401 1398 3442 eam
1429 3381 1568 3442 nihil
1600 3382 1843 3462 amplius
1867 3399 2036 3461 quam
2060 3381 2260 3442 fauces

266 3476 583 3545 ceteraque
604 3463 857 3526 membra
880 3465 1107 3524 sibimet
1136 3465 1205 3526 ad
1230 3483 1521 3526 numerum
1545 3467 1602 3524 in
1637 3465 2051 3546 sphaeristerio
2088 3463 2259 3524 defri-

266 3558 449 3626 caret,
471 3549 835 3629 inediamque
858 3551 1023 3609 unius
1048 3547 1162 3608 diei
1184 3558 1295 3628 p'er
1316 3549 1580 3627 singulos
1594 3566 1828 3610 menses
1843 3551 2257 3626 interponeret.
