2700 4234
881 323 1091 372 mvus
1130 324 1512 373 Aucus‘rus.
2145 316 2226 378 53

212 480 605 559 superposuit,
663 476 996 540 translatam
1048 496 1081 537 e
1134 478 1327 555 curia,
1383 479 1441 537 in
1498 496 1608 557 qua
1660 476 1726 539 C.
1779 476 1997 540 Caesar
2035 481 2226 543 suerat

214 580 457 623 occisus.

320 645 607 727 Pleraque
665 645 903 723 pessimi
957 644 1213 723 exempli
1285 647 1342 704 in
1397 646 1714 725 perniciem
1781 644 2070 724 publicam
2131 657 2226 708 aut
2239 658 2308 713 32

206 750 279 790 ex
339 728 757 791 consuetudine
817 728 1167 807 licentiaque
1233 727 1521 789 bellorum
1579 728 1828 789 civilium
1876 730 2224 792 duraverant

156 827 180 867 ⁶
206 822 299 875 aut
327 832 437 894 per
476 832 683 893 pacem
733 814 905 873 etiam
944 815 1283 883 extiterant:
1350 830 1481 873 nam
1526 822 1585 873 et
1623 830 1828 891 grassa
1872 823 2058 874 torum
2097 815 2220 895 plu-

199 900 322 958 rimi
378 896 569 977 palam
625 915 690 957 se
740 896 1010 957 ferebant
1066 898 1348 957 succincti
1402 897 1599 974 ferro,
1670 898 1830 977 quasi
1888 899 2088 960 tuendi
2136 901 2221 959 sui

200 1000 405 1059 causa,
470 991 528 1042 et
586 980 739 1061 rapti
784 999 891 1060 per
937 997 1115 1058 agros
1157 981 1418 1041 viatores
1471 982 1599 1041 sine
1664 982 1992 1042 discrimine
2049 982 2222 1042 liberi

57 1034 62 1113 Ῐ
198 1067 474 1146 servique
501 1064 814 1144 ergastulis
850 1081 1259 1143 possessorum
1292 1064 1826 1145 supprimebantur,
1856 1076 1914 1127 et
1941 1065 2221 1147 plurimae

194 1151 491 1211 factiones
520 1148 684 1210 titulo
717 1148 936 1225 collegi
978 1149 1115 1208 novi
1161 1148 1233 1209 ad
1264 1148 1476 1209 nullius
1507 1167 1623 1209 non
1653 1150 2218 1211 facinoris‘societa·

128 1252 173 1292 ιο
197 1244 315 1295 tem
350 1232 606 1293 coibant.
649 1232 835 1311 Igitur
864 1239 1230 1310 grassaturas
1262 1233 1565 1312 dispositis
1590 1252 1700 1313 per
1723 1242 2051 1313 opportuna
2084 1233 2220 1294 loca

192 1316 543 1379 stationibus
583 1316 849 1395 inhibuit,
906 1317 1203 1393 ergastula
1242 1318 1626 1396 recognovit,
1670 1318 1926 1395 collegia
1985 1326 2219 1397 praeter

190 1402 424 1481 antiqua
463 1409 523 1460 et
551 1400 809 1479 legitima
840 1400 1127 1461 dissolvit.
1196 1400 1448 1462 Tabulas
1481 1411 1739 1463 veterum
1773 1403 1962 1463 aerari
1991 1400 2215 1463 debito-

187 1505 343 1563 rum,
376 1483 475 1545 vel
509 1488 880 1565 praecipuam
913 1484 1290 1550 calumniandi
1319 1487 1651 1563 materiam,
1694 1487 1941 1556 exussit3
1991 1486 2125 1546 loca
2159 1486 2217 1544 in

188 1569 333 1630 urbe
379 1567 623 1648 publica
667 1569 805 1629 iuris
846 1567 1131 1646 ambigui,
1184 1569 1630 1649 possessoribus
1672 1569 2044 1637 adiudicavit;
2096 1568 2215 1628 diu-

124 1671 168 1710 15
189 1664 489 1714 tux-norum
520 1669 755 1713 reorum
785 1662 843 1712 et
870 1670 947 1713 ex
977 1670 1217 1731 quorum
1246 1652 1516 1713 sordibus
1549 1653 1687 1713 nihil
1731 1652 1884 1713 aliud
1916 1670 2084 1731 quam
2113 1670 2215 1712 vo-

187 1726 379 1817 lu‘ptas
410 1736 667 1796 inimicis
692 1737 1075 1815 quaereretur
1108 1739 1337 1797 nomina
1373 1737 1662 1814 abolevit,
1698 1736 2043 1797 condicione
2079 1752 2215 1816 pro-

187 1822 399 1901 posita,
439 1830 505 1880 ut
536 1821 589 1878 si
620 1838 787 1899 quem
815 1822 943 1899 quis
976 1829 1252 1900 repetere
1276 1822 1476 1899 vellet,
1511 1840 1616 1901 par
1643 1821 1961 1901 periculum
1985 1837 2215 1900 poenae

188 1906 429 1966 subiret.
506 1902 604 1963 Ne
646 1905 801 1984 quod
842 1904 1032 1965 autem
1076 1905 1423 1965 maleficium
1471 1908 1842 1984 negotiumve
1896 1904 2214 1984 inpunitate

186 1989 281 2049 vel
310 2006 476 2050 mora
510 1987 875 2065 elaberetur,
928 1989 1161 2066 triginta
1192 1990 1435 2071 amplius
1465 1989 1621 2065 dies,
1666 1992 1761 2069 qui
1792 1989 2099 2050 honoraris
2129 1987 2212 2048 lu-

119 2092 168 2131 20
187 2074 273 2133 dis
314 2071 795 2153 occupabantur,
829 2075 979 2133 actui
1009 2091 1201 2132 rerum
1237 2074 1714 2134 accommodavit.
1780 2073 1873 2134 Ad
1925 2075 2030 2132 tris
2072 2070 2211 2131 iudi-

186 2176 308 2218 cum
353 2150 632 2218 decurias
676 2164 935 2235 quartam
976 2156 1191 2217 addidit
1230 2176 1305 2218 ex
1344 2158 1622 2218 inferiore
1668 2175 1880 2233 censu,
1922 2174 2070 2235 quae
2115 2154 2212 2214 du-

187 2242 563 2305 cenariorum
620 2249 933 2301 vocaretur
987 2240 1383 2321 iudicaretque
1438 2240 1510 2301 de
1574 2240 1897 2301 levioribus
1959 2240 2209 2299 summis.

183 2325 413 2387 Iudices
432 2334 481 2386 'a
507 2326 835 2385 vicensimo
867 2326 1071 2385 aetatis
1118 2342 1265 2385 anno
1296 2324 1546 2403 adlegit,
1598 2324 1657 2385 id
1703 2332 1794 2384 est
1825 2322 2213 2403 quinquennio

184 2412 456 2471 maturius
502 2426 679 2489 quam
720 2408 1010 2469 solebant.
1081 2409 1173 2469 Ac
1215 2409 1516 2488 plerisque
1559 2407 1844 2469 iudicandi
1883 2425 2084 2467 munus
2115 2404 2213 2466 de-

117 2508 168 2548 25
188 2494 610 2570 tractantibuS,
651 2493 750 2552 vix
779 2494 1077 2553 concessit
1114 2501 1175 2552 ut
1206 2492 1452 2571 singulis
1483 2493 1735 2553 decuriis
1777 2511 1886 2573 per
1913 2493 2079 2551 vices
2111 2508 2208 2550 an·

184 2596 293 2638 nua
331 2578 575 2639 vacatio
620 2584 807 2654 esset,
851 2585 910 2637 et
949 2585 1011 2636 ut
1054 2576 1261 2637 solitae
1306 2578 1401 2655 agi
1431 2576 1752 2638 Novembri
1800 2596 1870 2638 ac
1898 2574 2212 2637 Decembri
2317 2578 2323 2585 '

185 2680 383 2721 mense
415 2680 517 2722 res
553 2661 973 2722 omitterentur.
1045 2659 1181 2741 Ipse
1224 2662 1313 2721 ius
1355 2661 1496 2721 dixit
1517 2661 1754 2723 assidue
1801 2663 1946 2721 etin
1977 2666 2298 2720 noctem33

186 2762 645 2825 nonnumquam,
677 2746 728 2806 si
757 2762 957 2824 parum
989 2762 1244 2825 corpore
1275 2745 1532 2823 valeret,
1565 2746 1775 2806 lectica
1803 2762 1910 2824 pro
1945 2742 2214 2804 tribunali

187 2827 483 2889 collocata
533 2828 634 2889 vel
680 2830 853 2889 etiam
896 2827 1047 2890 domi
1088 2829 1323 2890 cubanS.
1401 2829 1561 2890 Dixit
1602 2837 1790 2890 autem
1827 2830 1914 2889 ius
1942 2845 2058 2888 non
2087 2826 2210 2885 dili-

116 2923 168 2965 30
191 2912 393 2989 gentia
424 2912 602 2974 modo
634 2930 850 2973 summa
891 2913 997 2974 sed
1039 2922 1099 2973 et
1126 2913 1402 2991 lenitate,
1449 2913 1728 2993 siquidem
1759 2912 2045 2972 manifesti
2081 2928 2211 2989 par-

185 2995 371 3056 ricidii
400 3015 602 3075 reum,
644 3015 719 3057 ne
751 2996 943 3058 culleo
977 2999 1331 3076 insueretur,
1383 2997 1536 3075 quod
1565 2998 1794 3058 nonnisi
1826 2996 2083 3056 confessi
2114 2991 2210 3052 ad-

187 3079 453 3141 ficiuntur
499 3081 617 3142 hac
669 3099 890 3160 poena,
933 3082 1011 3143 ita
1049 3081 1236 3142 fertur
1272 3084 1710 3159 interrogasse:
1765 3086 1930 3143 certe
1967 3084 2209 3157 patrem

186 3168 351 3223 mum
390 3184 521 3227 non
566 3165 897 3227 occidisti?
960 3166 1035 3227 Et
1090 3183 1215 3226 cum
1257 3166 1331 3227 de
1361 3165 1514 3227 falso
1556 3173 1902 3226 testamento
1937 3169 2212 3242 ageretur

190 3262 511 3327 omnesque
552 3250 888 3327 signatores
932 3249 1072 3328 lege
1117 3247 1391 3311 Cornelia
1432 3258 1800 3328 tenerentur,
1851 3266 1966 3309 non
1997 3253 2210 3327 tantum

116 3337 167 3380 ³5
192 3327 332 3389 duas
374 3332 669 3410 tabellas,
722 3333 1133 3396 damnatoriam
1176 3344 1235 3395 et
1280 3334 1726 3412 absolutor-iam,
1776 3333 1942 3394 simul
1988 3347 2210 3410 cogno-

190 3415 489 3476 scentibus
534 3416 729 3495 dedit,
771 3418 876 3479 sed
922 3420 1459 3500 tertiam-quoque,
1510 3438 1620 3498 qua
1667 3420 2076 3497 ignosceretur
2115 3414 2212 3491 iis,

190 3512 337 3574 quos
374 3499 584 3561 fraude
622 3501 695 3563 ad
734 3501 1072 3579 signandum
1114 3503 1210 3563 vel
1266 3518 1469 3563 errore
1522 3503 1789 3565 inductos
1835 3500 2209 3564 constitisset.

187 3580 647 3660 Appellationes
673 3594 811 3667 quot
839 3588 1003 3647 vanuis
1027 3586 1377 3647 urbanorum
1401 3586 1628 3667 quidem
1660 3588 2012 3665 litigatorum
2041 3598 2211 3663 prae-
