2700 4234
929 337 991 384 c.
1016 289 1413 384 ‘CAmeuLm
2062 329 2183 390 145
2278 299 2287 308 ’

184 493 308 553 item
334 493 558 554 Romae
589 491 740 552 cella
771 490 1014 553 Palatini
1055 491 1340 550 atriensis.
1413 491 1541 552 Nec
1570 491 1877 552 defuerunt
1918 495 2014 572 qui
2046 512 2181 556 con-

184 577 486 653 iectarent,
554 576 739 637 altero
797 584 1029 636 ostento
1091 575 1413 653 periculum
1486 592 1518 634 a
1564 574 1897 636 custodibus
1955 575 2182 639 domino

183 659 474 739 portendi,
541 659 728 720 altero
762 659 1002 719 caedem
1028 677 1229 718 rursus
1258 659 1577 736 insignem,
1637 659 1822 738 qualis
1854 659 2061 722 eodem
2090 660 2182 722 die

181 744 323 804 facta
357 743 644 822 quondam
683 743 908 803 fuisset.
1002 741 1340 803 Consulenti
1384 761 1617 822 quoque
1659 741 1731 802 de
1772 744 2040 820 genitura
2082 763 2183 805 sua

138 827 327 888 ⁵Sulla
367 827 805 888 mathematicus
852 828 1228 887 certissimam
1276 844 1481 886 necem
1518 829 1994 905 appropinquare
2030 827 2181 888 affir-

175 913 355 970 mavit.
420 911 770 972 Monuerunt
805 919 864 971 et
889 909 1184 971 Fortunae
1212 908 1565 986 Antiatinae,
1594 919 1661 969 ut
1697 927 1730 970 a
1771 908 1975 972 Cassio
2012 929 2181 972 cave-

174 1004 302 1063 ret3·
340 1011 452 1073 qua
504 1011 680 1055 causa
731 993 830 1054 ille
885 992 1145 1054 Cassium
1184 993 1505 1071 Longinum
1546 994 1729 1054 Asiae
1776 1002 1889 1054 tum
1931 1012 2179 1073 procon-

175 1078 345 1138 sulem
398 1077 778 1139 occidendum
838 1077 1247 1155 delegaverat,
1310 1080 1609 1138 immemor
1663 1075 1985 1142 Chaeream
2040 1078 2179 1140 Cas·

174 1163 309 1221 sium
327 1163 648 1248 ‚nominari
738 1160 930 1222 Pridie
973 1180 1138 1240 quam
1183 1163 1406 1240 periret
1461 1162 1793 1238 somniavit,
1856 1164 2179 1223 consistere

113 1259 156 1302 10
172 1264 232 1304 se
280 1247 336 1304 in
378 1245 544 1308 caelo
586 1246 743 1306 iuxta
797 1245 1004 1305 solium
1043 1245 1232 1322 IoviS,
1293 1246 1715 1324 impulsumque
1751 1246 1823 1305 ab
1874 1264 1946 1307 eo
1992 1245 2180 1306 dextri

173 1328 330 1408 pedis
364 1329 583 1408 pollice
630 1329 774 1388 etin
812 1337 1000 1389 terras
1047 1331 1509 1408 praecipitatum.
1598 1328 2003 1406 Prodigiorum
2041 1329 2176 1390 loco

173 1413 356 1473 habita
385 1422 514 1473 sunt
543 1415 746 1489 etiam,
809 1431 957 1492 quae
991 1414 1146 1474 forte
1191 1413 1292 1473 1110
1329 1415 1460 1492 ipso
1494 1413 1587 1473 die
1620 1414 1795 1491 paulo
1833 1415 1993 1493 prius
2028 1415 2176 1474 acci-

174 1496 382 1557 derant.
473 1497 827 1557 Sacrificans
873 1515 1182 1576 respersus
1235 1504 1323 1556 est
1368 1497 1817 1575 phoenicopteri
1866 1500 2173 1575 sanguine;

175 1589 228 1639 et
259 1582 636 1659 pantomimus
661 1580 921 1641 Mnester
950 1581 1311 1658 tragoediam
1343 1579 1604 1656 saltavit,
1652 1597 1819 1659 quam
1848 1579 1983 1640 olim
2022 1580 2175 1642 Neo-

118 1663 451 1741 15ptolemus
480 1663 805 1741 tragoedus
849 1664 1030 1741 ludis,
1081 1665 1288 1743 quibus
1318 1683 1428 1724 rex
1463 1659 1843 1725 Macedonum
1878 1663 2179 1742 Philippus

173 1749 394 1807 occisus
448 1756 572 1822 est,
633 1756 867 1824 egerat;
937 1758 995 1808 et
1047 1767 1174 1808 cum
1227 1751 1282 1807 in
1331 1747 1621 1809 Laureolo
1678 1749 1879 1824 mimo,
1956 1749 2015 1819 in
2066 1765 2177 1827 quo

175 1839 326 1891 actor
357 1833 691 1911 proripiens
740 1850 805 1892 se
857 1833 1021 1893 ruina
1070 1834 1407 1910 sanguinem
1458 1833 1672 1909 vomit,
1731 1830 1929 1910 plures
1972 1849 2177 1891 secun-

176 1913 354 1976 darum
410 1916 678 1976 certatim
739 1917 1198 1993 experimentum
1254 1918 1393 1977 artis
1448 1915 1684 1991 darent,
1742 1932 1950 1977 cruore
2002 1933 2179 1976 scena

177 1997 483 2060 abundavit.
579 1996 898 2059 Parabatur
931 2008 989 2059 et
1029 2001 1086 2060 in
1117 2009 1351 2061 noctem
1384 1999 1812 2080 spectaculum,
1856 2016 1970 2078 quo
2008 2017 2175 2077 argu-

117 2091 347 2142 1011101113
382 2083 702 2143 inferorum
740 2100 848 2160 per
880 2082 1212 2162 Aegyptios
1260 2093 1319 2144 et
1360 2083 1687 2163 Aethiopas
1722 2083 2173 2161 explicarentur.

175 2164 340 2226 VIIII.
377 2165 468 2227 m.
517 2165 698 2227 Febr.
739 2166 881 2227 hora
913 2169 1042 2227 fere
1083 2170 1361 2247 septima,
1428 2175 1731 2228 cunctatus
1778 2184 1849 2226 an
1892 2167 1962 2228 ad
2006 2184 2173 2246 pran-
2191 2180 2261 2233 58

175 2248 310 2309 dium
340 2258 616 2328 surgeret
653 2260 948 2313 marcente
981 2251 1166 2312 adhuc
1197 2250 1501 2312 stomacho
1531 2249 1776 2329 pridiani
1824 2249 1938 2310 cibi
1969 2267 2171 2324 onere,

174 2333 380 2393 tandem
424 2333 805 2394 suadentibus
859 2337 1059 2397 amicis
1117 2353 1399 2413 egressus
1460 2343 1569 2394 est.
1660 2331 1802 2394 Cum
1846 2333 1905 2392 in
1948 2342 2173 2411 crypta,

175 2434 271 2494 per
298 2436 458 2498 quam
487 2417 904 2478 transeundum
937 2428 1092 2497 erat,
1153 2421 1319 2499 pueri
1349 2417 1582 2479 nobiles
1612 2435 1689 2476 ex
1721 2416 1863 2476 Asia
1894 2416 1966 2478 ad
2000 2417 2175 2476 eden-

119 2513 158 2555 25
178 2498 269 2561 das
297 2503 351 2560 in
394 2519 614 2564 scaena
643 2519 859 2579 operas
892 2504 1125 2565 evocati
1157 2511 1684 2582 praepararentur,
1744 2509 1807 2561 ut
1853 2519 1957 2562 eos
1997 2501 2175 2579 inspi-

178 2593 325 2644 ceret
350 2584 792 2664 hortareturque
826 2588 1058 2664 restitit,
1095 2605 1165 2648 ac
1195 2589 1304 2647 nisi
1338 2589 1614 2666 princeps
1642 2587 1847 2664 gregis
1874 2585 2078 2664 algere
2110 2602 2175 2644 se

175 2665 408 2746 diceret,
468 2668 669 2751 redire
712 2687 782 2729 ac
823 2680 1270 2750 repraesentare
1326 2670 1723 2750 spectaculum
1774 2671 1973 2732 voluit.
2059 2667 2173 2728 Du-

176 2751 302 2826 plex
327 2751 541 2813 dehinc
581 2753 731 2814 fama
776 2763 894 2815 est:
925 2754 1023 2815 alii
1065 2755 1291 2816 tradunt
1323 2754 1657 2833 adloquenti
1690 2771 1905 2832 pueros
1940 2771 1973 2814 a
2001 2761 2173 2829 tergo

177 2831 474 2896 Chaeream
508 2837 806 2897 cervicem
837 2837 1032 2914 gladio
1061 2839 1277 2916 caesim
1305 2839 1567 2916 graviter
1591 2839 1979 2916 percussisse,
2004 2853 2171 2916 prae-

119 2935 157 2975 30
175 2917 332 2980 missa
363 2938 548 2980 voce:
601 2917 740 2981 Hoc
769 2922 928 3000 aye!
973 2921 1183 2983 dehinc
1209 2920 1545 2983 Cornelium
1576 2920 1875 2997 Sabinum,
1932 2919 2173 2980 alterum

177 3018 204 3059 e
249 3004 592 3080 coniuratiS,
652 3004 935 3065 tribunum
988 3024 1064 3066 ex
1116 3006 1369 3068 adverso
1423 3005 1726 3067 traiecisse
1777 3011 2013 3084 pectus;
2078 3003 2171 3063 alii

177 3084 457 3164 Sabinum,
515 3097 798 3148 summota
831 3107 940 3167 per
975 3093 1247 3151 conscios
1286 3091 1657 3150 centuriones
1692 3087 1887 3164 turba,
1947 3088 2171 3164 signum

175 3185 319 3229 more
357 3169 595 3232 militiae
639 3173 897 3250 petisse,
957 3183 1016 3233 et
1058 3172 1199 3235 Gaio
1239 3173 1439 3234 Iovem
1489 3173 1659 3234 dante
1709 3171 2027 3233 Chaeream
2072 3188 2182 3236 ex·-

179 3249 468 3316 clamasse:
515 3250 750 3332 Accipe
777 3257 1019 3318 ratum!
1053 3258 1503 3337 respicientique
1536 3255 1825 3317 maxillam
1855 3257 1971 3316 ictu
2000 3253 2167 3315 disci-

119 3345 160 3385 35
177 3332 336 3396 disse.
419 3337 715 3398 iacentem
771 3343 1204 3420 contractisque
1234 3341 1507 3401 membris
1554 3340 1939 3401 clamitantem
1983 3356 2054 3399 se
2082 3339 2168 3398 vi-

177 3431 307 3479 vere
358 3420 540 3482 ceteri
597 3421 931 3484 vulneribus
988 3425 1221 3502 triginta
1283 3425 1689 3493 confecerunt;
1763 3443 1891 3486 nam
1946 3425 2169 3500 signum

179 3511 288 3562 erat
326 3505 600 3565 omnium:
664 3504 936 3584 Repete!
999 3509 1242 3583 Quidam
1285 3511 1456 3570 etiam
1498 3526 1605 3587 per
1652 3508 1910 3569 obscena
1954 3508 2170 3567 ferrum

180 3582 498 3662 adegerunt.
587 3585 680 3648 Ad
722 3591 963 3668 primum
1007 3592 1300 3653 tumultum
1331 3592 1593 3652 lecticari
1630 3609 1756 3651 cum
1789 3589 2082 3652 asseribus
2113 3587 2173 3647 in

268 3689 568 3732 snm-omns.
1764 3676 1839 3736 10

1454 3735 1481 3760 6
