2700 4234
36 682 40 791 fi

883 331 1094 379 DIVUS
1133 330 1623 381 VESPAsmNUs.
1908 316 1919 327 ’
2122 322 2247 387 235

241 503 360 565 que
394 483 729 563 praeberet,
762 485 1149 561 interrogavit
1179 485 1399 565 quanti
1430 486 1785 563 calciasset,
1820 496 1879 547 et
1908 497 2114 567 pactus
2156 498 2248 549 est

244 569 392 628 lucri
424 577 666 645 partem.
733 567 1212 646 Reprehendenti
1257 569 1379 628 filio
1421 568 1588 647 Tito,
1638 569 1793 649 quod
1836 572 2005 631 etiam
2046 574 2245 632 urinae

242 650 503 727 vectigal
543 660 894 711 commentus
927 660 1106 728 esset,
1143 654 1445 730 pecuniam
1482 670 1559 712 ex
1606 654 1787 732 prima
1830 655 2113 732 pensione
2148 656 2243 715 ad-

242 736 424 794 movit
457 734 528 794 ad
561 752 769 811 nareS,
804 736 1110 795 sciscitans
1139 753 1284 795 num
1307 735 1509 797 odore
1539 736 1996 816 offenderetur,·
2042 747 2103 797 et
2138 737 2241 798 illo

185 835 224 875 5
242 825 499 894 negante
529 815 760 897 Atquin
789 819 971 897 inquit
1002 836 1036 878 e
1066 806 1243 880 lotio‘
1243 825 1353 879 est.
1407 818 1463 879 N
1466 820 1733 881 untiantls
1755 820 2007 898 legatoS,
2040 819 2243 881 decre-

241 910 359 961 tam
387 901 444 959 ei
466 900 702 980 publice
731 918 848 961 non
875 902 1188 964 mediocris
1209 920 1463 963 summae
1486 913 1726 963 statuam
1752 904 2099 981 colosseam‚
2131 906 2243 964 ius·

241 986 318 1044 sit
348 984 446 1043 vel
480 987 754 1044 continuo
795 1002 1052 1063 ponere,
1099 994 1157 1045 et
1197 999 1400 1046 cavam
1439 1004 1664 1047 manum
1694 995 1992 1047 ostentans
2039 996 2097 1047 et
2122 1004 2241 1065 pa-

237 1073 455 1127 ratam
481 1066 682 1129 basim
711 1068 932 1128 dicens.
977 1069 1068 1129 Ac
1087 1087 1161 1128 ne
1185 1070 1242 1128 in
1265 1077 1421 1129 metu
1448 1070 1677 1149 quidem
1702 1088 1773 1130 ac
1798 1070 2065 1149 periculo
2091 1089 2243 1131 mor-

241 1152 318 1211 tis
381 1160 645 1212 extremo
709 1152 978 1213 abstinuit
1037 1154 1208 1212 iocis.-
1277 1152 1423 1213 Nam
1473 1172 1599 1214 cum
1654 1157 1805 1214 inter
1856 1164 2055 1215 cetera
2109 1172 2241 1233 pro-

163 1258 225 1298 10
241 1235 403 1311 digia
430 1235 785 1295 Mausoleum
815 1235 1137 1316 derepente
1169 1238 1453 1315 patuisset
1480 1246 1539 1295 et
1560 1238 1732 1298 stella
1762 1239 1965 1297 crinita
1990 1240 2046 1296 in
2074 1237 2241 1298 caelo

243 1320 646 1397 apparuisset,
691 1319 931 1379 alterum
976 1320 1047 1380 ad
1086 1318 1302 1379 Iuniam
1341 1317 1636 1381 Calvinam
1678 1338 1713 1379 e
1765 1330 1945 1398 gente
1992 1319 2242 1399 Augusti

239 1401 542 1481 pertinere
572 1402 837 1479 dicebat,
881 1403 1122 1463 alterum
1167 1400 1238 1462 ad
1267 1402 1607 1463 Parthorum
1642 1420 1845 1480 regem
1876 1405 1973 1483 qui
2006 1404 2241 1483 capilla-

239 1496 335 1545 tus
367 1493 558 1554 esset;
594 1487 774 1565 prima
809 1504 1044 1565 quoque
1075 1485 1263 1546 morbi
1294 1488 1645 1547 accessione
1686 1485 1813 1547 Vae
1840 1488 2051 1566 inquit,
2083 1495 2239 1567 puto

243 1569 398 1629 deus
423 1568 528 1646 tio.

167 1674 224 1714 15
369 1649 684 1713 Consulatu
715 1670 820 1714 suo
874 1668 1032 1712 nono
1074 1660 1386 1731 temptatus
1426 1652 1485 1711 in
1518 1650 1829 1731 Campania
1870 1654 2320 1715 motiunculis24

244 1734 472 1796 levibus
499 1738 878 1815 protinusque
921 1734 1065 1795 urbe
1099 1737 1381 1815 repetita,
1426 1734 1666 1796 Cutilias
1708 1752 1779 1795 ac
1805 1735 2050 1795 Reatina
2086 1754 2239 1814 rura,

243 1818 343 1877 ubi
369 1822 656 1880 aestivare
680 1820 1006 1898 quotannis
1027 1819 1277 1895 solebat,
1303 1820 1469 1898 petit.
1502 1819 1611 1879 Hic
1637 1837 1763 1879 cum
1789 1836 1969 1898 super
1990 1836 2237 1895 urguen-

243 1912 362 1961 tem
399 1901 767 1963 valitudinem
814 1901 1168 1962 creberrimo
1211 1902 1460 1980 frigidae
1504 1921 1691 1982 aquae
1734 1920 1839 1961 usu
1882 1902 2051 1963 etiam
2092 1904 2236 1961 inte-

245 1987 399 2045 stina
427 1988 707 2063 vitiasset,
745 2004 858 2047 nec
887 2002 962 2046 eo
992 1988 1175 2046 minus
1205 1986 1535 2045 muneribus
1564 1987 1955 2065 imperatoriis
1987 2004 2063 2046 ex
2098 2003 2235 2045 con-

165 2092 223 2133 20
244 2067 546 2128 suetudine
571 2070 928 2147 fungeretur,
965 2078 1025 2129 ut
1047 2070 1216 2130 ctiam
1239 2070 1566 2147 legationes
1589 2069 1812 2129 audiret
1838 2068 2073 2146 cubans,
2102 2069 2237 2131 alvo

239 2161 493 2230 repente
521 2170 706 2232 usque
735 2152 806 2214 ad
836 2153 1228 2213 defectionem
1259 2152 1463 2230 soluta,
1496 2150 1935 2232 imperatorem
1962 2154 2041 2212 ait
2062 2159 2235 2212 stan-

241 2244 362 2297 tem
392 2236 556 2297 mori
583 2243 904 2314 oportere,
896 2261 912 2278 ·
953 2236 1198 2315 dumque
1229 2237 1531 2313 consurgit
1561 2254 1631 2295 ac
1664 2236 1889 2311 nititur,
1937 2236 2089 2294 inter
2115 2252 2234 2295 ma-

240 2338 352 2379 nus
393 2319 814 2380 sublevantium
858 2322 1147 2380 extinctus
1189 2328 1280 2379 est
1313 2317 1761 2380 v1111.K1.1u1.
1810 2335 2016 2379 annum
2054 2335 2237 2395 agens

183 2406 450 2467 ..aetatis
479 2405 943 2482 sexagensimum
971 2420 1042 2464 ac
1073 2420 1316 2481 nonum,
1351 2402 1645 2483 superque
1674 2420 1933 2462 mensem
1976 2418 2047 2461 ac
2086 2400 2237 2461 diem

161 2508 222 2549 25
245 2488 568 2565 septimum.
1810 2516 1815 2525 ·

373 2568 663 2631 Convenit
705 2572 854 2630 inter
898 2571 1082 2630 omnis
1103 2614 1120 2647 ‚
1165 2577 1282 2630 tam
1317 2579 1538 2630 certum
1576 2588 1705 2629 eum
1741 2570 1815 2629 de
1846 2588 1947 2630 sua
1976 2586 2235 2629 suorum·
2252 2575 2320 2629 25

242 2671 362 2731 que
396 2654 660 2731 genitura
692 2669 926 2731 semper
957 2654 1174 2729 fuisse,
1219 2660 1281 2711 ut
1313 2662 1452 2732 post
1492 2653 1753 2714 assiduas
1780 2655 1839 2713 in
1872 2671 1937 2713 se
1972 2654 2236 2713 coniura-

240 2738 434 2797 tiones
457 2755 630 2797 ausus
661 2739 735 2797 sit
760 2736 1064 2797 adfirmare
1094 2738 1336 2813 senatui,
1374 2742 1483 2797 aut
1502 2737 1669 2815 filios
1690 2735 1817 2797 sibi
1833 2752 2239 2797 successuros

243 2827 359 2882 aut
388 2821 704 2882 nerninem.
780 2820 1002 2880 Dicitur
1043 2820 1213 2880 etiam
1254 2820 1471 2879 vidisse
1513 2819 1798 2899 quondam
1838 2836 1947 2898 per
1988 2820 2240 2898 quietem

162 2926 220 2967 ao
241 2914 514 2965 stateram
543 2903 730 2965 media
759 2913 926 2984 parte
959 2902 1231 2964 vestibuli
1258 2903 1553 2963 Palatinae
1590 2902 1794 2963 domus
1823 2902 2073 2982 positam
2100 2918 2235 2961 exa-

239 2990 394 3048 mine
424 3006 633 3068 aequo,
668 3006 795 3049 cum
825 2990 882 3047 in
912 2987 1095 3047 altera
1126 2987 1294 3047 lance
1325 2986 1597 3047 Claudius
1628 2996 1686 3047 et
1710 2987 1870 3047 Nero
1906 2992 2145 3060 starent,
2179 2984 2236 3042 in

241 3072 476 3133 altera
459 3090 590 3151 ipse
619 3090 687 3132 ac
729 3072 849 3133 filii.
916 3070 1045 3131 Nec
1094 3088 1194 3131 res
1232 3070 1477 3148 fefellit,
1521 3069 1748 3150 quando
1790 3067 2030 3131 totidem
2074 3066 2237 3128 annis

239 3157 487 3237 parique
514 3158 801 3234 temporis
835 3156 1022 3236 spatio
1054 3156 1282 3234 utrique
1314 3117 1765 3233 impe’raverunt.
