<?xml version="1.0" encoding="UTF-8"?>
<!DOCTYPE html PUBLIC "-//W3C//DTD XHTML 1.0 Transitional//EN"
    "http://www.w3.org/TR/xhtml1/DTD/xhtml1-transitional.dtd">
<html xmlns="http://www.w3.org/1999/xhtml" xml:lang="en" lang="en">
 <head>
  <title>
</title>
<meta http-equiv="Content-Type" content="text/html;charset=utf-8" />
  <meta name='ocr-system' content='tesseract 3.04.00' />
  <meta name='ocr-capabilities' content='ocr_page ocr_carea ocr_par ocr_line ocrx_word'/>
</head>
<body>
  <div class='ocr_page' id='page_1' title='image "./csuetonitranqui05rothgoog_0144.png"; bbox 0 0 2700 4234; ppageno 0'>
   <div class='ocr_carea' id='block_1_1' title="bbox 476 329 2306 398">
    <p class='ocr_par' dir='ltr' id='par_1_1' title="bbox 476 329 2306 398">
     <span class='ocr_line' id='line_1_1' title="bbox 476 329 2306 398; baseline -0.001 -9"><span class='ocrx_word' id='word_1_1' title='bbox 476 329 557 389; x_wconf 89' lang='grc'><strong>34</strong></span> <span class='ocrx_word' id='word_1_2' title='bbox 655 341 715 388; x_wconf 87' lang='lat' dir='ltr'><strong>C.</strong></span> <span class='ocrx_word' id='word_1_3' title='bbox 742 339 1042 389; x_wconf 80' lang='lat' dir='ltr'><strong>SUETOM</strong></span> <span class='ocrx_word' id='word_1_4' title='bbox 1077 338 1334 398; x_wconf 71' lang='lat' dir='ltr'><strong>TRANQ.</strong></span> <span class='ocrx_word' id='word_1_5' title='bbox 1365 340 1462 385; x_wconf 75' lang='lat' dir='ltr'><strong>DE</strong></span> <span class='ocrx_word' id='word_1_6' title='bbox 1492 341 1661 387; x_wconf 85' lang='lat' dir='ltr'>VITA</span> <span class='ocrx_word' id='word_1_7' title='bbox 1697 340 2064 389; x_wconf 74' lang='lat' dir='ltr'><strong>CAESARUM</strong></span> <span class='ocrx_word' id='word_1_8' title='bbox 2094 344 2233 391; x_wconf 87' lang='lat' dir='ltr'><strong>LIB.</strong></span> <span class='ocrx_word' id='word_1_9' title='bbox 2260 344 2306 391; x_wconf 92' lang='lat'><strong>1.</strong></span> 
     </span>
    </p>
   </div>
   <div class='ocr_carea' id='block_1_2' title="bbox 394 484 2572 3669">
    <p class='ocr_par' dir='ltr' id='par_1_2' title="bbox 476 484 2472 741">
     <span class='ocr_line' id='line_1_2' title="bbox 476 484 2472 576; baseline 0.002 -21"><span class='ocrx_word' id='word_1_10' title='bbox 476 496 620 555; x_wconf 88' lang='lat' dir='ltr'><strong>alias</strong></span> <span class='ocrx_word' id='word_1_11' title='bbox 658 510 783 553; x_wconf 88' lang='lat' dir='ltr'><strong>cum</strong></span> <span class='ocrx_word' id='word_1_12' title='bbox 822 484 970 552; x_wconf 82' lang='lat' dir='ltr'><strong>Iove</strong></span> <span class='ocrx_word' id='word_1_13' title='bbox 1011 492 1270 553; x_wconf 82' lang='lat' dir='ltr'>dextram</span> <span class='ocrx_word' id='word_1_14' title='bbox 1316 494 1588 569; x_wconf 75' lang='lat' dir='ltr'><strong>iungere:</strong></span> <span class='ocrx_word' id='word_1_15' title='bbox 1636 503 1696 555; x_wconf 90' lang='lat' dir='ltr'><strong>et</strong></span> <span class='ocrx_word' id='word_1_16' title='bbox 1746 493 2058 574; x_wconf 84' lang='lat' dir='ltr'><strong>Calpurnia</strong></span> <span class='ocrx_word' id='word_1_17' title='bbox 2109 513 2257 557; x_wconf 84' lang='lat' dir='ltr'><strong>uxor</strong></span> <span class='ocrx_word' id='word_1_18' title='bbox 2277 499 2472 576; x_wconf 84' lang='lat' dir='ltr'><strong>imagi-</strong></span> 
     </span>
     <span class='ocr_line' id='line_1_3' title="bbox 476 576 2472 658; baseline 0.003 -21"><span class='ocrx_word' id='word_1_19' title='bbox 476 588 607 639; x_wconf 87' lang='lat' dir='ltr'><strong>nata</strong></span> <span class='ocrx_word' id='word_1_20' title='bbox 633 585 754 655; x_wconf 86' lang='lat' dir='ltr'><strong>est,</strong></span> <span class='ocrx_word' id='word_1_21' title='bbox 801 576 1030 636; x_wconf 83' lang='lat' dir='ltr'><strong>conlabi</strong></span> <span class='ocrx_word' id='word_1_22' title='bbox 1062 578 1354 656; x_wconf 78' lang='lat' dir='ltr'><strong>fastigium</strong></span> <span class='ocrx_word' id='word_1_23' title='bbox 1388 577 1590 636; x_wconf 90' lang='lat' dir='ltr'><strong>domus</strong></span> <span class='ocrx_word' id='word_1_24' title='bbox 1623 582 2002 658; x_wconf 87' lang='lat' dir='ltr'><strong>maritumque</strong></span> <span class='ocrx_word' id='word_1_25' title='bbox 2025 582 2081 639; x_wconf 89' lang='lat' dir='ltr'><strong>in</strong></span> <span class='ocrx_word' id='word_1_26' title='bbox 2114 585 2339 657; x_wconf 86' lang='lat' dir='ltr'><strong>gremio</strong></span> <span class='ocrx_word' id='word_1_27' title='bbox 2367 598 2472 643; x_wconf 83' lang='lat' dir='ltr'><strong>suo</strong></span> 
     </span>
     <span class='ocr_line' id='line_1_4' title="bbox 479 659 2170 741; baseline 0.001 -19"><span class='ocrx_word' id='word_1_28' title='bbox 479 660 747 731; x_wconf 80' lang='lat' dir='ltr'><strong>confodi;</strong></span> <span class='ocrx_word' id='word_1_29' title='bbox 788 678 861 720; x_wconf 88' lang='lat' dir='ltr'><strong>ac</strong></span> <span class='ocrx_word' id='word_1_30' title='bbox 892 660 1083 719; x_wconf 86' lang='lat' dir='ltr'><strong>subito</strong></span> <span class='ocrx_word' id='word_1_31' title='bbox 1122 659 1373 720; x_wconf 78' lang='lat' dir='ltr'>cubiculi</span> <span class='ocrx_word' id='word_1_32' title='bbox 1409 661 1571 720; x_wconf 82' lang='lat' dir='ltr'><strong>fores</strong></span> <span class='ocrx_word' id='word_1_33' title='bbox 1605 672 1816 741; x_wconf 85' lang='lat' dir='ltr'><strong>sponte</strong></span> <span class='ocrx_word' id='word_1_34' title='bbox 1847 670 2170 741; x_wconf 87' lang='lat' dir='ltr'><strong>patuerunt.</strong></span> 
     </span>
    </p>

    <p class='ocr_par' dir='ltr' id='par_1_3' title="bbox 478 743 2544 1581">
     <span class='ocr_line' id='line_1_5' title="bbox 604 743 2472 826; baseline 0.001 -21"><span class='ocrx_word' id='word_1_35' title='bbox 604 745 693 805; x_wconf 87' lang='lat' dir='ltr'><strong>Ob</strong></span> <span class='ocrx_word' id='word_1_36' title='bbox 730 746 879 805; x_wconf 88' lang='lat' dir='ltr'><strong>haec</strong></span> <span class='ocrx_word' id='word_1_37' title='bbox 908 743 1075 803; x_wconf 86' lang='lat' dir='ltr'><strong>simul</strong></span> <span class='ocrx_word' id='word_1_38' title='bbox 1107 752 1167 803; x_wconf 92' lang='lat' dir='ltr'><strong>et</strong></span> <span class='ocrx_word' id='word_1_39' title='bbox 1199 743 1274 803; x_wconf 88' lang='lat' dir='ltr'><strong>ob</strong></span> <span class='ocrx_word' id='word_1_40' title='bbox 1314 746 1593 804; x_wconf 80' lang='lat' dir='ltr'><strong>infirmam</strong></span> <span class='ocrx_word' id='word_1_41' title='bbox 1621 746 1992 807; x_wconf 80' lang='lat' dir='ltr'><strong>valitudinem</strong></span> <span class='ocrx_word' id='word_1_42' title='bbox 2025 747 2120 807; x_wconf 92' lang='lat' dir='ltr'><strong>diu</strong></span> <span class='ocrx_word' id='word_1_43' title='bbox 2154 757 2472 826; x_wconf 88' lang='lat' dir='ltr'><strong>cunctatus,</strong></span> 
     </span>
     <span class='ocr_line' id='line_1_6' title="bbox 478 827 2521 911; baseline 0 -21"><span class='ocrx_word' id='word_1_44' title='bbox 478 850 550 891; x_wconf 90' lang='lat' dir='ltr'><strong>an</strong></span> <span class='ocrx_word' id='word_1_45' title='bbox 591 848 655 889; x_wconf 89' lang='lat' dir='ltr'><strong>se</strong></span> <span class='ocrx_word' id='word_1_46' title='bbox 693 830 1019 888; x_wconf 79' lang='lat' dir='ltr'><strong>contineret</strong></span> <span class='ocrx_word' id='word_1_47' title='bbox 1042 836 1101 887; x_wconf 93' lang='lat' dir='ltr'><strong>et</strong></span> <span class='ocrx_word' id='word_1_48' title='bbox 1142 844 1291 906; x_wconf 85' lang='lat' dir='ltr'><strong>quae</strong></span> <span class='ocrx_word' id='word_1_49' title='bbox 1337 827 1490 907; x_wconf 88' lang='lat' dir='ltr'><strong>apud</strong></span> <span class='ocrx_word' id='word_1_50' title='bbox 1545 839 1805 891; x_wconf 90' lang='lat' dir='ltr'><strong>senatum</strong></span> <span class='ocrx_word' id='word_1_51' title='bbox 1856 840 2250 909; x_wconf 79' lang='lat' dir='ltr'><strong>proposuerat</strong></span> <span class='ocrx_word' id='word_1_52' title='bbox 2298 851 2521 911; x_wconf 77' lang='lat' dir='ltr'><strong>ageres</strong></span> 
     </span>
     <span class='ocr_line' id='line_1_7' title="bbox 478 910 2476 995; baseline 0.001 -21"><span class='ocrx_word' id='word_1_53' title='bbox 478 915 769 988; x_wconf 76' lang='lat' dir='ltr'><strong>differret,</strong></span> <span class='ocrx_word' id='word_1_54' title='bbox 820 910 1051 972; x_wconf 85' lang='lat' dir='ltr'><strong>tandem</strong></span> <span class='ocrx_word' id='word_1_55' title='bbox 1100 911 1345 971; x_wconf 89' lang='lat' dir='ltr'><strong>Decimo</strong></span> <span class='ocrx_word' id='word_1_56' title='bbox 1402 912 1581 973; x_wconf 88' lang='lat' dir='ltr'><strong>Bruto</strong></span> <span class='ocrx_word' id='word_1_57' title='bbox 1627 913 2001 991; x_wconf 81' lang='lat' dir='ltr'><strong>adhortante,</strong></span> <span class='ocrx_word' id='word_1_58' title='bbox 2039 930 2112 975; x_wconf 86' lang='lat' dir='ltr'><strong>ne</strong></span> <span class='ocrx_word' id='word_1_59' title='bbox 2156 917 2476 995; x_wconf 80' lang='lat' dir='ltr'><strong>frequentis</strong></span> 
     </span>
     <span class='ocr_line' id='line_1_8' title="bbox 479 994 2474 1079; baseline 0 -19"><span class='ocrx_word' id='word_1_60' title='bbox 479 1018 549 1060; x_wconf 88' lang='lat' dir='ltr'><strong>ac</strong></span> <span class='ocrx_word' id='word_1_61' title='bbox 576 1000 689 1058; x_wconf 89' lang='lat' dir='ltr'><strong>iam</strong></span> <span class='ocrx_word' id='word_1_62' title='bbox 713 995 922 1057; x_wconf 89' lang='lat' dir='ltr'><strong>dudum</strong></span> <span class='ocrx_word' id='word_1_63' title='bbox 956 997 1317 1075; x_wconf 86' lang='lat' dir='ltr'><strong>opperientis</strong></span> <span class='ocrx_word' id='word_1_64' title='bbox 1353 994 1728 1074; x_wconf 88' lang='lat' dir='ltr'><strong>destitueret,</strong></span> <span class='ocrx_word' id='word_1_65' title='bbox 1772 1000 1967 1077; x_wconf 87' lang='lat' dir='ltr'><strong>quinta</strong></span> <span class='ocrx_word' id='word_1_66' title='bbox 2011 999 2138 1059; x_wconf 82' lang='lat' dir='ltr'><strong>fere</strong></span> <span class='ocrx_word' id='word_1_67' title='bbox 2169 1000 2314 1060; x_wconf 88' lang='lat' dir='ltr'><strong>hora</strong></span> <span class='ocrx_word' id='word_1_68' title='bbox 2342 1016 2474 1079; x_wconf 84' lang='lat' dir='ltr'><strong>pro·</strong></span> 
     </span>
     <span class='ocr_line' id='line_1_9' title="bbox 478 1077 2473 1162; baseline 0.001 -21"><span class='ocrx_word' id='word_1_69' title='bbox 478 1099 720 1160; x_wconf 83' lang='lat' dir='ltr'><strong>gressus</strong></span> <span class='ocrx_word' id='word_1_70' title='bbox 760 1077 1263 1157; x_wconf 73' lang='lat' dir='ltr'><strong>est,libellumque</strong></span> <span class='ocrx_word' id='word_1_71' title='bbox 1302 1080 1632 1140; x_wconf 89' lang='lat' dir='ltr'><strong>insidiarum</strong></span> <span class='ocrx_word' id='word_1_72' title='bbox 1679 1080 1962 1159; x_wconf 88' lang='lat' dir='ltr'><strong>indicem,</strong></span> <span class='ocrx_word' id='word_1_73' title='bbox 2019 1081 2090 1143; x_wconf 90' lang='lat' dir='ltr'><strong>ab</strong></span> <span class='ocrx_word' id='word_1_74' title='bbox 2127 1083 2302 1143; x_wconf 79' lang='lat' dir='ltr'><strong>obvio</strong></span> <span class='ocrx_word' id='word_1_75' title='bbox 2335 1102 2473 1162; x_wconf 92' lang='lat' dir='ltr'><strong>quo-</strong></span> 
     </span>
     <span class='ocr_line' id='line_1_10' title="bbox 480 1162 2476 1245; baseline -0.001 -19"><span class='ocrx_word' id='word_1_76' title='bbox 480 1168 607 1226; x_wconf 87' lang='lat' dir='ltr'><strong>dam</strong></span> <span class='ocrx_word' id='word_1_77' title='bbox 638 1170 1006 1245; x_wconf 88' lang='lat' dir='ltr'><strong>porrectum,</strong></span> <span class='ocrx_word' id='word_1_78' title='bbox 1052 1162 1269 1223; x_wconf 84' lang='lat' dir='ltr'><strong>libellis</strong></span> <span class='ocrx_word' id='word_1_79' title='bbox 1303 1166 1549 1241; x_wconf 88' lang='lat' dir='ltr'><strong>ceteris,</strong></span> <span class='ocrx_word' id='word_1_80' title='bbox 1592 1182 1742 1244; x_wconf 89' lang='lat' dir='ltr'><strong>quos</strong></span> <span class='ocrx_word' id='word_1_81' title='bbox 1777 1166 2006 1226; x_wconf 87' lang='lat' dir='ltr'><strong>sinistra</strong></span> <span class='ocrx_word' id='word_1_82' title='bbox 2043 1184 2210 1226; x_wconf 87' lang='lat' dir='ltr'><strong>manu</strong></span> <span class='ocrx_word' id='word_1_83' title='bbox 2244 1166 2476 1227; x_wconf 89' lang='lat' dir='ltr'><strong>tenebat</strong></span> 
     </span>
     <span class='ocr_line' id='line_1_11' title="bbox 480 1246 2544 1329; baseline 0 -20"><span class='ocrx_word' id='word_1_84' title='bbox 480 1252 640 1329; x_wconf 85' lang='lat' dir='ltr'><strong>quasi</strong></span> <span class='ocrx_word' id='word_1_85' title='bbox 674 1265 812 1308; x_wconf 84' lang='lat' dir='ltr'><strong>mox</strong></span> <span class='ocrx_word' id='word_1_86' title='bbox 852 1246 1141 1324; x_wconf 86' lang='lat' dir='ltr'><strong>lecturus,</strong></span> <span class='ocrx_word' id='word_1_87' title='bbox 1186 1249 1566 1307; x_wconf 80' lang='lat' dir='ltr'><strong>commiscuit.</strong></span> <span class='ocrx_word' id='word_1_88' title='bbox 1610 1249 1760 1308; x_wconf 83' lang='lat' dir='ltr'><strong>Dein</strong></span> <span class='ocrx_word' id='word_1_89' title='bbox 1802 1250 2062 1329; x_wconf 86' lang='lat' dir='ltr'><strong>pluribus</strong></span> <span class='ocrx_word' id='word_1_90' title='bbox 2103 1250 2310 1311; x_wconf 83' lang='lat' dir='ltr'><strong>hostiis</strong></span> <span class='ocrx_word' id='word_1_91' title='bbox 2347 1268 2473 1309; x_wconf 90' lang='lat' dir='ltr'><strong>cae·</strong></span> <span class='ocrx_word' id='word_1_92' title='bbox 2496 1268 2544 1310; x_wconf 74' lang='lat' dir='ltr'><strong>ie</strong></span> 
     </span>
     <span class='ocr_line' id='line_1_12' title="bbox 480 1330 2478 1413; baseline -0.001 -20"><span class='ocrx_word' id='word_1_93' title='bbox 480 1336 591 1409; x_wconf 88' lang='lat' dir='ltr'><strong>sis,</strong></span> <span class='ocrx_word' id='word_1_94' title='bbox 641 1350 769 1391; x_wconf 91' lang='lat' dir='ltr'><strong>cum</strong></span> <span class='ocrx_word' id='word_1_95' title='bbox 802 1330 969 1390; x_wconf 86' lang='lat' dir='ltr'><strong>litare</strong></span> <span class='ocrx_word' id='word_1_96' title='bbox 994 1346 1113 1389; x_wconf 85' lang='lat' dir='ltr'><strong>uon</strong></span> <span class='ocrx_word' id='word_1_97' title='bbox 1158 1340 1396 1410; x_wconf 88' lang='lat' dir='ltr'><strong>posset,</strong></span> <span class='ocrx_word' id='word_1_98' title='bbox 1441 1334 1664 1391; x_wconf 89' lang='lat' dir='ltr'><strong>introiit</strong></span> <span class='ocrx_word' id='word_1_99' title='bbox 1709 1335 1925 1393; x_wconf 88' lang='lat' dir='ltr'><strong>curiam</strong></span> <span class='ocrx_word' id='word_1_100' title='bbox 1959 1343 2158 1413; x_wconf 88' lang='lat' dir='ltr'><strong>spreta</strong></span> <span class='ocrx_word' id='word_1_101' title='bbox 2187 1334 2478 1412; x_wconf 85' lang='lat' dir='ltr'><strong>religione</strong></span> 
     </span>
     <span class='ocr_line' id='line_1_13' title="bbox 480 1412 2482 1498; baseline -0.001 -21"><span class='ocrx_word' id='word_1_102' title='bbox 480 1419 937 1498; x_wconf 87' lang='lat' dir='ltr'><strong>Spurinnamque</strong></span> <span class='ocrx_word' id='word_1_103' title='bbox 971 1412 1217 1473; x_wconf 86' lang='lat' dir='ltr'><strong>irridens</strong></span> <span class='ocrx_word' id='word_1_104' title='bbox 1251 1424 1311 1474; x_wconf 90' lang='lat' dir='ltr'><strong>et</strong></span> <span class='ocrx_word' id='word_1_105' title='bbox 1342 1424 1406 1473; x_wconf 86' lang='lat' dir='ltr'><strong>ut</strong></span> <span class='ocrx_word' id='word_1_106' title='bbox 1433 1416 1641 1476; x_wconf 79' lang='lat' dir='ltr'><strong>falsum</strong></span> <span class='ocrx_word' id='word_1_107' title='bbox 1673 1434 1959 1494; x_wconf 84' lang='lat' dir='ltr'><strong>arguens,</strong></span> <span class='ocrx_word' id='word_1_108' title='bbox 2007 1418 2162 1497; x_wconf 80' lang='lat' dir='ltr'><strong>quod</strong></span> <span class='ocrx_word' id='word_1_109' title='bbox 2203 1420 2328 1477; x_wconf 87' lang='lat' dir='ltr'><strong>sine</strong></span> <span class='ocrx_word' id='word_1_110' title='bbox 2362 1418 2482 1476; x_wconf 89' lang='lat' dir='ltr'><strong>ulla</strong></span> 
     </span>
     <span class='ocr_line' id='line_1_14' title="bbox 481 1494 2480 1581; baseline -0.001 -20"><span class='ocrx_word' id='word_1_111' title='bbox 481 1520 584 1561; x_wconf 87' lang='lat' dir='ltr'><strong>sua</strong></span> <span class='ocrx_word' id='word_1_112' title='bbox 624 1517 779 1559; x_wconf 88' lang='lat' dir='ltr'><strong>noxa</strong></span> <span class='ocrx_word' id='word_1_113' title='bbox 820 1494 955 1557; x_wconf 89' lang='lat' dir='ltr'><strong>Idus</strong></span> <span class='ocrx_word' id='word_1_114' title='bbox 993 1496 1233 1558; x_wconf 78' lang='lat' dir='ltr'><strong>Martiae</strong></span> <span class='ocrx_word' id='word_1_115' title='bbox 1271 1498 1574 1559; x_wconf 82' lang='lat' dir='ltr'><strong>adessent:</strong></span> <span class='ocrx_word' id='word_1_116' title='bbox 1628 1516 1963 1581; x_wconf 87' lang='lat' dir='ltr'><strong>quamquam</strong></span> <span class='ocrx_word' id='word_1_117' title='bbox 1995 1503 2046 1561; x_wconf 89' lang='lat' dir='ltr'><strong>is</strong></span> <span class='ocrx_word' id='word_1_118' title='bbox 2085 1504 2320 1560; x_wconf 85' lang='lat' dir='ltr'><strong>venisse</strong></span> <span class='ocrx_word' id='word_1_119' title='bbox 2357 1502 2480 1579; x_wconf 92' lang='lat' dir='ltr'><strong>qui-</strong></span> 
     </span>
    </p>

    <p class='ocr_par' dir='ltr' id='par_1_4' title="bbox 394 1581 2566 3171">
     <span class='ocr_line' id='line_1_15' title="bbox 394 1581 2479 1662; baseline -0.003 -15"><span class='ocrx_word' id='word_1_120' title='bbox 394 1598 463 1654; x_wconf 76' lang='lat'><strong>82</strong></span> <span class='ocrx_word' id='word_1_121' title='bbox 486 1586 616 1647; x_wconf 89' lang='lat' dir='ltr'><strong>dem</strong></span> <span class='ocrx_word' id='word_1_122' title='bbox 652 1600 753 1643; x_wconf 89' lang='lat' dir='ltr'><strong>eas</strong></span> <span class='ocrx_word' id='word_1_123' title='bbox 798 1581 1050 1657; x_wconf 84' lang='lat' dir='ltr'><strong>diceret,</strong></span> <span class='ocrx_word' id='word_1_124' title='bbox 1096 1581 1200 1643; x_wconf 82' lang='lat' dir='ltr'><strong>scd</strong></span> <span class='ocrx_word' id='word_1_125' title='bbox 1237 1600 1355 1642; x_wconf 93' lang='lat' dir='ltr'><strong>non</strong></span> <span class='ocrx_word' id='word_1_126' title='bbox 1394 1582 1766 1661; x_wconf 86' lang='lat' dir='ltr'><strong>praeterisse.</strong></span> <span class='ocrx_word' id='word_1_127' title='bbox 1833 1584 2200 1645; x_wconf 87' lang='lat' dir='ltr'><strong>Assidentem</strong></span> <span class='ocrx_word' id='word_1_128' title='bbox 2246 1586 2479 1662; x_wconf 90' lang='lat' dir='ltr'><strong>conspi-</strong></span> 
     </span>
     <span class='ocr_line' id='line_1_16' title="bbox 483 1665 2549 1749; baseline 0 -20"><span class='ocrx_word' id='word_1_129' title='bbox 483 1671 591 1730; x_wconf 83' lang='lat' dir='ltr'><strong>rati</strong></span> <span class='ocrx_word' id='word_1_130' title='bbox 636 1667 839 1746; x_wconf 87' lang='lat' dir='ltr'><strong>specie</strong></span> <span class='ocrx_word' id='word_1_131' title='bbox 880 1665 1061 1725; x_wconf 84' lang='lat' dir='ltr'><strong>officii</strong></span> <span class='ocrx_word' id='word_1_132' title='bbox 1106 1666 1634 1737; x_wconf 82' lang='lat' dir='ltr'><strong>circumsteterunt:</strong></span> <span class='ocrx_word' id='word_1_133' title='bbox 1691 1669 1948 1749; x_wconf 86' lang='lat' dir='ltr'><strong>ilicoque</strong></span> <span class='ocrx_word' id='word_1_134' title='bbox 1983 1667 2216 1729; x_wconf 84' lang='lat' dir='ltr'><strong>Cimber</strong></span> <span class='ocrx_word' id='word_1_135' title='bbox 2252 1666 2477 1744; x_wconf 88' lang='lat' dir='ltr'><strong>Tillius,</strong></span> <span class='ocrx_word' id='word_1_136' title='bbox 2499 1688 2549 1729; x_wconf 75' lang='lat'><strong>15</strong></span> 
     </span>
     <span class='ocr_line' id='line_1_17' title="bbox 480 1752 2479 1834; baseline -0.001 -22"><span class='ocrx_word' id='word_1_137' title='bbox 480 1756 575 1834; x_wconf 88' lang='lat' dir='ltr'><strong>qui</strong></span> <span class='ocrx_word' id='word_1_138' title='bbox 622 1753 835 1832; x_wconf 89' lang='lat' dir='ltr'><strong>primas</strong></span> <span class='ocrx_word' id='word_1_139' title='bbox 878 1758 1079 1829; x_wconf 88' lang='lat' dir='ltr'><strong>partes</strong></span> <span class='ocrx_word' id='word_1_140' title='bbox 1126 1759 1496 1830; x_wconf 85' lang='lat' dir='ltr'><strong>susceperat,</strong></span> <span class='ocrx_word' id='word_1_141' title='bbox 1543 1754 1708 1830; x_wconf 88' lang='lat' dir='ltr'><strong>quasi</strong></span> <span class='ocrx_word' id='word_1_142' title='bbox 1758 1752 1972 1831; x_wconf 90' lang='lat' dir='ltr'><strong>aliquid</strong></span> <span class='ocrx_word' id='word_1_143' title='bbox 2004 1762 2312 1828; x_wconf 86' lang='lat' dir='ltr'><strong>rogaturus</strong></span> <span class='ocrx_word' id='word_1_144' title='bbox 2346 1768 2479 1829; x_wconf 89' lang='lat' dir='ltr'><strong>pro-</strong></span> 
     </span>
     <span class='ocr_line' id='line_1_18' title="bbox 481 1834 2478 1917; baseline -0.002 -20"><span class='ocrx_word' id='word_1_145' title='bbox 481 1839 610 1917; x_wconf 88' lang='lat' dir='ltr'><strong>pius</strong></span> <span class='ocrx_word' id='word_1_146' title='bbox 657 1837 942 1910; x_wconf 87' lang='lat' dir='ltr'><strong>accessit,</strong></span> <span class='ocrx_word' id='word_1_147' title='bbox 980 1836 1361 1913; x_wconf 88' lang='lat' dir='ltr'><strong>renuentique</strong></span> <span class='ocrx_word' id='word_1_148' title='bbox 1415 1844 1474 1893; x_wconf 91' lang='lat' dir='ltr'><strong>et</strong></span> <span class='ocrx_word' id='word_1_149' title='bbox 1524 1844 1697 1913; x_wconf 82' lang='lat' dir='ltr'><strong>gestu</strong></span> <span class='ocrx_word' id='word_1_150' title='bbox 1751 1837 1808 1893; x_wconf 89' lang='lat' dir='ltr'><strong>in</strong></span> <span class='ocrx_word' id='word_1_151' title='bbox 1859 1835 2011 1895; x_wconf 90' lang='lat' dir='ltr'><strong>aliud</strong></span> <span class='ocrx_word' id='word_1_152' title='bbox 2051 1844 2278 1915; x_wconf 88' lang='lat' dir='ltr'><strong>tempus</strong></span> <span class='ocrx_word' id='word_1_153' title='bbox 2321 1834 2478 1894; x_wconf 81' lang='lat' dir='ltr'><strong>diffe-</strong></span> 
     </span>
     <span class='ocr_line' id='line_1_19' title="bbox 480 1918 2476 1997; baseline -0.003 -16"><span class='ocrx_word' id='word_1_154' title='bbox 480 1921 629 1981; x_wconf 87' lang='lat' dir='ltr'><strong>renti</strong></span> <span class='ocrx_word' id='word_1_155' title='bbox 663 1918 735 1979; x_wconf 88' lang='lat' dir='ltr'><strong>ab</strong></span> <span class='ocrx_word' id='word_1_156' title='bbox 767 1926 1014 1996; x_wconf 88' lang='lat' dir='ltr'><strong>utroque</strong></span> <span class='ocrx_word' id='word_1_157' title='bbox 1048 1935 1251 1977; x_wconf 86' lang='lat' dir='ltr'><strong>umero</strong></span> <span class='ocrx_word' id='word_1_158' title='bbox 1302 1927 1502 1995; x_wconf 78' lang='lat' dir='ltr'><strong>togam</strong></span> <span class='ocrx_word' id='word_1_159' title='bbox 1539 1918 1951 1997; x_wconf 84' lang='lat' dir='ltr'><strong>adprehendit:</strong></span> <span class='ocrx_word' id='word_1_160' title='bbox 1996 1918 2204 1979; x_wconf 89' lang='lat' dir='ltr'><strong>deinde</strong></span> <span class='ocrx_word' id='word_1_161' title='bbox 2237 1919 2476 1979; x_wconf 86' lang='lat' dir='ltr'><strong>claman-</strong></span> 
     </span>
     <span class='ocr_line' id='line_1_20' title="bbox 482 1999 2478 2079; baseline -0.003 -15"><span class='ocrx_word' id='word_1_162' title='bbox 482 2015 630 2065; x_wconf 85' lang='lat' dir='ltr'><strong>tem:</strong></span> <span class='ocrx_word' id='word_1_163' title='bbox 675 1999 813 2061; x_wconf 72' lang='lat' dir='ltr'><strong>Ista</strong></span> <span class='ocrx_word' id='word_1_164' title='bbox 845 2000 1211 2079; x_wconf 72' lang='lat' dir='ltr'><strong>quidm-vis</strong></span> <span class='ocrx_word' id='word_1_165' title='bbox 1248 2009 1375 2078; x_wconf 80' lang='lat' dir='ltr'><strong>est,</strong></span> <span class='ocrx_word' id='word_1_166' title='bbox 1417 2002 1566 2063; x_wconf 87' lang='lat' dir='ltr'><strong>alter</strong></span> <span class='ocrx_word' id='word_1_167' title='bbox 1597 2020 1632 2061; x_wconf 89' lang='lat' dir='ltr'><strong>e</strong></span> <span class='ocrx_word' id='word_1_168' title='bbox 1664 2002 1866 2064; x_wconf 78' lang='lat' dir='ltr'><strong>Cascis</strong></span> <span class='ocrx_word' id='word_1_169' title='bbox 1903 2021 2168 2063; x_wconf 88' lang='lat' dir='ltr'><strong>aversum</strong></span> <span class='ocrx_word' id='word_1_170' title='bbox 2199 2002 2478 2077; x_wconf 85' lang='lat' dir='ltr'><strong>vulnerat,</strong></span> 
     </span>
     <span class='ocr_line' id='line_1_21' title="bbox 482 2084 2552 2167; baseline -0.003 -18"><span class='ocrx_word' id='word_1_171' title='bbox 482 2088 715 2167; x_wconf 89' lang='lat' dir='ltr'><strong>paulum</strong></span> <span class='ocrx_word' id='word_1_172' title='bbox 768 2085 917 2145; x_wconf 82' lang='lat' dir='ltr'><strong>infra</strong></span> <span class='ocrx_word' id='word_1_173' title='bbox 954 2086 1229 2163; x_wconf 84' lang='lat' dir='ltr'><strong>iugulum.</strong></span> <span class='ocrx_word' id='word_1_174' title='bbox 1260 2146 1267 2153; x_wconf 82' lang='grc'><em>,</em></span> <span class='ocrx_word' id='word_1_175' title='bbox 1303 2084 1523 2147; x_wconf 86' lang='lat' dir='ltr'><strong>Caesar</strong></span> <span class='ocrx_word' id='word_1_176' title='bbox 1575 2085 1801 2147; x_wconf 84' lang='lat' dir='ltr'><strong>Cascae</strong></span> <span class='ocrx_word' id='word_1_177' title='bbox 1845 2087 2140 2147; x_wconf 86' lang='lat' dir='ltr'><strong>brachium</strong></span> <span class='ocrx_word' id='word_1_178' title='bbox 2190 2094 2479 2164; x_wconf 86' lang='lat' dir='ltr'><strong>arreptum</strong></span> <span class='ocrx_word' id='word_1_179' title='bbox 2499 2099 2552 2139; x_wconf 77' lang='lat'><strong>20</strong></span> 
     </span>
     <span class='ocr_line' id='line_1_22' title="bbox 484 2160 2480 2251; baseline -0.002 -20"><span class='ocrx_word' id='word_1_180' title='bbox 484 2170 731 2251; x_wconf 81' lang='lat' dir='ltr'><strong>graphio</strong></span> <span class='ocrx_word' id='word_1_181' title='bbox 766 2170 1023 2246; x_wconf 85' lang='lat' dir='ltr'><strong>traiecit,</strong></span> <span class='ocrx_word' id='word_1_182' title='bbox 1079 2178 1435 2249; x_wconf 88' lang='lat' dir='ltr'><strong>conatusque</strong></span> <span class='ocrx_word' id='word_1_183' title='bbox 1480 2160 1754 2250; x_wconf 73' lang='lat' dir='ltr'><strong>prosilire</strong></span> <span class='ocrx_word' id='word_1_184' title='bbox 1802 2171 1917 2231; x_wconf 91' lang='lat' dir='ltr'><strong>alio</strong></span> <span class='ocrx_word' id='word_1_185' title='bbox 1953 2171 2193 2231; x_wconf 83' lang='lat' dir='ltr'><strong>vulnere</strong></span> <span class='ocrx_word' id='word_1_186' title='bbox 2225 2168 2480 2229; x_wconf 82' lang='lat' dir='ltr'><strong>tardatus</strong></span> 
     </span>
     <span class='ocr_line' id='line_1_23' title="bbox 486 2249 2482 2333; baseline -0.003 -17"><span class='ocrx_word' id='word_1_187' title='bbox 486 2264 603 2325; x_wconf 89' lang='lat' dir='ltr'><strong>est;</strong></span> <span class='ocrx_word' id='word_1_188' title='bbox 646 2264 823 2333; x_wconf 86' lang='lat' dir='ltr'><strong>utque</strong></span> <span class='ocrx_word' id='word_1_189' title='bbox 862 2253 1263 2314; x_wconf 86' lang='lat' dir='ltr'><strong>animadvertit</strong></span> <span class='ocrx_word' id='word_1_190' title='bbox 1305 2254 1554 2333; x_wconf 91' lang='lat' dir='ltr'><strong>undique</strong></span> <span class='ocrx_word' id='word_1_191' title='bbox 1594 2274 1660 2314; x_wconf 90' lang='lat' dir='ltr'><strong>se</strong></span> <span class='ocrx_word' id='word_1_192' title='bbox 1693 2256 1910 2313; x_wconf 88' lang='lat' dir='ltr'><strong>strictis</strong></span> <span class='ocrx_word' id='word_1_193' title='bbox 1945 2252 2295 2333; x_wconf 83' lang='lat' dir='ltr'><strong>pugionibus</strong></span> <span class='ocrx_word' id='word_1_194' title='bbox 2339 2249 2482 2331; x_wconf 83' lang='lat' dir='ltr'><strong>peti,</strong></span> 
     </span>
     <span class='ocr_line' id='line_1_24' title="bbox 483 2336 2484 2417; baseline -0.002 -17"><span class='ocrx_word' id='word_1_195' title='bbox 483 2350 625 2417; x_wconf 84' lang='lat' dir='ltr'><strong>toga</strong></span> <span class='ocrx_word' id='word_1_196' title='bbox 651 2345 827 2417; x_wconf 51' lang='lat' dir='ltr'><strong>&gt;caput</strong></span> <span class='ocrx_word' id='word_1_197' title='bbox 858 2337 1154 2415; x_wconf 81' lang='lat' dir='ltr'><strong>obvolvit,</strong></span> <span class='ocrx_word' id='word_1_198' title='bbox 1200 2338 1368 2399; x_wconf 90' lang='lat' dir='ltr'><strong>simul</strong></span> <span class='ocrx_word' id='word_1_199' title='bbox 1409 2340 1638 2398; x_wconf 88' lang='lat' dir='ltr'><strong>sinistra</strong></span> <span class='ocrx_word' id='word_1_200' title='bbox 1661 2353 1830 2397; x_wconf 87' lang='lat' dir='ltr'><strong>manu</strong></span> <span class='ocrx_word' id='word_1_201' title='bbox 1855 2340 2037 2396; x_wconf 88' lang='lat' dir='ltr'><strong>sinum</strong></span> <span class='ocrx_word' id='word_1_202' title='bbox 2069 2336 2142 2398; x_wconf 85' lang='lat' dir='ltr'><strong>ad</strong></span> <span class='ocrx_word' id='word_1_203' title='bbox 2175 2338 2286 2397; x_wconf 83' lang='lat' dir='ltr'><strong>ima</strong></span> <span class='ocrx_word' id='word_1_204' title='bbox 2316 2354 2484 2396; x_wconf 86' lang='lat' dir='ltr'><strong>crura</strong></span> 
     </span>
     <span class='ocr_line' id='line_1_25' title="bbox 485 2420 2494 2499; baseline -0.003 -15"><span class='ocrx_word' id='word_1_205' title='bbox 485 2423 751 2498; x_wconf 84' lang='lat' dir='ltr'><strong>deduxit,</strong></span> <span class='ocrx_word' id='word_1_206' title='bbox 830 2438 944 2499; x_wconf 87' lang='lat' dir='ltr'><strong>quo</strong></span> <span class='ocrx_word' id='word_1_207' title='bbox 1000 2422 1301 2482; x_wconf 87' lang='lat' dir='ltr'><strong>honestius</strong></span> <span class='ocrx_word' id='word_1_208' title='bbox 1355 2422 1592 2482; x_wconf 84' lang='lat' dir='ltr'><strong>caderet</strong></span> <span class='ocrx_word' id='word_1_209' title='bbox 1654 2422 1826 2481; x_wconf 89' lang='lat' dir='ltr'><strong>etiam</strong></span> <span class='ocrx_word' id='word_1_210' title='bbox 1879 2422 2158 2481; x_wconf 83' lang='lat' dir='ltr'><strong>inferiore</strong></span> <span class='ocrx_word' id='word_1_211' title='bbox 2212 2420 2494 2498; x_wconf 87' lang='lat' dir='ltr'><strong>corporis-</strong></span> 
     </span>
     <span class='ocr_line' id='line_1_26' title="bbox 485 2504 2558 2587; baseline -0.004 -20"><span class='ocrx_word' id='word_1_212' title='bbox 485 2516 649 2587; x_wconf 88' lang='lat' dir='ltr'><strong>parte</strong></span> <span class='ocrx_word' id='word_1_213' title='bbox 696 2505 906 2565; x_wconf 84' lang='lat' dir='ltr'><strong>velata.</strong></span> <span class='ocrx_word' id='word_1_214' title='bbox 974 2504 1168 2584; x_wconf 83' lang='lat' dir='ltr'><strong>Atque</strong></span> <span class='ocrx_word' id='word_1_215' title='bbox 1214 2508 1295 2565; x_wconf 89' lang='lat' dir='ltr'><strong>ita</strong></span> <span class='ocrx_word' id='word_1_216' title='bbox 1344 2506 1528 2565; x_wconf 91' lang='lat' dir='ltr'><strong>tribus</strong></span> <span class='ocrx_word' id='word_1_217' title='bbox 1578 2513 1638 2564; x_wconf 90' lang='lat' dir='ltr'><strong>et</strong></span> <span class='ocrx_word' id='word_1_218' title='bbox 1675 2506 1878 2582; x_wconf 80' lang='lat' dir='ltr'><strong>viginti</strong></span> <span class='ocrx_word' id='word_1_219' title='bbox 1930 2505 2120 2584; x_wconf 80' lang='lat' dir='ltr'><strong>plag-is</strong></span> <span class='ocrx_word' id='word_1_220' title='bbox 2173 2504 2482 2567; x_wconf 83' lang='lat' dir='ltr'><strong>confossus</strong></span> <span class='ocrx_word' id='word_1_221' title='bbox 2502 2520 2558 2559; x_wconf 87' lang='lat'><strong>25</strong></span> 
     </span>
     <span class='ocr_line' id='line_1_27' title="bbox 485 2586 2481 2668; baseline -0.002 -18"><span class='ocrx_word' id='word_1_222' title='bbox 485 2600 605 2665; x_wconf 83' lang='lat' dir='ltr'><strong>est,</strong></span> <span class='ocrx_word' id='word_1_223' title='bbox 649 2606 793 2647; x_wconf 91' lang='lat' dir='ltr'><strong>uno·</strong></span> <span class='ocrx_word' id='word_1_224' title='bbox 821 2588 995 2649; x_wconf 87' lang='lat' dir='ltr'><strong>modo</strong></span> <span class='ocrx_word' id='word_1_225' title='bbox 1035 2589 1106 2649; x_wconf 88' lang='lat' dir='ltr'><strong>ad</strong></span> <span class='ocrx_word' id='word_1_226' title='bbox 1151 2592 1395 2668; x_wconf 90' lang='lat' dir='ltr'><strong>primum</strong></span> <span class='ocrx_word' id='word_1_227' title='bbox 1445 2592 1620 2649; x_wconf 91' lang='lat' dir='ltr'><strong>ictum</strong></span> <span class='ocrx_word' id='word_1_228' title='bbox 1662 2590 1878 2665; x_wconf 86' lang='lat' dir='ltr'><strong>gemitu</strong></span> <span class='ocrx_word' id='word_1_229' title='bbox 1921 2590 2047 2648; x_wconf 88' lang='lat' dir='ltr'><strong>sine</strong></span> <span class='ocrx_word' id='word_1_230' title='bbox 2090 2604 2242 2647; x_wconf 82' lang='lat' dir='ltr'><strong>voce</strong></span> <span class='ocrx_word' id='word_1_231' title='bbox 2293 2586 2481 2654; x_wconf 90' lang='lat' dir='ltr'><strong>edito;</strong></span> 
     </span>
     <span class='ocr_line' id='line_1_28' title="bbox 486 2663 2487 2752; baseline -0.001 -19"><span class='ocrx_word' id='word_1_232' title='bbox 486 2676 597 2734; x_wconf 92' lang='lat' dir='ltr'><strong>etsi</strong></span> <span class='ocrx_word' id='word_1_233' title='bbox 642 2671 995 2733; x_wconf 87' lang='lat' dir='ltr'><strong>tradiderunt</strong></span> <span class='ocrx_word' id='word_1_234' title='bbox 1038 2673 1267 2752; x_wconf 88' lang='lat' dir='ltr'><strong>quidam</strong></span> <span class='ocrx_word' id='word_1_235' title='bbox 1303 2674 1504 2733; x_wconf 83' lang='lat' dir='ltr'><strong>Marco</strong></span> <span class='ocrx_word' id='word_1_236' title='bbox 1546 2668 1725 2733; x_wconf 88' lang='lat' dir='ltr'><strong>Bruto</strong></span> <span class='ocrx_word' id='word_1_237' title='bbox 1771 2674 2009 2732; x_wconf 86' lang='lat' dir='ltr'><strong>irruenti</strong></span> <span class='ocrx_word' id='word_1_238' title='bbox 2057 2671 2305 2747; x_wconf 81' lang='lat' dir='ltr'><strong>dixisse:</strong></span> <span class='ocrx_word' id='word_1_239' title='bbox 2349 2663 2487 2731; x_wconf 82' lang='grc' dir='ltr'><strong>Καὶ</strong></span> 
     </span>
     <span class='ocr_line' id='line_1_29' title="bbox 486 2747 2486 2834; baseline -0.003 -16"><span class='ocrx_word' id='word_1_240' title='bbox 486 2747 573 2818; x_wconf 77' lang='grc' dir='ltr'><strong>σὺ</strong></span> <span class='ocrx_word' id='word_1_241' title='bbox 621 2752 893 2831; x_wconf 84' lang='grc' dir='ltr'><strong>τέκνον;</strong></span> <span class='ocrx_word' id='word_1_242' title='bbox 936 2756 1265 2833; x_wconf 77' lang='lat' dir='ltr'><strong>ExanimiS,</strong></span> <span class='ocrx_word' id='word_1_243' title='bbox 1336 2755 1771 2834; x_wconf 83' lang='lat' dir='ltr'><strong>diffugientibus</strong></span> <span class='ocrx_word' id='word_1_244' title='bbox 1831 2758 2084 2833; x_wconf 84' lang='lat' dir='ltr'><strong>cunctis,</strong></span> <span class='ocrx_word' id='word_1_245' title='bbox 2159 2755 2486 2834; x_wconf 87' lang='lat' dir='ltr'><strong>aliquandiu</strong></span> 
     </span>
     <span class='ocr_line' id='line_1_30' title="bbox 486 2838 2486 2919; baseline -0.003 -18"><span class='ocrx_word' id='word_1_246' title='bbox 486 2841 693 2916; x_wconf 88' lang='lat' dir='ltr'><strong>iacuit,</strong></span> <span class='ocrx_word' id='word_1_247' title='bbox 738 2840 929 2900; x_wconf 88' lang='lat' dir='ltr'><strong>donec</strong></span> <span class='ocrx_word' id='word_1_248' title='bbox 965 2841 1215 2901; x_wconf 87' lang='lat' dir='ltr'><strong>lecticae</strong></span> <span class='ocrx_word' id='word_1_249' title='bbox 1246 2844 1605 2919; x_wconf 89' lang='lat' dir='ltr'><strong>impositum,</strong></span> <span class='ocrx_word' id='word_1_250' title='bbox 1650 2839 2017 2919; x_wconf 88' lang='lat' dir='ltr'><strong>dependente</strong></span> <span class='ocrx_word' id='word_1_251' title='bbox 2051 2838 2316 2916; x_wconf 80' lang='lat' dir='ltr'><strong>brachio,</strong></span> <span class='ocrx_word' id='word_1_252' title='bbox 2362 2848 2486 2897; x_wconf 88' lang='lat' dir='ltr'><strong>tres</strong></span> 
     </span>
     <span class='ocr_line' id='line_1_31' title="bbox 488 2922 2566 2999; baseline -0.003 -14"><span class='ocrx_word' id='word_1_253' title='bbox 488 2925 709 2985; x_wconf 83' lang='lat' dir='ltr'><strong>servoli</strong></span> <span class='ocrx_word' id='word_1_254' title='bbox 754 2924 986 2984; x_wconf 89' lang='lat' dir='ltr'><strong>domum</strong></span> <span class='ocrx_word' id='word_1_255' title='bbox 1032 2925 1367 2985; x_wconf 89' lang='lat' dir='ltr'><strong>retulerunt.</strong></span> <span class='ocrx_word' id='word_1_256' title='bbox 1419 2924 1548 2985; x_wconf 84' lang='lat' dir='ltr'><strong>Nec</strong></span> <span class='ocrx_word' id='word_1_257' title='bbox 1590 2926 1647 2983; x_wconf 90' lang='lat' dir='ltr'><strong>in</strong></span> <span class='ocrx_word' id='word_1_258' title='bbox 1695 2932 1782 2983; x_wconf 88' lang='lat' dir='ltr'><strong>tot</strong></span> <span class='ocrx_word' id='word_1_259' title='bbox 1829 2922 2193 2999; x_wconf 75' lang='lat' dir='ltr'><strong>vulneribuS‚</strong></span> <span class='ocrx_word' id='word_1_260' title='bbox 2248 2930 2310 2981; x_wconf 91' lang='lat' dir='ltr'><strong>ut</strong></span> <span class='ocrx_word' id='word_1_261' title='bbox 2363 2922 2566 2981; x_wconf 74' lang='lat' dir='ltr'><strong>An-ao</strong></span> 
     </span>
     <span class='ocr_line' id='line_1_32' title="bbox 484 3006 2486 3086; baseline -0.002 -18"><span class='ocrx_word' id='word_1_262' title='bbox 484 3010 673 3069; x_wconf 88' lang='lat' dir='ltr'><strong>tistius</strong></span> <span class='ocrx_word' id='word_1_263' title='bbox 705 3006 962 3068; x_wconf 88' lang='lat' dir='ltr'><strong>medicus</strong></span> <span class='ocrx_word' id='word_1_264' title='bbox 1004 3008 1399 3084; x_wconf 83' lang='lat' dir='ltr'><strong>existimabat,</strong></span> <span class='ocrx_word' id='word_1_265' title='bbox 1445 3008 1622 3068; x_wconf 88' lang='lat' dir='ltr'><strong>letale</strong></span> <span class='ocrx_word' id='word_1_266' title='bbox 1655 3008 1831 3067; x_wconf 89' lang='lat' dir='ltr'><strong>ullum</strong></span> <span class='ocrx_word' id='word_1_267' title='bbox 1873 3016 2168 3086; x_wconf 89' lang='lat' dir='ltr'><strong>repertum</strong></span> <span class='ocrx_word' id='word_1_268' title='bbox 2205 3014 2328 3083; x_wconf 87' lang='lat' dir='ltr'><strong>est,</strong></span> <span class='ocrx_word' id='word_1_269' title='bbox 2369 3006 2486 3063; x_wconf 91' lang='lat' dir='ltr'><strong>nisi</strong></span> 
     </span>
     <span class='ocr_line' id='line_1_33' title="bbox 486 3090 1832 3171; baseline -0.001 -19"><span class='ocrx_word' id='word_1_270' title='bbox 486 3090 642 3171; x_wconf 88' lang='lat' dir='ltr'><strong>quod</strong></span> <span class='ocrx_word' id='word_1_271' title='bbox 672 3091 929 3153; x_wconf 89' lang='lat' dir='ltr'><strong>secundo</strong></span> <span class='ocrx_word' id='word_1_272' title='bbox 961 3092 1101 3154; x_wconf 91' lang='lat' dir='ltr'><strong>loco</strong></span> <span class='ocrx_word' id='word_1_273' title='bbox 1134 3093 1193 3151; x_wconf 87' lang='lat' dir='ltr'><strong>in</strong></span> <span class='ocrx_word' id='word_1_274' title='bbox 1225 3100 1468 3171; x_wconf 89' lang='lat' dir='ltr'><strong>pectore</strong></span> <span class='ocrx_word' id='word_1_275' title='bbox 1499 3099 1832 3170; x_wconf 86' lang='lat' dir='ltr'><strong>acceperat.</strong></span> 
     </span>
    </p>

    <p class='ocr_par' dir='ltr' id='par_1_5' title="bbox 485 3172 2487 3339">
     <span class='ocr_line' id='line_1_34' title="bbox 611 3172 2487 3253; baseline -0.002 -18"><span class='ocrx_word' id='word_1_276' title='bbox 611 3174 824 3236; x_wconf 88' lang='lat' dir='ltr'><strong>Fuerat</strong></span> <span class='ocrx_word' id='word_1_277' title='bbox 866 3178 1085 3236; x_wconf 84' lang='lat' dir='ltr'><strong>animus</strong></span> <span class='ocrx_word' id='word_1_278' title='bbox 1138 3176 1451 3236; x_wconf 89' lang='lat' dir='ltr'><strong>coniuratis</strong></span> <span class='ocrx_word' id='word_1_279' title='bbox 1495 3192 1709 3253; x_wconf 86' lang='lat' dir='ltr'><strong>corpus</strong></span> <span class='ocrx_word' id='word_1_280' title='bbox 1755 3176 1940 3235; x_wconf 88' lang='lat' dir='ltr'><strong>occisi</strong></span> <span class='ocrx_word' id='word_1_281' title='bbox 1977 3176 2036 3233; x_wconf 87' lang='lat' dir='ltr'><strong>in</strong></span> <span class='ocrx_word' id='word_1_282' title='bbox 2075 3172 2329 3234; x_wconf 89' lang='lat' dir='ltr'><strong>Tiberim</strong></span> <span class='ocrx_word' id='word_1_283' title='bbox 2370 3179 2487 3231; x_wconf 89' lang='lat' dir='ltr'><strong>tra-</strong></span> 
     </span>
     <span class='ocr_line' id='line_1_35' title="bbox 485 3253 2487 3339; baseline -0.002 -22"><span class='ocrx_word' id='word_1_284' title='bbox 485 3258 662 3334; x_wconf 90' lang='lat' dir='ltr'><strong>here,</strong></span> <span class='ocrx_word' id='word_1_285' title='bbox 702 3259 857 3319; x_wconf 87' lang='lat' dir='ltr'><strong>bona</strong></span> <span class='ocrx_word' id='word_1_286' title='bbox 880 3260 1213 3339; x_wconf 80' lang='lat' dir='ltr'><strong>publicare,</strong></span> <span class='ocrx_word' id='word_1_287' title='bbox 1255 3268 1385 3321; x_wconf 85' lang='lat' dir='ltr'><strong>acta</strong></span> <span class='ocrx_word' id='word_1_288' title='bbox 1417 3258 1785 3337; x_wconf 83' lang='lat' dir='ltr'><strong>rescindere,</strong></span> <span class='ocrx_word' id='word_1_289' title='bbox 1833 3258 1938 3319; x_wconf 87' lang='lat' dir='ltr'><strong>sed</strong></span> <span class='ocrx_word' id='word_1_290' title='bbox 1971 3266 2125 3318; x_wconf 87' lang='lat' dir='ltr'><strong>metu</strong></span> <span class='ocrx_word' id='word_1_291' title='bbox 2159 3256 2342 3317; x_wconf 82' lang='lat' dir='ltr'><strong>Marci</strong></span> <span class='ocrx_word' id='word_1_292' title='bbox 2363 3253 2487 3313; x_wconf 83' lang='lat' dir='ltr'><strong>An-</strong></span> 
     </span>
    </p>

    <p class='ocr_par' dir='ltr' id='par_1_6' title="bbox 400 3336 2572 3669">
     <span class='ocr_line' id='line_1_36' title="bbox 400 3336 2572 3422; baseline -0.004 -17"><span class='ocrx_word' id='word_1_293' title='bbox 400 3350 474 3405; x_wconf 76' lang='lat'><strong>83</strong></span> <span class='ocrx_word' id='word_1_294' title='bbox 492 3343 613 3400; x_wconf 88' lang='lat' dir='ltr'><strong>toni</strong></span> <span class='ocrx_word' id='word_1_295' title='bbox 656 3342 909 3403; x_wconf 88' lang='lat' dir='ltr'><strong>consulis</strong></span> <span class='ocrx_word' id='word_1_296' title='bbox 958 3353 1017 3404; x_wconf 90' lang='lat' dir='ltr'><strong>et</strong></span> <span class='ocrx_word' id='word_1_297' title='bbox 1042 3346 1303 3420; x_wconf 82' lang='lat' dir='ltr'><strong>magistri</strong></span> <span class='ocrx_word' id='word_1_298' title='bbox 1345 3344 1596 3422; x_wconf 89' lang='lat' dir='ltr'><strong>equitum</strong></span> <span class='ocrx_word' id='word_1_299' title='bbox 1633 3336 1837 3420; x_wconf 88' lang='lat' dir='ltr'><strong>Lepidi</strong></span> <span class='ocrx_word' id='word_1_300' title='bbox 1875 3341 2234 3401; x_wconf 88' lang='lat' dir='ltr'><strong>destiterunt.</strong></span> <span class='ocrx_word' id='word_1_301' title='bbox 2281 3339 2488 3399; x_wconf 86' lang='lat' dir='ltr'><strong>Postu·</strong></span> <span class='ocrx_word' id='word_1_302' title='bbox 2511 3350 2572 3391; x_wconf 81' lang='lat'><strong>35</strong></span> 
     </span>
     <span class='ocr_line' id='line_1_37' title="bbox 488 3423 2492 3501; baseline -0.002 -17"><span class='ocrx_word' id='word_1_303' title='bbox 488 3425 645 3484; x_wconf 85' lang='lat' dir='ltr'><strong>laute</strong></span> <span class='ocrx_word' id='word_1_304' title='bbox 694 3442 840 3501; x_wconf 79' lang='lat' dir='ltr'><strong>ergo</strong></span> <span class='ocrx_word' id='word_1_305' title='bbox 878 3426 1058 3489; x_wconf 90' lang='lat' dir='ltr'><strong>Lucio</strong></span> <span class='ocrx_word' id='word_1_306' title='bbox 1102 3427 1314 3487; x_wconf 87' lang='lat' dir='ltr'><strong>Pisone</strong></span> <span class='ocrx_word' id='word_1_307' title='bbox 1359 3444 1568 3487; x_wconf 88' lang='lat' dir='ltr'><strong>socero</strong></span> <span class='ocrx_word' id='word_1_308' title='bbox 1615 3434 2015 3486; x_wconf 86' lang='lat' dir='ltr'><strong>testamentum</strong></span> <span class='ocrx_word' id='word_1_309' title='bbox 2059 3426 2183 3484; x_wconf 88' lang='lat' dir='ltr'><strong>eius</strong></span> <span class='ocrx_word' id='word_1_310' title='bbox 2229 3423 2492 3501; x_wconf 88' lang='lat' dir='ltr'><strong>aperitur</strong></span> 
     </span>
     <span class='ocr_line' id='line_1_38' title="bbox 488 3505 2491 3589; baseline -0.001 -23"><span class='ocrx_word' id='word_1_311' title='bbox 488 3509 877 3587; x_wconf 86' lang='lat' dir='ltr'><strong>recitaturque</strong></span> <span class='ocrx_word' id='word_1_312' title='bbox 923 3513 983 3571; x_wconf 91' lang='lat' dir='ltr'><strong>in</strong></span> <span class='ocrx_word' id='word_1_313' title='bbox 1031 3510 1246 3581; x_wconf 84' lang='lat' dir='ltr'><strong>Antoni</strong></span> <span class='ocrx_word' id='word_1_314' title='bbox 1296 3510 1500 3586; x_wconf 86' lang='lat' dir='ltr'><strong>domo,</strong></span> <span class='ocrx_word' id='word_1_315' title='bbox 1581 3509 1737 3589; x_wconf 88' lang='lat' dir='ltr'><strong>quod</strong></span> <span class='ocrx_word' id='word_1_316' title='bbox 1788 3508 1983 3569; x_wconf 90' lang='lat' dir='ltr'><strong>Idibus</strong></span> <span class='ocrx_word' id='word_1_317' title='bbox 2045 3505 2491 3586; x_wconf 88' lang='lat' dir='ltr'><strong>Septembribus</strong></span> 
     </span>
     <span class='ocr_line' id='line_1_39' title="bbox 486 3590 2493 3669; baseline -0.001 -18"><span class='ocrx_word' id='word_1_318' title='bbox 486 3593 767 3669; x_wconf 83' lang='lat' dir='ltr'><strong>&#39;proximis</strong></span> <span class='ocrx_word' id='word_1_319' title='bbox 821 3595 879 3652; x_wconf 91' lang='lat' dir='ltr'><strong>in</strong></span> <span class='ocrx_word' id='word_1_320' title='bbox 918 3592 1206 3654; x_wconf 83' lang='lat' dir='ltr'><strong>Lavicano</strong></span> <span class='ocrx_word' id='word_1_321' title='bbox 1252 3598 1390 3653; x_wconf 57' lang='lat' dir='ltr'><strong>suo*</strong></span> <span class='ocrx_word' id='word_1_322' title='bbox 1403 3593 1628 3653; x_wconf 82' lang='lat' dir='ltr'><strong>fecerat</strong></span> <span class='ocrx_word' id='word_1_323' title='bbox 1669 3594 2228 3669; x_wconf 83' lang='lat' dir='ltr'><strong>demandaveratque</strong></span> <span class='ocrx_word' id='word_1_324' title='bbox 2272 3590 2493 3667; x_wconf 81' lang='lat' dir='ltr'><strong>virgini</strong></span> 
     </span>
    </p>
   </div>
   <div class='ocr_carea' id='block_1_3' title="bbox 2643 0 2698 826">
    <p class='ocr_par' dir='ltr' id='par_1_7' title="bbox 2643 0 2698 826">
     <span class='ocr_line' id='line_1_40' title="bbox 2643 0 2698 826; baseline 0 0"><span class='ocrx_word' id='word_1_325' title='bbox 2643 0 2698 826; x_wconf 95' lang='lat' dir='ltr'><strong> </strong></span> 
     </span>
    </p>
   </div>
   <div class='ocr_carea' id='block_1_4' title="bbox 2684 2458 2694 3149">
    <p class='ocr_par' dir='ltr' id='par_1_8' title="bbox 2684 2458 2694 3149">
     <span class='ocr_line' id='line_1_41' title="bbox 2684 2458 2694 3149; baseline 0 0"><span class='ocrx_word' id='word_1_326' title='bbox 2684 2458 2694 3149; x_wconf 95' lang='lat' dir='ltr'><strong> </strong></span> 
     </span>
    </p>
   </div>
  </div>
 </body>
</html>
