2700 4234
484 309 563 368 ’14
651 319 710 366 o.
745 319 1044 368 semrom
1081 319 1335 380 TRANQ.
1368 319 1463 365 DE
1496 316 1662 365 vrrA
1695 316 2063 366 CAESARUM
2094 317 2232 365 Lm.
2264 317 2338 365 11.

483 472 777 534 stellarum
811 472 1083 532 caelestis
1121 492 1323 549 ursae,
1358 472 1462 532 sed
1492 480 1549 531 et
1588 472 1753 532 callis
1787 468 2159 549 quibusdam,
2198 489 2273 530 ex
2300 483 2503 550 prurr-

480 559 616 634 gine
661 557 932 635 corporis
977 556 1332 636 adsiduoque
1374 565 1433 615 et
1470 554 1795 615 vehementi
1840 553 2082 630 strigilis
2114 571 2218 614 usu
2250 555 2501 632 plurifa-

480 641 622 700 riam
664 642 955 699 concretis
999 639 1068 700 ad
1099 641 1451 718 impetiginis
1479 638 1739 698 formam.
1806 636 2142 697 coxendice
2172 645 2230 696 et
2258 636 2500 698 femore

482 732 541 783 et
574 741 742 783 crure
777 723 1009 782 sinistro
1041 741 1160 782 non
1193 722 1435 802 perinde
1472 722 1731 798 valebat,
1767 729 1824 780 ut
1857 738 2039 799 saepe
2067 721 2239 780 etiam
2266 721 2499 780 inclau-

481 807 729 874 dicaret;
777 805 881 865 sed
918 806 1175 865 remedio
1217 805 1556 866 harenarum
1584 815 1754 884 atque
1785 804 2155 864 harundinum
2184 804 2495 865 confirma·
2520 830 2549 870 s

479 891 666 950 batur.
717 889 974 948 Dextrae
1015 907 1246 968 quoque
1290 907 1491 949 manus
1533 888 1769 965 digitum
1812 888 2122 948 salutarem
2160 895 2273 946 tam
2304 886 2495 946 imbe-

482 973 673 1032 cillum
701 972 980 1032 interdum
1008 972 1308 1049 sentiebat,
1334 981 1395 1032 ut
1416 981 1743 1050 torpentem
1765 979 2233 1049 contractumque
2257 971 2495 1048 frigore

478 1058 576 1116 vix
608 1056 812 1116 cornei
841 1057 1042 1116 circuli
1063 1056 1467 1135 supplemento
1490 1057 1811 1133 scripturae
1836 1055 2193 1115 admoveret.
2230 1053 2495 1128 Questus

479 1149 572 1200 est
617 1149 674 1200 et
713 1139 784 1198 de
823 1142 1050 1216 vesica,
1103 1141 1266 1198 cuius
1306 1139 1515 1198 dolore
1559 1137 1801 1199 calculis
1846 1138 2069 1197 demum
2113 1154 2219 1215 per
2261 1139 2495 1197 urinam

480 1226 686 1284 eiectis
716 1221 1034 1282 levabatur.
2514 1246 2563 1287 1⁰
2665 1235 2666 1304 ῃ

393 1313 460 1368 81
608 1307 830 1368 Graves
875 1314 933 1365 et
976 1305 1340 1384 periculosas
1381 1307 1724 1368 valitudines
1772 1309 1888 1382 per
1924 1321 2149 1363 omnem
2180 1305 2355 1363 vitam
2383 1303 2491 1363 ali·
2665 1315 2666 1320 ’

478 1399 619 1468 quot
661 1396 938 1468 expertus
981 1397 1099 1458 est;
1149 1391 1466 1468 praecipue
1509 1388 1817 1450 Cantabria
1857 1387 2099 1464 domita,
2145 1404 2273 1446 cum
2314 1389 2491 1447 etiam
2665 1451 2666 1460 χ

477 1471 944 1533 distillationibus
998 1473 1260 1532 iocinere
1315 1476 1517 1534 vitiato
1562 1473 1633 1534 ad
1676 1472 2145 1550 desperationem
2188 1469 2489 1544 redactuS,
2665 1487 2666 1544 ῑ

479 1558 824 1617 contrariam
871 1565 929 1615 et
966 1557 1272 1634 ancipitem
1301 1559 1584 1618 rationem
1613 1554 1875 1615 medendi
1905 1554 2243 1614 necessario
2275 1552 2486 1615 subiit:
2665 1545 2666 1624 E

477 1641 608 1720 quia
652 1639 839 1700 calida
877 1638 1130 1699 fomenta
1171 1656 1286 1698 non
1330 1641 1672 1718 proderant,
1724 1637 1954 1714 frigidis
2004 1639 2191 1696 curari
2239 1645 2558 1704 coactusu
2665 1649 2666 1718 i

478 1731 717 1784 auctore
741 1722 1000 1783 Antonio
1029 1723 1212 1783 Musa.

600 1805 888 1881 Quasdam
929 1815 988 1864 et
1029 1807 1453 1866 anniversarias
1496 1824 1566 1865 ac
1610 1815 1873 1884 tempore
1908 1812 2071 1863 certo
2111 1812 2484 1863 recurrentes

479 1888 917 1968 experiebatur-3
963 1905 1091 1948 nam
1131 1888 1236 1947 sub
1278 1888 1530 1948 natalem
1564 1909 1726 1949 suum
1762 1888 2099 1967 plerumque
2134 1887 2481 1964 languebat;

478 1981 537 2033 et
565 1973 726 2030 initio
757 1971 914 2029 veris
948 1971 1427 2050 praecordiorum
1451 1972 1752 2033 inflatione
1776 1970 2180 2050 temptabatur,
2211 1972 2483 2032 austrinis

371 2053 378 2060 “
477 2064 664 2118 autem
716 2054 1151 2132 tempestatibus
1201 2055 1541 2131 gravedine.
1634 2058 1825 2132 Quare
1881 2063 2151 2134 quassato
2200 2071 2553 2133 corpore‚2o

388 2153 458 2208 82
476 2157 664 2217 neque
692 2137 916 2214 frigora
945 2155 1134 2218 neque
1168 2146 1361 2198 aestus
1395 2139 1570 2199 facile
1599 2137 1906 2200 tolerabat.
1958 2138 2159 2198 Hieme
2185 2140 2482 2216 quaternis

480 2241 606 2282 cum
637 2222 838 2301 pingui
872 2230 1014 2298 toga
1041 2222 1248 2281 tunicis
1279 2231 1337 2281 et
1367 2222 1645 2284 subucula
1672 2232 1731 2283 et
1758 2221 1999 2282 thorace
2033 2222 2203 2283 laneo
2236 2229 2295 2280 et
2318 2220 2479 2280 femi-

473 2305 699 2366 nalibus
731 2313 789 2364 et
817 2305 1106 2366 tibialibus
1135 2305 1525 2382 muniebatur,
1558 2315 1777 2367 aestate
1813 2307 2031 2384 apertis
2062 2303 2309 2364 cubiculi
2339 2303 2479 2364 fori-

473 2389 613 2466 bus,
658 2407 728 2448 ac
773 2407 952 2467 saepe
991 2391 1049 2448 in
1091 2390 1379 2467 peristylo
1422 2389 1667 2450 saliente
1710 2407 1857 2468 aqua
1888 2397 2059 2468 atque
2090 2391 2259 2448 etiam
2296 2390 2479 2447 venti-

473 2475 629 2534 laute
673 2471 868 2549 aliquo
915 2471 1176 2532 cubabat.
1244 2472 1401 2532 Solis
1431 2490 1575 2533 vero
1611 2492 1685 2533 ne
1713 2473 1939 2532 hiberni
1970 2471 2196 2552 quidem
2232 2473 2477 2550 patiens,
2498 2489 2550 2530 22.

473 2557 626 2616 domi
673 2570 903 2632 quoque
945 2557 1172 2614 nonnisi
1203 2565 1499 2634 petasatus
1530 2556 1637 2616 sub
1669 2557 1804 2616 divo
1832 2555 2205 2634 spatiabatur.
2263 2554 2481 2615 Itinera

473 2639 686 2698 lectica
726 2645 786 2696 et
823 2637 1092 2697 noctibus
1132 2639 1292 2715 fere,
1335 2657 1519 2718 eaque
1561 2640 1715 2700 lenta
1748 2658 1817 2700 ac
1851 2641 2062 2700 minuta
2091 2637 2376 2715 faciebat,
2418 2647 2481 2697 ut

472 2722 788 2782 Praeneste
838 2720 932 2780 vel
965 2721 1142 2781 Tibur
1180 2721 1356 2782 biduo
1403 2725 1789 2801 procederet;
1835 2741 1905 2784 ac
1940 2725 1988 2782 si
2020 2739 2134 2801 quo
2166 2723 2479 2801 pervenire

471 2806 614 2865 mari
658 2813 892 2882 posset,
938 2805 1131 2884 potius
1170 2806 1499 2884 navigabat.
1571 2809 1789 2868 Verum
1838 2815 2050 2867 tantam
2096 2807 2479 2865 infirmitatem

472 2905 682 2966 magna
731 2905 866 2948 cura
895 2888 1190 2966 tuebatur,
1235 2891 1294 2948 in
1329 2891 1528 2968 primis
1557 2890 1786 2951 lavandi
1816 2891 2049 2950 raritate
2081 2888 2547 2968 (unguebaturao

475 2973 624 3033 enim
671 2971 961 3050 saepius).
1024 2971 1141 3032 Aut
1181 2972 1423 3032 sudabat
1460 2973 1533 3033 ad
1576 2973 1877 3050 flammam,
1923 2971 2129 3033 deinde
2168 2971 2475 3051 perfunde·

471 3056 638 3117 batur
689 3055 920 3132 egelida
969 3073 1114 3134 aqua
1162 3055 1257 3115 vel
1301 3055 1431 3115 sole
1470 3057 1646 3117 multo
1689 3056 2017 3136 tepefacta;
2071 3065 2167 3116 aut
2210 3057 2475 3134 quotiens

471 3156 784 3199 nervorum
837 3157 1010 3199 causa
1061 3141 1292 3200 marinis
1349 3139 1675 3220 albulisque
1728 3139 1925 3200 calidis
1978 3139 2248 3199 utendum
2299 3147 2473 3214 esset,

475 3230 780 3281 contentus
814 3222 930 3282 hoc
956 3231 1080 3283 erat
1109 3231 1170 3282 ut
1202 3222 1473 3283 insidens
1491 3223 1690 3301 ligneo
1723 3223 1895 3301 solio,
1928 3221 2084 3303 quod
2112 3226 2241 3302 ipse
2270 3221 2473 3300 Hispa·

471 3305 606 3362 nico
638 3304 821 3364 verbo
853 3304 1109 3366 duretam
1135 3306 1399 3384 vocabat,
1430 3324 1627 3368 manus
1652 3325 1721 3368 ac
1745 3307 1927 3386 pedes
1954 3307 2189 3368 alternis
2212 3308 2469 3366 iactaret.
2492 3324 2546 3367 ³5

388 3397 458 3452 83
641 3386 1108 3449 Exercitationes
1150 3399 1509 3471 campestres
1554 3407 1833 3468 equorum
1872 3400 1929 3451 et
1970 3406 2258 3451 armorum
2288 3389 2475 3448 statim

476 3477 611 3548 post
662 3470 854 3530 civilia
903 3471 1059 3532 bella
1109 3475 1300 3533 omisit
1353 3482 1413 3532 et
1465 3473 1537 3532 ad
1576 3473 1749 3552 pilam
1806 3475 1993 3552 primo
2038 3472 2474 3548 folliculumque

472 3555 726 3632 transiit,
765 3571 902 3613 mox
933 3554 1070 3614 nihil
1107 3555 1258 3615 aliud
1289 3573 1456 3637 quam
1484 3555 1823 3616 vectabatur
1851 3566 1909 3616 et
1940 3555 2367 3633 deambulabat,
2394 3555 2475 3616 ita

2316 3769 2349 3788 Ι
