2700 4234
790 748 984 848 DE
1067 750 2069 847 RHETORIBUS.

1244 978 1619 989 ------
2420 968 2453 997 ο

367 1134 398 1186 1
553 1120 868 1181 Rhetorica
894 1136 1126 1198 quoque
1143 1118 1294 1199 apud
1317 1136 1426 1179 nos
1450 1119 1694 1199 perinde
1719 1129 1891 1197 atque
1915 1120 2289 1196 grammatica
2318 1118 2455 1179 fere

429 1213 666 1284 recepta
699 1214 820 1280 est,
853 1202 1022 1281 paulo
1047 1204 1218 1261 etiam
1243 1202 1533 1262 difficilius
1554 1248 1572 1279 ,
1603 1205 1822 1283 quippe
1842 1220 2010 1282 quam
2043 1211 2275 1302 constet
2304 1219 2452 1262 non-

430 1306 710 1367 nunquam
735 1290 903 1347 etiam
936 1285 1283 1363 prohibitam
1311 1289 1601 1346 exerceri.
1664 1286 1831 1363 Quod
1858 1305 1935 1346 ne
1967 1288 2058 1347 cui
2086 1285 2316 1346 dublum
2346 1288 2448 1363 sit,

429 1380 596 1430 vetus
639 1372 699 1429 S.
737 1369 803 1430 G,
849 1372 985 1428 item
1036 1372 1363 1430 censorium
1414 1370 1663 1435 edictum
1701 1370 2030 1431 subiiciam:
2094 1368 2162 1430 G.
2202 1368 2451 1431 Fannio
2477 1384 2510 1423 ⁵

430 1452 738 1515 Strabone
761 1452 843 1514 M.
877 1451 1125 1515 Valerio
1151 1452 1433 1514 Messala
1464 1472 1630 1515 cons.
1672 1453 1754 1515 M.
1784 1453 2159 1533 Pomponius
2179 1461 2455 1533 praetor
2668 1407 2671 1493 7

431 1543 710 1598 senatum
733 1538 1057 1599 consuluit.
1093 1536 1276 1611 Quod
1295 1536 1493 1597 verba
1510 1537 1693 1617 facta
1716 1543 1859 1599 sunt
1880 1537 1958 1597 de
1972 1536 2367 1616 philosophis
2393 1543 2456 1597 et

431 1620 804 1698 rhetoribus,
827 1621 906 1681 de
919 1640 996 1682 ea
1011 1623 1184 1683 reita
1200 1629 1584 1698 censuerunt,
1607 1630 1675 1683 ut
1688 1621 1759 1683 M
1758 1669 1769 1681 .
1786 1620 2164 1699 Pomponius
2184 1627 2452 1699 praetor
2672 1635 2674 1667 ¹

435 1705 954 1767 anitnadverteret
975 1719 1377 1785 curav-etque,
1421 1712 1491 1766 ut
1510 1706 1567 1765 si
1596 1707 1653 1766 ei
1678 1725 1711 1767 e
1738 1724 1809 1766 re
1834 1724 1894 1784 p.
1921 1703 2177 1785 fideque
2204 1722 2328 1765 sua
2354 1705 2445 1765 vi-

435 1789 704 1865 deretur,
737 1790 829 1850 uti
847 1789 1181 1851 Romaene
1202 1797 1423 1850 essem.
1474 1789 1563 1849 De
1592 1791 1811 1851 eisdem
1841 1791 2147 1849 interiecto
2180 1797 2449 1868 tempore
2471 1800 2531 1841 ω

437 1872 557 1931 GN.
588 1872 872 1932 Domitius
905 1872 1324 1951 Aenobarhus,
1375 1872 1437 1933 L.
1471 1871 1723 1935 Licinius
1754 1872 2003 1934 Crassus
2047 1889 2328 1932 censores
2368 1874 2449 1931 ita
2677 1864 2678 1929 1

437 1956 768 2015 edixerunt:
803 1956 1236 2015 Renuntiatum
1262 1962 1359 2017 est
1382 1956 1586 2032 nobis,
1620 1976 1757 2018 esse
1788 1957 2062 2019 homines
2092 1956 2200 2037 qui
2220 1972 2450 2017 novum

431 2055 626 2119 yenus
651 2036 1022 2117 disciplinae
1057 2039 1480 2116 instituerunt,
1522 2041 1610 2100 ad
1636 2059 1793 2121 quos
1838 2041 2118 2102 iuventus
2146 2041 2210 2101 in
2237 2039 2450 2101 ludum

437 2122 760 2184 conveniat
772 2147 802 2193 ;
869 2140 976 2184 eos
1025 2122 1150 2183 sibi
1200 2142 1421 2185 nomen
1484 2124 1855 2204 imposuisse
1914 2122 2179 2185 Latinos
2234 2124 2446 2184 rheto-

435 2222 591 2276 ras,·
624 2206 716 2266 ibi
739 2206 1010 2268 homines
1048 2206 1543 2269 adolescentulos
1580 2209 1716 2270 dies
1754 2216 1917 2271 totos
1951 2207 2254 2270 desidere.
2304 2206 2445 2269 Ma·
2466 2222 2519 2263 ts

435 2290 605 2351 iores
644 2291 870 2366 nostri,
914 2308 1074 2370 quae
1111 2290 1342 2353 liberos
1386 2310 1536 2353 suos
1579 2294 1820 2354 discere
1863 2299 1924 2353 et
1962 2310 2116 2371 quos
2156 2292 2222 2351 in
2266 2291 2452 2352 ludos

435 2375 599 2435 itare
622 2374 877 2449 vellent,
909 2375 1317 2437 instituerunt.
1389 2374 1565 2437 Haec
1592 2394 1791 2452 nova,
1827 2392 1989 2456 quae
2014 2381 2268 2453 praeter
2300 2393 2448 2436 con·

437 2456 819 2518 suetudinem
849 2475 928 2518 ac
954 2476 1182 2519 morem
1212 2461 1517 2521 maiorum
1541 2460 1727 2539 fiunt,
1760 2478 1955 2539 neque
1972 2460 2227 2537 placent
2257 2476 2454 2539 neque

435 2546 610 2601 recta
636 2539 940 2613 eicientur.
1021 2539 1420 2621 Quapropter
1464 2550 1521 2603 et
1552 2544 1632 2603 iis
1672 2544 1778 2622 qui
1817 2561 1925 2604 eos
1977 2543 2158 2604 ludos
2195 2541 2449 2617 habent,

437 2630 497 2684 et
551 2623 632 2683 iis
672 2623 777 2701 qui
826 2641 898 2684 eo
940 2625 1153 2684 venire
1209 2634 1614 2703 consuerunt,
1671 2626 1915 2687 videtur
1964 2624 2331 2704 faciundum
2380 2633 2450 2685 ut
2467 2642 2524 2682 20

439 2706 896 2769 ostenderemus
916 2715 1200 2769 nostram
1232 2712 1625 2787 sententiam,
1656 2709 1841 2772 nobis
1865 2729 1991 2771 non
2010 2711 2290 2788 placere.

559 2790 836 2852 Paulatim
866 2800 924 2851 et
944 2794 1073 2873 ipsa
1103 2793 1260 2853 utilis
1289 2794 1649 2873 honestaque
1674 2796 1974 2874 apparuit,
2009 2794 2287 2871 multique
2322 2810 2453 2852 eam

439 2884 498 2936 et
530 2874 805 2954 praesidii
838 2894 1012 2936 causa
1047 2886 1104 2936 et
1138 2876 1365 2954 gloriae
1400 2881 1821 2957 appetiverunt.
1882 2876 2093 2938 Cicero
2120 2877 2190 2937 ad
2220 2885 2452 2956 praetu-

437 2977 556 3018 ram
599 2976 785 3037 usque
828 2963 997 3020 etiam
1051 2959 1273 3022 Graece
1326 2962 1748 3037 declamitavit,
1800 2959 1999 3021 Latine
2056 2976 2201 3020 vero
2252 2960 2455 3020 senior

440 3060 670 3121 quoque
711 3053 769 3103 et
800 3044 1028 3123 quidem
1063 3062 1189 3103 cum
1238 3045 1573 3105 consulibus
1600 3044 1787 3105 Hirtio
1830 3052 1889 3105 et
1916 3045 2131 3120 Pansa,
2179 3060 2327 3122 quos
2353 3042 2448 3102 di·
2469 3060 2549 3099 25-

438 3126 717 3203 scipulos
747 3134 807 3189 et
833 3127 1100 3207 grandis
1127 3135 1561 3206 praetextatos
1613 3127 1883 3188 vocabat.
1945 3125 2067 3187 CN.
2112 3126 2453 3205 Pompeium

441 3208 668 3286 quidam
702 3208 965 3272 hIstorici
995 3212 1347 3273 tradiderunt
1375 3214 1480 3274 sub
1510 3214 1695 3292 ipsum
1732 3211 1904 3272 civile
1935 3210 2175 3289 bellum,
2216 3226 2330 3289 quo
2366 3209 2451 3269 fa-

443 3291 608 3351 cilius
643 3290 710 3350 G.
749 3293 983 3354 Curioni
1015 3298 1447 3376 promptissimo
1496 3298 1721 3373 iuveni,
1775 3312 2005 3355 causam
2036 3292 2310 3354 Caesaris
2351 3292 2451 3353 de-

440 3374 727 3453 fendenti,
767 3376 1223 3455 contradiceret,
1248 3383 1539 3461 repetisse
1559 3378 1915 3440 declamandi
1944 3376 2450 3447 consuetudinem;

439 3459 517 3520 Μ.
549 3457 890 3537 Antonium,
919 3462 1054 3520 item
1082 3463 1405 3541 Augustum
1435 3482 1509 3523 ne
1531 3463 1839 3525 Mutinensi
1865 3461 2093 3541 quidem
2118 3460 2275 3521 bello
2307 3462 2447 3521 omi·
2470 3472 2547 3513 w

443 3544 613 3603 sisse.
669 3543 830 3605 Nero
863 3544 1084 3606 Caesar
1116 3548 1300 3627 primo
1339 3548 1565 3627 imperii
1596 3564 1778 3623 anno,
1825 3545 2063 3625 publice
2091 3561 2324 3624 quoque
2358 3542 2451 3601 his
