2700 4234
462 269 587 332 310
870 293 877 299 ·
1003 278 1061 328 c.
1112 278 1442 328 sumonn
1485 277 1916 338 TRANQmLm

589 433 746 496 Inter
775 431 1160 493 Saturnalium
1190 441 1249 492 et
1275 431 1756 509 saturnaliorum]
1805 431 1855 490 si
1884 430 2087 491 dixero
2124 429 2487 492 Saturnalic-

464 537 587 579 rum
617 526 677 577 ut
705 516 1132 594 subselliorum,
1165 515 1504 576 Saturnaliis
1533 515 1675 576 facit
1696 523 1756 574 ut
1786 513 2114 584 subselliis;
2150 522 2209 573 et
2242 513 2378 575 ideo
2400 513 2483 574 di·

467 604 647 664 cimus
677 601 1094 678 Saturnalium,
1128 608 1189 660 ut
1220 601 1406 678 possit
1434 599 1561 659 fieri
1599 597 2014 659 Saturnalibus.

592 683 752 744 Inter
793 683 964 743 alium
1009 692 1069 743 et
1107 683 1353 743 alterum
1394 681 1510 742 hoc
1537 684 1809 759 interest,
1856 681 2013 760 quod
2044 680 2194 742 alter
2224 698 2302 740 ex
2334 680 2475 741 duo-

468 769 576 830 bus
597 815 614 844 ,
649 767 794 826 alius
826 765 1118 828 exturba.
2500 787 2533 828 ⁵

594 849 751 912 Inter
779 868 1029 928 gnavum
1067 859 1125 910 et
1155 849 1422 928 gnarum]
1463 850 1700 926 ignarus
1730 856 1820 908 est
1841 849 2092 924 insciuS,
2119 865 2337 925 guarus
2368 856 2486 908 tra-

470 936 556 997 hit
584 935 1095 1012 significationem
1145 933 1421 1013 [gnavus]
1468 931 1625 1010 quod
1668 932 1717 992 si
1746 933 1795 990 is
1845 931 1943 1010 qui
1984 930 2146 992 celer
2182 940 2271 992 est
2305 949 2491 991 navus

473 1027 595 1094 est,
638 1019 733 1096 qui
777 1018 954 1097 piger
979 1027 1073 1078 est
1118 1018 1393 1094 ignavus;
1425 1032 1643 1092 gnarus
1674 1025 1863 1076 autem
1891 1014 2100 1075 dicitur
2136 1017 2373 1092 sciens,
2412 1033 2491 1076 ex

475 1103 768 1182 contrario
805 1100 1177 1179 colligimus
1161 1116 1423 1176 ignarum
1454 1116 1590 1158 esse
1625 1099 1983 1160 inscientem.

602 1182 829 1261 Cornu,
875 1200 1150 1258 cornum,
1195 1198 1409 1242 cornus
1442 1181 1578 1260 quid
1609 1182 1895 1242 differunt.
1964 1179 2219 1244 Cornum
2254 1199 2489 1261 pomum
2514 1206 2573 1247 ιο

475 1269 792 1346 significat,
820 1267 962 1328 facit
992 1268 1140 1326 enim
1179 1282 1386 1336 corna;
1424 1283 1605 1326 cornu
1632 1265 1808 1325 telum
1844 1265 2163 1344 significat,
2204 1273 2495 1344 tamquam

473 1368 659 1429 genu,
703 1349 845 1409 facit
877 1351 1026 1411 enim
1063 1366 1278 1411 cornua
1323 1358 1614 1428 tamquam
1646 1366 1866 1426 genua;
1929 1366 2143 1409 cornus
2172 1358 2359 1408 autem
2404 1358 2501 1410 est

475 1433 669 1498 arbor.

599 1522 753 1577 luter
809 1517 904 1578 lac
960 1516 1078 1578 lact
1119 1525 1180 1577 et
1233 1516 1424 1595 lacte]
1471 1517 1565 1577 lac
1610 1525 1668 1576 et
1713 1515 1835 1576 lact
1870 1533 1987 1576 non
2025 1525 2189 1576 recte
2230 1515 2497 1594 dicimus,

477 1603 610 1681 quia
641 1600 858 1660 nullum
900 1618 1113 1661 nomen
1147 1601 1206 1660 in
1242 1618 1275 1660 c
1309 1599 1504 1660 littera
1534 1600 1777 1677 desinit,
1827 1600 1931 1678 [ita
1958 1618 2070 1660 nec
2113 1599 2223 1660 duc
2250 1617 2365 1660 nec
2395 1600 2497 1661 fac
2520 1620 2574 1661 ιε

475 1693 699 1745 rectum
733 1693 822 1744 est
849 1702 964 1744 nec
995 1683 1146 1763 lac;]
1182 1702 1293 1743 nec
1307 1683 1487 1765 (lact)
1518 1684 1576 1743 in
1604 1692 1625 1743 t
1653 1683 1843 1743 littera
1870 1683 2104 1763 aliquod
2130 1700 2345 1743 nomen
2372 1683 2497 1743 fini-

478 1777 598 1838 tur;
631 1786 780 1846 ergo
815 1767 971 1847 qnod
999 1776 1301 1847 superest,
1334 1767 1574 1827 dicimus
1607 1765 1782 1828 lacte.

606 1850 728 1911 Cor
768 1868 840 1910 an
877 1852 1037 1931 cors]
1087 1850 1285 1912 Omnia
1320 1869 1469 1930 quae
1500 1849 1860 1911 consuetudo
1890 1851 2101 1911 vitiosa
2129 1850 2310 1927 fecit,
2350 1850 2497 1910 anti-

481 1936 670 2014 quitas
701 1933 1046 1994 emendavit.
1107 1932 1228 1994 Cor
1256 1935 1617 1994 assuevimus
1650 1934 1881 2004 dicere;
1924 1951 1997 1994 an
2023 1943 2187 1994 recte
2219 1932 2507 2011 dicamus,

481 2036 556 2077 ex
591 2018 901 2095 conposito
941 2017 1332 2094 intellegimus
1380 2025 1439 2077 et
1480 2016 1571 2077 his
1615 2035 1767 2097 quae
1809 2019 2011 2078 mutari
2042 2035 2159 2078 non
2189 2025 2495 2097 poterunt:
2519 2041 2575 2083 20

480 2101 719 2161 dicimus
763 2102 913 2160 euim
963 2118 1176 2161 excors
1217 2109 1276 2161 et
1314 2117 1567 2179 vecors,
1610 2119 1727 2161 non
1776 2119 1957 2162 excor
2004 2110 2062 2161 et
2106 2119 2321 2171 vecor;
2354 2109 2418 2161 et
2446 2101 2501 2160 si

483 2193 642 2245 esset
672 2201 795 2262 cor,
829 2185 984 2246 coris
1011 2184 1255 2245 faceret.
1289 2183 1458 2244 Nunc
1483 2203 1609 2245 cum
1637 2202 1741 2245 cor
1766 2185 1960 2246 cordis
1987 2185 2196 2264 faciat,
2228 2185 2501 2245 existimo

480 2271 559 2330 ita
594 2285 777 2350 posse
807 2268 938 2329 dici.

608 2352 801 2414 Rusus
855 2370 928 2412 an
984 2352 1210 2432 rursus]
1273 2354 1324 2412 si
1364 2370 1564 2412 rursus
1614 2353 1819 2412 iterum
1852 2353 2171 2430 significat,
2218 2350 2503 2411 debemus

481 2454 682 2497 rursus
713 2437 799 2495 sic
829 2437 1092 2496 scribere
1122 2445 1409 2514 tamquam
1436 2436 1641 2496 iterum
1672 2453 1779 2514 per
1810 2454 1841 2495 r
1884 2436 2159 2506 litteram
2203 2451 2319 2494 non
2353 2433 2501 2494 dici·
2522 2457 2577 2499 ες

480 2537 606 2578 ιιιιιε
647 2518 798 2576 enim
836 2519 1041 2596 iteum,
1089 2527 1148 2578 et
1188 2520 1430 2578 dicimus
1479 2527 1765 2597 tamquam
1808 2535 2080 2598 quorsum
2124 2528 2183 2579 et
2211 2534 2503 2595 seorsum,

482 2618 598 2661 non
629 2617 874 2678 quosum
905 2611 965 2662 et
993 2618 1246 2662 seosum.

611 2683 884 2745 Tribunal
933 2703 1004 2746 an
1051 2685 1343 2746 tribunale
1388 2694 1445 2746 et
1498 2686 1702 2746 animal
1746 2705 1817 2746 an
1861 2685 2140 2765 animale]
2194 2685 2509 2746 Procellus

486 2777 595 2830 ait:
631 2769 838 2848 quael
866 2769 1075 2833 littera
1099 2769 1399 2848 finiuntur
1432 2769 1498 2831 in
1525 2769 1968 2846 declinatione,
2010 2769 2329 2852 geminant
2347 2786 2503 2830 ean-

487 2853 622 2914 dem
643 2851 935 2931 litteram,
967 2859 1279 2934 tamquam
1299 2853 1419 2915 mel
1440 2853 1634 2914 mellis
1656 2860 1714 2913 et
1730 2853 1822 2933 fel
1839 2852 2043 2932 fellis,
2076 2853 2243 2933 facit
2260 2853 2352 2913 ita
2387 2852 2504 2914 tri-
2528 2866 2579 2906 30
2658 2905 2660 2916 ι

487 2935 681 2998 huual
711 2937 1066 2999 tribunallis
1096 2943 1154 2998 et
1186 2937 1423 3000 animal
1454 2937 1787 2998 animatus.
1850 2936 1968 2998 Sed
1994 2939 2229 3013 erravit,
2256 2937 2511 3016 primum

487 3023 622 3102 quia
650 3021 1094 3108 monosyllaba
1076 3041 1136 3082 ιιι
1167 3020 1440 3100 exemplo
1483 3023 1706 3100 posuit,
1748 3020 1955 3081 deinde
1985 3021 2304 3101 quaquiare
2333 3020 2353 3080 l
2386 3037 2511 3080 non

487 3107 745 3182 geminat
773 3124 885 3167 nec
908 3101 1052 3185 vigil
1082 3124 1192 3166 nec
1221 3104 1405 3185 pugil.
1508 3100 1601 3165 Ita
1634 3103 1873 3164 dicimus
1900 3105 2015 3165 hoc
2043 3103 2331 3164 tribunale
2362 3112 2509 3164 tam-

494 3205 660 3265 quam
677 3190 1024 3266 agilefacile
1054 3188 1269 3265 docile,
1301 3188 1479 3266 agilia
1505 3188 1702 3248 facilia
1731 3187 1945 3249 docilia
1973 3186 2296 3248 tribunalia.
2336 3188 2511 3263 Quae

491 3271 549 3329 ia
579 3272 633 3329 in
664 3272 873 3349 plurali
914 3291 1151 3334 numero
1181 3236 1467 3350 fin’iuntur,
1501 3289 1568 3332 ea
1600 3289 1727 3376 cum
1758 3270 1829 3331 ad
1864 3270 2217 3349 singularem
2246 3272 2576 3350 veniungat

491 3371 524 3412 e
547 3350 738 3413 littera
767 3356 1154 3416 terminantur.

617 3434 884 3498 Cervical
926 3455 997 3498 an
1037 3439 1357 3518 cervicale]
1403 3457 1514 3499 nec
1562 3437 1817 3500 cervical
1864 3457 1977 3500 nec
2014 3436 2311 3499 cervicale
2337 3446 2509 3499 recte

491 3519 724 3589 dicitur;
763 3529 853 3581 est
891 3523 1038 3582 enim
1067 3521 1371 3604 epitheton
1400 3530 1459 3582 et
1481 3539 1667 3599 genus
1698 3521 1769 3582 ab
1814 3537 1887 3582 eo
1932 3521 2087 3604 qnod
2118 3531 2379 3584 accessit
2410 3538 2509 3583 ac-
