2700 4234
430 265 546 330 188
605 279 666 329 c,
699 279 998 328 sumom
1038 281 1293 340 TRANQ.
1327 281 1422 328 DE
1451 281 1618 327 vri-A
1650 278 2018 328 CAESARUM
2046 280 2184 328 mn.
2211 281 2308 328 v1.

430 436 755 512 iturumquc
807 434 1000 512 potius
1042 451 1211 512 quam
1250 435 1574 493 nociturum
1611 435 1684 496 ei.
1756 432 1942 493 Burro
1983 433 2288 510 praefecto
2333 452 2426 493 re-

429 516 677 578 medium
707 516 780 578 ad
819 515 1022 587 fauces
1064 517 1392 595 pollicitus,
1437 519 1694 577 toxicum
1736 517 1907 576 misit.
1973 514 2244 576 Libertos
2285 515 2427 576 divi·

431 611 521 662 tes
552 609 611 660 et
646 600 1017 676 senes‚·olim
1044 599 1377 680 adoptionis
1407 617 1545 660 mox
1573 599 1974 660 dominationis
2003 616 2143 660 suae
2172 599 2431 660 fautores

432 695 604 763 atquc
634 693 923 760 rectores,
967 701 1230 759 veneno,
1280 686 1488 763 partim
1536 682 1680 743 cibis
1725 683 1930 762 partim
1971 684 2304 763 potionibus
2346 683 2427 742 in-

433 767 552 828 dito
568 813 587 843 ,
615 768 941 845 intercepit.
1444 827 1460 838 ‚
2445 781 2474 822 s

352 864 419 920 36
556 849 685 911 Nec
725 852 951 911 minore
992 851 1235 910 saevitia
1272 851 1419 909 foris
1461 859 1520 910 et
1571 851 1629 910 in
1680 859 1918 911 exteros
1968 859 2266 928 grassatus
2317 859 2426 909 est.

436 935 617 995 Stella
652 934 886 1011 crinita,
931 953 1079 1013 quae
1126 937 1358 994 summis
1398 932 1782 1013 potestatibus
1814 935 2047 994 exitium
2077 933 2426 1012 portendere

435 1017 613 1094 vulgo
647 1026 905 1097 putatur,
952 1036 1059 1097 per
1102 1019 1401 1077 continuas
1432 1026 1638 1078 noctes
1669 1018 1808 1077 oriri
1840 1026 2141 1095 coeperat.
2199 1014 2425 1076 Anxius

438 1119 507 1162 ea
549 1119 648 1178 re,
694 1109 755 1160 ut
800 1119 874 1160 cx
919 1101 1163 1163 Balbillo
1211 1101 1521 1177 astrologo
1563 1100 1792 1178 didicit,
1835 1099 2034 1160 solere
2077 1117 2251 1177 reges
2289 1099 2429 1159 talia

437 1192 661 1245 ostenta
692 1184 873 1244 caede
902 1184 1091 1263 aliqua
1129 1184 1337 1244 illustri
1381 1185 1622 1264 expiare
1659 1193 1832 1264 atque
1867 1203 1898 1244 a
1935 1193 2120 1244 semet
2147 1186 2204 1243 in
2235 1183 2430 1262 capita
2451 1195 2504 1235 1³

440 1285 747 1346 procerum
769 1267 1125 1345 depellere,
1178 1267 1541 1340 nobilissimo
1584 1269 1794 1347 cuique
1823 1269 2054 1328 exitium
2090 1266 2427 1335 destinavit3

442 1352 738 1410 enimvero
783 1351 961 1410 multo
1012 1353 1201 1429 magis
1242 1361 1301 1410 et
1344 1353 1508 1429 quasi
1551 1368 1660 1430 per
1701 1353 1906 1412 iustam
1947 1369 2178 1411 causam
2209 1348 2430 1410 duabus

441 1433 931 1495 coniurationibus
985 1435 1383 1514 provulgatis,
1439 1454 1676 1513 quarum
1723 1437 1884 1515 prior
1927 1435 2228 1513 maiorque
2268 1433 2430 1493 Piso-

438 1519 605 1578 niana
637 1518 897 1594 Romae,
946 1520 1240 1598 posterior
1268 1520 1562 1579 Viniciana
1603 1518 1922 1579 Beneventi
1965 1518 2212 1578 conflata
2255 1526 2434 1595 atque

440 1601 665 1662 detecta
695 1611 807 1662 est.
871 1600 1163 1665 Coniurati
1190 1621 1223 1662 e
1258 1602 1504 1663 vinculis
1527 1603 1836 1681 triplicium
1866 1611 2192 1662 catenarum
2221 1599 2427 1660 dixere
2457 1619 2510 1658 ιε.

441 1704 701 1763 causam,
742 1704 869 1746 cum
905 1685 1131 1765 quidam
1160 1686 1311 1747 ultro
1344 1687 1560 1746 crimen
1588 1687 1936 1762 faterentur,
1965 1683 2223 1746 nonnulli
2257 1685 2432 1743 etiam

438 1773 801 1847 imputarent,
838 1779 1125 1847 tamquam
1154 1769 1335 1830 aliter
1366 1770 1606 1830 illinon
1639 1776 1894 1847 possent
1919 1769 2043 1829 nisi
2067 1774 2264 1829 morte
2291 1783 2430 1827 suc-

440 1870 693 1912 currere
734 1851 1106 1914 dcdecorato
1152 1851 1412 1932 flayitiis
1456 1853 1754 1913 omnibus.
1817 1852 2220 1913 Damnatorum
2258 1841 2430 1910 liberi

439 1935 582 1993 urbe
626 1935 778 2013 pulsi
830 1937 1135 2014 enectique
1183 1954 1408 1997 veneno
1451 1945 1545 1995 aut
1595 1937 1776 2007 same;
1831 1945 2090 2013 constat,
2147 1934 2430 2014 quosdam

442 2037 567 2077 cum
595 2017 959 2096 paedagogis
986 2028 1043 2079 et
1070 2021 1329 2097 capsaris
1358 2037 1467 2079 uno
1493 2019 1732 2098 prandio
1756 2021 1974 2099 pariter
1995 2028 2252 2096 necatos,
2277 2014 2430 2077 alios
2449 2035 2502 2075 20

441 2102 697 2161 diurnum
732 2103 941 2162 victum
971 2103 1296 2182 prohibitos
1326 2121 1630 2182 quaerere.

356 2193 419 2248 37
564 2184 771 2245 Nullus
816 2185 1062 2263 posthac
1102 2185 1386 2248 adhibitus
1432 2187 1679 2247 dilectus
1709 2195 1804 2247 aut
1832 2187 2035 2247 modus
2067 2181 2434 2246 interimendi

444 2287 839 2348 quoscumque
878 2270 1141 2330 libuisset
1186 2288 1546 2349 quacumque
1581 2270 1652 2330 de
1684 2289 1877 2331 causa.
1935 2270 2052 2330 Sed
2086 2287 2159 2328 ne
2191 2268 2262 2328 de
2302 2266 2430 2347 plu-

441 2353 599 2413 ribus
629 2353 915 2430 referam,
948 2355 1278 2414 Salvidieno
1313 2354 1494 2414 Orfito
1531 2355 1820 2414 obiectum
1852 2364 1942 2415 est
1971 2353 2127 2433 quod
2156 2351 2432 2412 tabernas

440 2447 561 2497 tres
592 2435 665 2495 de
697 2434 869 2496 domo
903 2456 1001 2497 sua
1038 2441 1193 2498 circa
1225 2439 1413 2498 forum
1445 2439 1771 2498 civitatibus
1807 2438 1878 2498 ad
1911 2441 2214 2519 stationem
2243 2436 2432 2495 locas·
2453 2461 2509 2500 25

443 2529 549 2595 set,
585 2518 791 2578 Cassio
824 2519 1090 2596 Longino
1118 2523 1257 2580 iuris
1288 2522 1555 2582 consulto
1585 2539 1656 2581 ac
1681 2521 1986 2582 luminibus
2017 2521 2246 2596 orbato,
2275 2517 2438 2596 quod

439 2606 494 2662 in
522 2611 723 2661 vetere
748 2603 951 2678 gentili
983 2613 1281 2665 stemmate
1309 2604 1375 2665 C.
1410 2603 1578 2666 Cassi
1603 2607 1970 2683 percussoris
2003 2604 2273 2666 Caesaris
2297 2603 2434 2661 ima—

441 2688 608 2763 gines
646 2687 1004 2763 retinuisset,
1054 2687 1233 2748 Paeto
1268 2688 1563 2750 Thraseae
1604 2691 1825 2750 tristior
1859 2699 1918 2748 et
1949 2688 2278 2768 paedagogi
2311 2685 2436 2744 vul-

440 2780 549 2829 tus·
617 2768 766 2829 Mori
794 2771 966 2829 iussis
994 2789 1109 2831 non
1139 2772 1383 2850 amplius
1422 2791 1590 2851 quam
1630 2773 1900 2833 horarum
1942 2773 2185 2852 spatium
2230 2767 2436 2838 dabat3

440 2871 513 2914 ac
545 2872 617 2913 ne
650 2853 788 2931 quid
818 2871 1017 2914 morae
1050 2858 1453 2933 interveniret,
1495 2856 1757 2916 medicos
1795 2855 2140 2916 admovebat
2171 2854 2268 2932 qui
2299 2871 2438 2912 cun·
2457 2873 2515 2914 30

366 2977 374 2990 -
444 2947 664 2997 ctantes
708 2939 976 3000 continuo
1022 2949 1289 2998 curarent
1329 2941 1438 3019 (ita
1469 2942 1618 3000 enim
1661 2940 1978 3000 vocabatur
2015 2957 2196 2999 venas
2233 2937 2441 2996 mortis

441 3022 625 3097 gratia
658 3019 971 3098 incidere).
1032 3021 1299 3082 Creditur
1343 3025 1513 3084 etiam
1547 3023 1884 3102 polyphago
1923 3023 2144 3084 cuidam
2174 3021 2442 3098 Aegypti

439 3103 712 3180 genem,
768 3104 1003 3164 crudam
1052 3124 1284 3166 carnem
1334 3115 1392 3165 et
1437 3106 1712 3185 quidquid
1755 3106 1986 3166 daretur
2025 3105 2297 3165 mandere
2345 3121 2439 3162 as·

440 3197 636 3263 sueto,
685 3188 1034 3266 concupisse
1082 3192 1252 3248 vivos
1292 3189 1554 3250 homines
1600 3190 1898 3252 laniandos
1928 3187 2438 3264 absumendosque

442 3267 699 3330 obicere.
764 3268 967 3332 Elatus
1010 3272 1351 3352 inflatusque
1392 3275 1562 3334 tantis
1604 3273 1766 3333 velut
1805 3273 2211 3348 successibus,
2251 3287 2436 3347 nega·
2459 3288 2511 3330 35
2561 3283 2572 3296 ·

437 3352 519 3410 vit
554 3370 915 3434 quemquam
940 3355 1295 3433 principum
1334 3357 1532 3418 scisse
1569 3357 1720 3436 quid
1755 3356 1880 3418 sibi
1915 3357 2158 3433 liceret,
2199 3353 2436 3414 multas·

440 3451 551 3510 que
588 3447 699 3495 nec
726 3435 929 3495 dubias
971 3438 1426 3513 significationes
1468 3458 1648 3519 saepe
1687 3441 1861 3517 iecit,
1906 3460 1980 3500 ne
2024 3439 2268 3518 reliquis
2306 3437 2436 3515 qui-

438 3515 567 3575 dem
602 3535 666 3576 se
709 3536 1011 3596 parsurum
1052 3521 1447 3600 senatoribus,
1489 3541 1735 3602 eumque
1777 3525 2036 3585 ordinem
2080 3521 2440 3592 sublaturum
