2700 4234
420 296 539 361 168
612 309 679 358 .c.
714 305 1016 359 summu
1046 310 1304 370 ramo.
1336 311 1628 374 vnvm-A
1663 311 2032 360 caussam:
2063 311 2205 359 ms.
2231 313 2302 359 v.

412 467 711 545 legantem
757 469 894 527 item
918 463 1241 528 Ciceronis
1268 465 1687 545 defensionem
1713 466 2022 528 adven-m
2045 463 2230 527 Asini
2255 465 2440 528 Gaui.

414 550 613 612 libros
664 553 805 612 satis
846 550 1143 610 eruditam.
1202 550 1404 611 Novas
1445 553 1616 611 etiam
1662 561 2018 612 commentus
2069 559 2161 610 est
2199 550 2426 612 litteras

414 645 567 710 tres,
600 653 671 696 ac
702 650 941 695 numero
973 643 1235 694 veterum
1266 637 1432 713 quasi
1475 637 1720 696 maxime
1763 637 2132 696 necessarias
2173 632 2420 705 addidit;

414 719 487 780 de
532 737 769 798 quarum
816 720 1042 779 ratione
1082 735 1211 778 cum
1252 720 1514 797 privatus
1559 717 1745 780 adhuc
1789 718 2062 780 volumen
2119 717 2420 795 edidisset,

412 821 552 864 mox
583 805 860 883 princeps
896 819 1015 862 non
1059 802 1374 862 difficulter
1408 805 1653 883 optinuit
1686 813 1746 863 ut
1786 805 1843 863 in
1875 822 1980 863 usu
2015 819 2246 882 quoque
2282 819 2418 881 pro·
2447 821 2478 860 5

412 889 633 948 miscuo
665 895 881 948 essent.
944 885 1122 946 Extat
1177 886 1311 947 talis
1357 889 1644 966 scriptura
1691 889 1749 946 in
1794 887 2092 966 plerisque
2137 886 2298 946 libris
2347 904 2422 946 ac

414 973 633 1032 diurnis
664 971 963 1051 titulisque
994 987 1255 1048 operum.

328 1063 397 1117 42
534 1055 663 1116 Nee
716 1057 938 1114 minore
991 1071 1128 1114 cura
1182 1054 1408 1115 Graeca
1451 1053 1636 1115 studia
1691 1059 1926 1115 secutus
1979 1062 2103 1130 est,
2163 1071 2420 1114 amorem

416 1140 940 1220 praestantiamque
971 1137 1203 1216 liuguae
1236 1139 1554 1199 occasione
1582 1141 1736 1199 omni
1768 1138 2090 1217 professus.
2181 1135 2420 1198 Cuidam

414 1223 665 1285 barbaro
699 1223 922 1286 Graece
967 1239 1037 1281 ac
1081 1222 1279 1282 Latine
1320 1221 1632 1282 disserenti
1679 1220 1831 1284 Cum
1869 1229 2160 1302 utroque,
2210 1223 2416 1300 inquit,
2439 1239 2516 1292 ιο,

413 1325 695 1369 sermone
732 1312 949 1370 nostro
985 1305 1078 1364 sis
1114 1313 1431 1383 paratus,·
1477 1316 1538 1368 et
1579 1309 1636 1366 in
1669 1305 2122 1367 commendanda
2151 1305 2416 1384 patribus

415 1393 765 1470 conscriptis
788 1389 1009 1450 Achaia
1026 1435 1043 1465 ,
1076 1396 1329 1469 qratam
1351 1389 1478 1451 siba·
1496 1390 1888 1469 provinciam
1917 1392 1996 1451 ait
2013 1390 2418 1451 communium

411 1475 757 1538 studiorum
794 1474 1158 1535 commercio
1172 1499 1202 1544 ‚·
1248 1491 1319 1536 ac
1348 1493 1530 1554 saepe
1565 1477 1623 1534 in
1654 1483 1856 1535 senatu
1885 1474 2098 1553 legatis
2128 1483 2417 1552 perpetua

413 1563 679 1621 oratione
715 1557 1034 1637 respondit.
1080 1557 1315 1618 Multum
1353 1576 1499 1619 vero
1543 1578 1651 1639 pro
1693 1558 1964 1620 tribunali
1999 1559 2170 1618 etiam
2197 1557 2413 1618 Home-

410 1646 551 1704 ricis
581 1643 812 1704 locutus
848 1650 938 1702 est
969 1643 1254 1702 versibus.
1317 1642 1600 1718 Quotiens
1636 1643 1865 1721 quidem
1895 1642 2122 1702 hostem
2151 1642 2250 1701 vel
2280 1643 2414 1702 insi·
2438 1661 2492 1702 15

413 1727 693 1790 diatorem
742 1725 893 1786 ultus
954 1735 1145 1803 esset,
1212 1727 1538 1787 excubitori
1587 1726 1814 1787 tribuno
1863 1728 2088 1804 signum
2132 1724 2204 1786 de
2247 1743 2418 1786 more

412 1813 678 1910 poscenti
708 1828 823 1870 uon
854 1819 1073 1868 temere
1103 1810 1256 1870 aliud
1284 1810 1473 1906 dedit,
1508 1828 1703 1889 quam.

514 1882 754 1974 ‘'''Avdo
800 1881 1320 1992 ἀπαμύνασθαι)
1362 1913 1472 1955 ove
1507 1915 1606 1966 τις
1636 1887 1958 1976 πρότερος
1997 1885 2360 1975 χαλεπήνῃ.

528 1977 792 2055 Denique
818 1984 876 2035 et
900 1976 1157 2038 Graecas
1182 1979 1419 2056 scripsit
1440 1977 1732 2058 historias,
1759 1978 2160 2056 Tyrrhenicon
2184 1980 2412 2056 viginti,

414 2060 930 2124 Carchedoniacon
984 2070 1141 2121 octo.
1231 2060 1482 2136 Quarum
1548 2081 1721 2124 causa
1774 2065 1958 2123 veteri
2021 2061 2414 2123 Alexandriae
2433 2088 2490 2128 20

409 2147 593 2211 Musio
612 2146 642 2185 *
666 2144 916 2206 additum
939 2163 1015 2204 ex
1038 2147 1219 2224 ipsius
1241 2148 1502 2216 nomine:
1541 2148 1969 2226 institutumque
1994 2156 2052 2206 ut
2080 2155 2220 2226 quot
2249 2149 2416 2207 annis

407 2234 464 2292 in
497 2231 680 2290 altero
710 2228 1110 2304 Tyrrhenicon
1140 2228 1305 2305 libri,
1338 2231 1394 2289 in
1437 2231 1620 2291 altero
1658 2230 2173 2292 Carchedoniacon
2207 2229 2414 2291 diebus

410 2315 633 2376 statutis
681 2314 841 2374 velut
892 2315 949 2373 in
1006 2314 1289 2375 auditorio
1334 2316 1720 2377 recitarentur
1767 2318 1870 2377 toti
1921 2335 1954 2376 a
2009 2313 2249 2392 singulis
2301 2333 2414 2393 per

408 2418 596 2460 vices.

322 2488 393 2544 43
537 2481 655 2542 Sub
691 2484 849 2542 exitu
879 2483 1030 2542 vitae
1060 2483 1225 2558 signa
1254 2482 1565 2562 quaedam,
1596 2501 1709 2543 nec
1744 2483 2026 2559 obscura,
2057 2483 2410 2562 paenitentis
2429 2506 2486 2546 25

409 2567 481 2626 de
516 2567 873 2626 matrimonio
907 2565 1269 2644 Agrippinae
1298 2566 1488 2647 deque
1515 2566 1770 2626 Neronis
1801 2567 2114 2646 adoptione
2147 2565 2408 2626 dederat.

408 2649 757 2728 Siquidem,
788 2651 1365 2710 commemorantibus
1415 2647 1640 2711 libertis
1678 2669 1748 2710 ac
1799 2651 2159 2712 laudantibus
2204 2651 2406 2727 cogni-

408 2735 651 2810 tionem,
713 2749 825 2812 qua
884 2731 1071 2815 pridie
1120 2734 1402 2811 quandam
1449 2734 1712 2796 adulterii
1772 2753 1928 2796 ream
1974 2733 2406 2810 condemnarat,

406 2817 530 2878 sibi
562 2835 801 2898 quoque
827 2817 891 2878 in
914 2817 1071 2896 fatis
1104 2835 1241 2879 esse
1268 2821 1502 2880 iactavit
1531 2819 1738 2880 omnia
1763 2819 2110 2898 impudica,
2142 2817 2256 2878 sed
2280 2835 2410 2878 non

404 2902 707 2979 impunita
728 2901 1159 2972 matrimonia,
1154 2927 1167 2940 ·
1214 2913 1273 2963 et
1308 2901 1548 2963 subinde
1597 2903 1827 2964 obvium
1867 2903 1975 2964 sibi
2015 2900 2405 2962 Britannicum
2427 2925 2482 2966 3⁸

407 2988 585 3046 artius
629 2986 971 3065 complexus
1013 2986 1272 3046 hortatus
1305 2997 1427 3062 est,
1475 2994 1547 3048 ut
1574 2994 1882 3050 cresceret
1909 2987 2333 3066 rationemque
2363 3003 2412 3044 a

406 3087 476 3130 se
507 3070 769 3130 omnium
800 3069 1112 3168 factorum
1150 3071 1506 3174 (reciperen
1549 3071 1774 3133 Graeca
1815 3073 2053 3150 insuper
2085 3089 2236 3130 voce
2268 3086 2406 3147 pro-

406 3163 672 3215 secutus:
720 3141 756 3214 ὁ
782 3143 1038 3233 τρώσας
1068 3146 1175 3214 καὶ
1203 3145 1477 3216 ἰάσεται.
1545 3154 1802 3234 Cumque
1835 3154 2049 3234 impubi
2080 3163 2409 3233 teneroque

406 3236 621 3314 adhuc,
672 3237 897 3316 quando
933 3245 1147 3298 statura
1181 3227 1572 3316 permitteret,
1617 3247 1812 3316 togam
1859 3239 1999 3299 dare
2031 3238 2402 3315 destinasset,

406 3283 649 3381 adiecit’:
719 3319 798 3382 Ut
826 3319 1071 3382 tandem
1106 3321 1382 3401 populus·
1413 3322 1489 3382 R.
1533 3340 1742 3383 verum
1781 3321 2118 3383 Caesarem
2146 3320 2401 3383 habeat.
2425 3341 2478 3384 as

319 3404 536 3466 44Non
566 3404 861 3482 multoque
898 3414 1033 3484 post
1074 3413 1472 3466 testamentum
1508 3407 1678 3467 etiam
1721 3409 2070 3486 conscripsit
2109 3424 2181 3467 ac
2217 3407 2406 3483 signis

407 3487 656 3547 omnium
672 3490 1101 3564 magistratuum
1126 3486 1474 3567 obsignavit.
1504 3490 1667 3550 Prius
1692 3493 1865 3569 igitur
1892 3508 2057 3570 quam
2089 3489 2234 3550 ultra
2263 3507 2404 3568 pro-

404 3570 783 3648 grederetur,
818 3580 1169 3651 praeventus
1195 3581 1285 3632 est
1313 3573 1386 3632 ab
1409 3573 1738 3653 Agrippina
1755 3620 1772 3654 ,
1800 3593 1966 3655 quam
1996 3581 2231 3654 praeter
2253 3573 2408 3635 haec
