2700 4234
980 352 1191 401 DIVUS
1232 352 1613 402 AUGUSTUS.
2023 368 2028 375 ·
2227 350 2308 410 45

294 519 415 587 cta,
462 511 601 570 utin
628 525 777 570 nave
822 508 1011 567 victor
1052 509 1505 586 pernoctaverit.
1572 507 1666 567 Ab
1697 510 1870 570 Actio
1916 530 2043 572 cum
2079 514 2308 576 Samum

291 596 348 653 in
376 593 620 653 hiberna
652 612 717 652 se
749 593 1115 669 recepisset,
1164 589 1423 651 turbatus
1456 594 1667 652 nuntiis
1699 593 1772 654 de
1815 594 2100 658 seditione
2132 618 2303 678 prae-

290 680 401 737 mia
436 687 496 737 et
524 679 858 739 missionem
888 677 1284 754 poscentium,
1334 693 1482 754 quos
1525 694 1600 735 ex
1631 680 1783 737 omni
1823 697 2060 741 numero
2105 684 2279 747 conse

292 772 385 822 cta
432 763 679 821 victoria
716 758 1075 820 Brundisium
1111 762 1524 839 praemiserat,
1560 764 1812 840 repetita
1839 761 2038 841 Italia,
2085 775 2279 846 tempe

243 854 440 905 astate
484 847 542 905 in
586 848 833 905 traiectu
876 843 967 903 bis
1024 843 1387 905 conflictatus
1442 846 1661 924 (primo
1705 848 1858 906 inter
1910 854 2304 926 promuntoria

287 929 687 1008 Peloponnesi
718 937 889 1007 atque
914 926 1221 1005 Aetoliae,
1266 946 1467 989 rursus
1512 930 1670 990 circa
1699 938 1928 991 montes
1961 930 2302 1013 CeraunioS,

288 1012 598 1093 utrubique
641 1021 811 1092 parte
855 1011 1264 1071 liburnicarum
1311 1012 1610 1091 demersa,
1669 1014 1834 1076 simul
1875 1017 2031 1094 eius,
2092 1018 2150 1077 in
2192 1037 2302 1098 qua

287 1096 650 1175 vehebatur,
696 1097 840 1157 susis
888 1098 1253 1157 armamentis
1296 1104 1356 1156 et
1398 1095 1796 1174 gubernaculo
1847 1098 2145 1180 diffracto)
2191 1121 2302 1162 nec

290 1181 538 1260 amplius
572 1200 740 1261 quam
764 1189 993 1260 septem
1030 1190 1089 1240 et
1117 1182 1323 1257 viginti
1353 1180 1496 1257 dies,
1529 1181 1716 1242 donec
1748 1183 2038 1244 desideria
2065 1185 2302 1245 militum

216 1285 271 1328 ιο
296 1266 729 1343 ordinarentur,
774 1264 1059 1325 Brundisii
1112 1274 1532 1342 commoratus,
1595 1266 1775 1327 Asiae
1820 1268 2142 1348 Syriaeque
2190 1273 2299 1329 cir-

290 1352 446 1409 cuitu
478 1348 812 1428 Aegyptum
845 1350 993 1428 petit
1019 1347 1382 1428 obsessaque
1414 1348 1820 1428 Alexandrea,
1867 1369 1982 1430 quo
2015 1352 2300 1414 Antonius

286 1452 418 1494 cum
455 1431 773 1512 Cleopatra
813 1432 1193 1509 confugerat,
1234 1432 1402 1493 brevi
1447 1436 1663 1511 potitus
1705 1445 1813 1495 est.
1882 1434 1959 1495 Et
1989 1436 2302 1498 Antonium

284 1517 552 1597 quidem,
592 1534 757 1577 seras
790 1516 1153 1577 conditiones
1179 1518 1343 1596 pacis
1377 1526 1769 1596 temptantem,
1803 1519 1873 1579 ad
1902 1530 2144 1580 mortem
2168 1521 2300 1581 ade·

282 1603 373 1679 git
406 1597 665 1681 viditque
694 1610 995 1660 mortuum.
1068 1598 1422 1680 Cleopatrae
1441 1645 1460 1678 ,
1493 1618 1660 1680 quam
1691 1611 1980 1663 servatam
2010 1605 2298 1683 triumpho

212 1708 262 1749 15
284 1702 652 1764 magnopere
697 1683 1003 1763 cupiebat,
1062 1686 1234 1744 etiam
1278 1685 1506 1763 psyllos
1553 1684 1833 1763 admovit,
1880 1688 1975 1765 qui
2015 1705 2301 1747 venenum

283 1789 355 1831 ac
399 1772 557 1829 virus
602 1776 961 1847 exugerent,
1018 1767 1171 1847 quod
1216 1772 1445 1848 perisse
1487 1786 1684 1830 morsu
1718 1769 1936 1848 aspidis
1972 1771 2296 1849 putabatur.

279 1852 586 1915 Ambobus
622 1870 980 1913 communem
1014 1851 1349 1932 sepulturae
1391 1852 1672 1913 honorem
1701 1853 1896 1914 tribuit
1927 1874 1995 1915 ac
2027 1856 2299 1915 tumulum

281 1938 355 1999 ab
400 1938 547 2017 ipsis
590 1937 921 1997 inchoatum
961 1938 1168 2016 perfici
1199 1938 1382 1998 iussit.
1457 1937 1766 1998 Antonium
1794 1940 2090 2017 iuvenem,
2124 1941 2298 1999 maio·

281 2038 410 2083 rem
439 2021 510 2082 de
560 2020 783 2081 duobus
826 2020 1030 2081 Fulvia
1062 2023 1305 2099 genitis,
1350 2020 1659 2082 simulacro
1691 2022 1823 2082 Divi
1865 2021 2004 2100 Iuli,
2045 2023 2115 2083 ad
2146 2023 2299 2104 quod

206 2132 262 2173 20
284 2114 426 2187 post
460 2105 666 2167 multas
698 2115 757 2165 et
788 2106 980 2165 irritas
1009 2122 1223 2185 preces
1256 2106 1621 2183 confugerat,
1655 2105 1956 2186 abreptum
1986 2110 2295 2168 interemit.

276 2192 428 2253 Item
474 2188 920 2267 Caesarionem,
970 2207 1141 2268 quem
1171 2208 1247 2249 ex
1281 2187 1538 2250 Caesare
1585 2188 1902 2269 Cleopatra
1947 2194 2298 2269 concepisse

277 2272 696 2356 praedicabat,
743 2282 1060 2335 retractum
1107 2291 1140 2332 e
1185 2273 1327 2351 fuga
1363 2273 1652 2353 supplicio
1701 2273 1934 2333 adfecit.
2013 2274 2298 2353 Reliquos

214 2352 243 2365 ‘
276 2360 520 2420 Antonii
561 2360 921 2436 reginaeque
951 2374 1281 2417 communes
1323 2357 1546 2417 liberos
1575 2375 1691 2418 non
1722 2376 1894 2417 secus
1929 2376 1998 2417 ac
2038 2360 2296 2418 necessi-

276 2443 479 2504 tudine
510 2444 739 2502 iunctos
756 2441 868 2502 sibi
898 2451 957 2502 et
986 2444 1360 2501 conservavit
1391 2451 1448 2502 et
1475 2459 1608 2502 mox
1626 2460 1734 2519 pro
1763 2442 2094 2501 conditione
2111 2444 2294 2501 cuius-

206 2550 258 2591 25
279 2546 397 2607 que
432 2528 699 2587 sustinuit
728 2545 798 2588 ac
836 2526 1003 2587 fovit.
1060 2524 1175 2585 Per
1204 2524 1356 2586 idem
1399 2534 1626 2605 tempus
1665 2525 2046 2587 conditorium
2078 2535 2138 2586 et
2168 2543 2293 2585 cor·
2315 2536 2383 2589 18

276 2630 393 2691 pus
420 2610 622 2689 Magni
649 2610 1007 2687 Alexandri,
1069 2627 1197 2669 cum
1229 2611 1517 2689 prolatum
1551 2628 1584 2669 e
1625 2611 1914 2690 penetrali
1950 2609 2298 2670 subiecisset

279 2694 501 2772 oculis,
537 2712 757 2755 corona
794 2712 969 2755 aurea
1005 2695 1275 2773 imposita
1312 2713 1380 2754 ac
1412 2693 1653 2754 floribus
1692 2696 1952 2774 aspersis
1983 2702 2296 2754 veneratus

280 2788 407 2855 est,
456 2778 903 2859 consultusque,
947 2795 1077 2838 num
1120 2787 1179 2838 et
1203 2778 1599 2839 Ptolemaeum
1629 2780 1926 2858 inspicere
1955 2778 2164 2856 vellet,
2195 2796 2292 2837 re-

277 2880 419 2943 yem
444 2880 513 2923 sc
537 2863 815 2924 voluisse
841 2864 920 2923 ait
944 2862 1180 2940 videre,
1212 2881 1337 2924 non
1363 2868 1662 2923 mortuos.
1715 2862 2050 2941 Aegyptum
2079 2864 2137 2920 in
2160 2879 2293 2940 pro—

206 2969 261 3011 so
285 2948 520 3007 vinciae
554 2948 799 3008 formam
831 2945 1127 3007 redactam
1156 2955 1215 3006 ut
1246 2947 1598 3007 feraciorem
1632 2943 2092 3025 habilioremque
2121 2963 2294 3005 anno·

276 3050 393 3092 nae
424 3030 665 3094 urbicae
696 3030 998 3108 redderet,
1034 3031 1228 3092 fossas
1260 3033 1479 3109 omnis,
1511 3033 1570 3090 in
1601 3049 1743 3111 quas
1775 3029 1942 3090 Nilus
1975 3038 2294 3103 exaestuat,

278 3116 591 3179 oblimatas
651 3115 829 3194 longa
865 3123 1155 3175 vetustate
1200 3115 1432 3175 militari
1474 3133 1660 3194 opere
1705 3115 1969 3177 detersit.
2050 3113 2294 3193 Quoque

277 3202 567 3262 Actiacae
598 3202 880 3260 victoriae
916 3201 1193 3261 memoria
1232 3199 1588 3260 celebratior
1617 3208 1677 3259 et
1703 3202 1759 3259 in
1788 3207 2087 3278 posterum
2113 3206 2292 3274 esset,

276 3284 483 3345 urbem
513 3283 847 3363 Nicopolim
888 3284 1040 3363 apud
1081 3283 1313 3344 Actium
1353 3283 1606 3343 condidit
1647 3281 1931 3361 ludosque
1972 3281 2091 3343 illic
2135 3283 2293 3361 quin-

206 3388 260 3432 as
283 3368 607 3448 quennales
656 3369 951 3429 constituit
990 3376 1049 3427 et
1076 3367 1349 3447 ampliato
1387 3375 1592 3428 vetere
1621 3365 1914 3446 Apollinis
1959 3366 2178 3445 templo
2209 3365 2293 3425 lo-

282 3470 412 3513 cum
468 3461 826 3531 castrorum,
887 3452 1092 3531 quibus
1147 3452 1339 3513 fuerat
1381 3470 1549 3530 usus,
1611 3460 1950 3511 exornatum
1995 3447 2295 3509 navalibus

280 3536 491 3615 spoliis
519 3535 795 3615 Neptuno
826 3554 895 3597 ac
926 3536 1096 3598 Marti
1127 3536 1516 3596 consecravit.

411 3620 711 3680 Tumultus
746 3620 991 3699 posthac
1026 3628 1087 3679 et
1114 3638 1308 3681 rerum
1338 3638 1616 3680 novarum
1652 3619 1811 3679 initia
1843 3616 2295 3677 coniurationes·
2312 3622 2378 3675 19
