2700 4234
511 780 603 864 G.
664 780 1146 865 SUETONI
1202 700 1885 874 TRANQUILLI¹

240 936 1047 1063 DEVITA
1160 964 2186 1110 CAESARUM

0 1164 47 1497 ἱ
1029 1136 1398 1204 LIBERI.

817 1298 1151 1369 mvus
1220 1293 1636 1379 IULIUS.'

1087 1453 1119 1487 δῖε
1205 1454 1237 1489 ³3=
1322 1456 1356 1489 xz

352 1590 643 1641 Suetonius
672 1592 752 1640 ait
784 1592 840 1641 in
862 1591 983 1641 vita
1007 1591 1266 1655 Caesaris
1281 1630 1295 1657 ,
1331 1611 1596 1660 responsa.
1619 1611 1738 1647 esse
1769 1598 1902 1648 data
1925 1615 2022 1663 per
2046 1603 2222 1651 totum

211 1674 427 1736 orbem,
457 1674 613 1733 nasci
638 1674 906 1726 invictum
934 1674 1336 1739 imperatorem.

1153 1776 1382 1833 Servius
1413 1779 1491 1834 ad
1535 1778 1696 1850 Verq.
1733 1778 1872 1834 Aen.
1907 1784 1966 1844 6,
2010 1783 2136 1836 799.

1083 1966 1117 2003 1*
1201 1968 1235 2003 ’le
1320 1968 1356 2003 4⁹

333 2158 566 2219 Annum
613 2175 799 2233 agens
828 2167 1052 2218 sextum
1095 2158 1375 2219 decimum
1408 2169 1629 2239 patrem
1661 2162 1877 2228 amisit3
1930 2163 2217 2239 sequenti·
2244 2159 2272 2209 l

207 2242 441 2321 busque
473 2240 809 2301 consulibus
830 2242 1037 2302 flamen
1066 2242 1246 2303 Dialis
1279 2243 1630 2323 destinatuS,
1663 2243 1895 2302 dimissa
1927 2242 2216 2321 Cossutia,
2310 2282 2344 2352 q
2371 2290 2397 2325 ι

35 2326 47 2334 ’
138 2346 190 2388 10
208 2344 360 2405 quae
394 2324 612 2385 familia
638 2328 891 2403 equestri
924 2326 1027 2385 sed
1058 2326 1360 2387 admodum
1383 2327 1547 2387 dives
1569 2324 1935 2405 praetextato
1965 2326 2216 2404 despon-

207 2419 333 2471 sata
375 2408 603 2484 fuerat,
653 2407 982 2469 Corneliam
1028 2408 1243 2471 Cinnae
1290 2420 1492 2488 quater
1537 2409 1793 2471 consulis
1841 2409 2015 2469 filiam
2057 2410 2219 2469 duxit

205 2510 492 2567 uxorem,
532 2504 613 2551 'ex
644 2510 755 2570 qua
786 2492 866 2551 illi
905 2510 1042 2552 mox
1072 2493 1214 2553 Iulia
1245 2503 1376 2553 nata
1411 2502 1528 2564 est;
1577 2511 1768 2573 neque
1800 2501 1859 2552 ut
1887 2492 2220 2570 repudiaret
2263 2534 2270 2539 ·

38 2634 42 2643 ,
207 2574 493 2655 compelli
522 2594 557 2634 a
589 2574 869 2635 dictatore
902 2576 1059 2635 Sulla
1100 2577 1219 2636 ullo
1246 2578 1419 2637 modo
1451 2579 1652 2654 potuit.
1712 2578 1905 2652 Quare
1936 2585 1994 2636 et
2022 2595 2216 2637 sacer-

205 2659 369 2720 dotio
396 2666 458 2717 et
484 2660 685 2717 uxoris
709 2658 843 2719 dote
868 2668 925 2719 et
944 2660 1235 2737 gentilicis
1264 2660 1676 2721 hereditatibus
1701 2660 1998 2737 multatus„
2026 2659 2216 2719 diver·

136 2765 187 2805 ιε
207 2762 403 2803 sarum
431 2742 674 2821 partium
703 2742 1041 2820 habebatur,
1066 2752 1125 2803 ut
1150 2745 1319 2804 etiam
1345 2743 1650 2805 discedere
1671 2762 1704 2803 e
1726 2744 1916 2802 medio
1943 2753 2000 2802 et
2025 2761 2216 2821 quam-

207 2845 381 2906 quam
413 2825 623 2885 morbo
658 2835 971 2904 quartanae
1000 2827 1351 2904 adgravante
1381 2824 1572 2907 prope
1599 2845 1707 2905 per
1732 2826 1989 2903 singulas
2011 2834 2218 2885 noctes

208 2918 571 2971 commutare
612 2909 867 2970 latebras
902 2918 1246 2987 cogeretur,
1294 2928 1477 2991 seque
1517 2909 1590 2970 ab
1638 2908 2070 2989 inquisitoribus
2117 2926 2217 2987 pe-

208 2995 379 3054 cunia
426 2993 765 3064 redimeret;
802 2993 994 3054 donec
1039 3012 1145 3073 per
1184 2994 1441 3071 virgines
1487 2992 1794 3069 Vestales,
1836 3010 2060 3071 perque
2098 2992 2217 3051 Ma-

206 3096 471 3154 mercum
502 3076 805 3137 Aemilium
839 3086 897 3137 et
926 3076 1221 3137 Aurelium
1258 3076 1484 3137 Cottam
1517 3076 1882 3156 propinquos
1911 3084 1968 3134 et
1999 3076 2219 3134 adfines

134 3182 187 3222 κο
208 3177 350 3221 suo-s
384 3162 614 3220 veniam
646 3162 989 3240 impetravit.
1045 3161 1196 3220 Satis
1220 3168 1446 3221 constat
1477 3160 1724 3236 Sullam,
1751 3153 1876 3221 cum
1899 3158 2217 3237 deprecan-

207 3243 363 3304 tibus
412 3244 777 3304 amicissimis
826 3251 885 3303 et
924 3243 1299 3304 ornatissimis
1329 3244 1469 3303 viris
1509 3244 1836 3323 aliquandiu
1867 3242 2221 3319 denegasset

211 3336 387 3405 atque
412 3326 503 3387 illi
533 3326 904 3405 pertinaciter
928 3326 1383 3403 contenderent,
1416 3336 1805 3405 expugnatum
1831 3324 2061 3387 tandem
2086 3343 2225 3404 pro-.

212 3408 503 3469 clamasse
521 3456 539 3487 ,
589 3412 714 3470 sive
763 3409 1030 3471 divinitus
1073 3411 1198 3469 sive
1243 3411 1434 3489 aliqua
1492 3404 1856 3487 coniectura,
1910 3411 2222 3469 vincerent

210 3508 293 3551 ac
318 3492 446 3553 sibi
474 3492 803 3571 haberent,
835 3492 977 3553 dum
996 3493 1177 3568 modo
1204 3493 1434 3555 scirent
1463 3512 1624 3570 eum,
1660 3512 1832 3573 quem
1860 3492 2221 3554 incolumem

209 3580 387 3636 tanto
443 3593 635 3653 opere
688 3583 1009 3655 cuperent,
1069 3575 1437 3657 quandoque
1477 3578 1855 3657 optimatium
1907 3574 2221 3657 partibuS,

1811 3662 1841 3721 1
1859 3659 1896 3695 8
