2700 4234
939 322 1151 370 mvus
1190 321 1556 371 eLAunms.
1829 303 1837 312 '
2127 311 2249 374 169

247 478 598 538 conscientia
632 495 898 557 quoque,
932 493 1045 538 nec
1076 479 1259 537 minus
1291 477 1590 538 delatores
1618 478 1924 539 multorum
1956 479 2249 539 criminum

244 560 581 639 arguebant.

367 645 443 705 Et
476 663 704 706 veneno
736 645 965 724 quidem
998 645 1257 705 occisum
1303 645 1605 715 convenit;
1665 644 1764 706 ubi
1807 654 1994 706 autem
2038 655 2099 706 et
2141 664 2250 726 per

243 746 412 808 quem
439 728 603 808 dat0,
638 730 952 808 discrepat.
1004 727 1245 804 Quidam
1276 728 1531 807 tradunt,
1567 729 1822 809 epulanti
1853 731 1911 789 in
1947 747 2085 790 arce
2119 748 2247 790 cum

202 811 651 874 §sacerdotibus
703 830 811 892 per
852 812 1121 872 Halotum
1164 810 1484 892 spadonem
1537 822 2072 892 praegustatorem;
2127 814 2246 890 alii,

241 898 563 958 domestico
611 897 883 957 convivio
924 915 1032 976 per
1085 899 1271 975 ipsam
1313 895 1730 976 Agrippinam,
1793 914 1942 975 quae
1987 897 2246 957 boletum

241 980 581 1042 medicatum
621 979 950 1041 avidissimo
1010 978 1272 1040 ciborum
1312 980 1506 1040 talium
1556 981 1865 1061 optulerat.
1944 981 2130 1041 Etiam
2171 980 2244 1040 de

242 1063 727 1143 subsequentibus
757 1064 989 1124 diversa
1022 1065 1173 1124 fama
1206 1070 1315 1124 est.
1361 1063 1525 1125 Multi
1558 1066 1746 1125 statim
1774 1064 1980 1125 hausto
2012 1081 2242 1125 veneno

242 1149 595 1210 obmutuisse
629 1150 809 1225 aiunt,
845 1149 1355 1226 excruciatumque
1391 1145 1690 1208 doloribus
1721 1157 1896 1208 nocte
1930 1156 2050 1209 tota
2082 1147 2243 1208 defe-

172 1249 223 1290 πυ
245 1235 398 1294 cisse
430 1249 618 1312 prope
656 1232 865 1293 lucem.
916 1231 1193 1292 Nonnulli
1226 1233 1376 1291 inter
1408 1232 1565 1292 initia
1597 1234 1998 1313 consopitum,
2035 1231 2246 1292 deinde

244 1316 377 1378 cibo
410 1314 683 1376 affluente
716 1317 1045 1376 evomuisse
1076 1317 1296 1392 omnia,
1330 1317 1753 1395 repetitumque
1789 1319 2023 1394 toxicO,
2057 1318 2246 1375 incer-

241 1411 356 1461 tum
375 1399 597 1480 pultine
621 1398 845 1477 addito,
877 1418 1004 1460 cum
1030 1399 1187 1459 velut
1211 1398 1550 1459 exhaustum
1576 1400 1739 1460 refici
1769 1399 1900 1460 cibo
1922 1408 2245 1480 oporteret,

244 1504 314 1546 an
342 1485 598 1544 immisso
635 1502 744 1564 per
777 1483 1067 1560 clystera,
1096 1492 1158 1542 ut
1193 1483 1360 1563 quasi
1393 1481 1736 1544 abundantia
1766 1483 2052 1545 laboranti
2077 1485 2247 1544 etiam

240 1568 359 1629 hoc
388 1585 609 1646 genere
640 1568 960 1645 egestionis
992 1567 1415 1628 subveniretur.
1446 1567 1608 1628 Mors
1639 1569 1764 1628 eius
1789 1568 1975 1628 celata
2000 1576 2109 1644 est,
2144 1566 2242 1626 do·
2261 1575 2348 1631 45.

176 1675 224 1716 15
240 1671 352 1712 nec
396 1653 551 1712 circa
590 1669 999 1713 successorem
1033 1651 1221 1711 omnia
1270 1649 1688 1711 ordinarentur.
1747 1649 1948 1729 Itaque
1991 1660 2050 1711 et
2081 1651 2245 1728 quasi

244 1753 353 1816 pro
392 1752 575 1812 aegro
606 1733 791 1794 adhuc
821 1745 956 1795 vota
990 1742 1263 1814 suscepta
1297 1744 1460 1812 sunt,
1505 1743 1563 1794 et
1607 1734 1821 1794 inducti
1869 1752 1978 1814 per
2019 1733 2245 1794 simula-

242 1820 458 1879 tionem
479 1817 765 1896 comoedi,
799 1820 893 1897 qui
912 1820 1069 1879 velut
1094 1817 1520 1879 desiderantem
1545 1819 1928 1879 oblectarent.
1973 1817 2248 1878 Excessit

242 1902 343 1963 111.
358 1901 443 1962 ld.
463 1900 670 1962 Octob.
696 1902 899 1962 Asinio
926 1901 1232 1980 Marcello,
1246 1901 1440 1962 Acilio
1456 1902 1672 1964 Aviola
1691 1920 1847 1964 coss.
1873 1904 2244 1980 sexagesimo

245 1995 451 2067 quarto
488 1989 725 2064 aetatis,
759 1987 984 2066 imperii
1013 1995 1217 2066 quarto
1241 1986 1467 2047 decimo
1497 2005 1682 2064 anno,
1716 1987 2131 2065 funeratusque
2158 1992 2248 2044 est

174 2069 511 2133 eosollemni
554 2072 875 2150 principum
906 2087 1119 2151 pompa
1162 2079 1221 2130 et
1265 2072 1323 2131 in
1371 2088 1666 2131 numerum
1715 2071 1952 2131 deorum
1997 2070 2244 2137 relatus;

245 2172 412 2233 quem
444 2153 728 2215 honorem
754 2172 786 2216 a
813 2154 1054 2214 Nerone
1085 2152 1418 2214 destitutum
1442 2154 1833 2235 abolitumque
1863 2156 2087 2233 recepit
2112 2169 2247 2212 mox

246 2256 351 2317 per
382 2239 824 2317 Vespasianum.
890 2238 1203 2316 Praesagia
1238 2241 1440 2298 mortis
1471 2241 1596 2299 eius
1638 2239 1953 2318 praecipua
1984 2237 2347 2301 fuer-nutat&

245 2331 484 2381 exortus
526 2321 767 2382 crinitae
808 2321 1049 2396 stellae,
1104 2333 1273 2400 quam
1306 2330 1572 2382 cometen
1614 2330 1860 2397 vocant,
1916 2329 2246 2396 tactumque

245 2405 317 2464 de
353 2405 521 2464 caelo
551 2415 973 2465 monumentum
1003 2404 1176 2465 Drusi
1213 2406 1428 2484 patris,
1475 2415 1532 2466 et
1563 2405 1716 2485 quod
1750 2404 1956 2466 eodem
1988 2419 2137 2463 anno
2172 2420 2248 2460 ex

175 2507 225 2548 25
248 2490 498 2548 omnium
527 2489 954 2564 magistratuum
983 2506 1204 2564 genere
1237 2489 1506 2568 plerique
1536 2499 1780 2550 mortem
1812 2488 2094 2550 obierant.
2131 2484 2247 2545 Sed

242 2589 358 2631 nec
388 2573 515 2651 ipse
540 2573 846 2648 ignorasse
878 2581 970 2633 aut
993 2572 1386 2633 dissimulasse
1415 2573 1608 2638 ultima
1635 2575 1784 2634 vitae
1813 2590 1953 2634 suae
1983 2581 2248 2650 tempora

242 2653 499 2732 videtur,
549 2655 770 2734 aliquot
810 2655 1037 2736 quidem
1081 2658 1455 2734 argumentis
1520 2655 1665 2718 Nam
1704 2667 1762 2718 et
1807 2674 1934 2717 cum
1977 2654 2250 2715 consules

244 2739 613 2818 designaret,
651 2741 935 2800 neminem
971 2739 1119 2800 ultra
1158 2757 1416 2800 mensem
1453 2759 1568 2820 quo
1613 2741 1756 2802 obiit
1793 2739 2143 2816 designavit,
2193 2745 2252 2795 et

246 2824 305 2881 in
348 2832 577 2900 senatu,
634 2825 725 2882 cui
780 2824 1097 2885 novissime
1140 2824 1425 2901 interfuit,
1479 2825 1712 2884 multum
1754 2823 1823 2884 ad
1875 2820 2250 2883 concordiam

178 2927 228 2968 so
248 2905 472 2966 liberos
498 2924 637 2967 suos
663 2907 1021 2982 cohortatus,
1047 2909 1345 2985 utriusque
1372 2916 1616 2970 aetatem
1633 2907 1976 2988 suppliciter
1993 2903 2251 2983 patribus

250 2989 701 3068 commendavit,
734 2999 793 3050 et
820 2991 877 3050 in
902 2991 1097 3052 ultima
1128 2993 1462 3068 cognitione
1487 3010 1595 3071 pro
1625 2991 1891 3052 tribunali
1910 2987 2256 3050 accessisse

247 3074 337 3134 ad
361 3075 548 3153 finem
584 3073 1017 3150 mortalitatis,
1074 3091 1416 3153 quamquam
1451 3075 1908 3136 abominantibus
1934 3072 2032 3151 qui
2060 3068 2248 3132 audie·

246 3157 415 3238 bant,
447 3157 632 3219 semel
662 3167 834 3238 atque
866 3160 1071 3218 iterum
1102 3158 1510 3236 pronuntiavit.

1038 3421 1496 3432 m-
