2700 4234
462 268 545 331 66
632 281 691 331 e.
721 281 1022 332 stm’rom
1053 282 1311 342 TRANQ.
1349 284 1446 331 mr.
1472 284 1640 331 vrrs
1673 284 2040 332 cursantur
2073 284 2212 330 Lm.
2244 283 2320 331 11.

464 444 679 497 tantum
733 434 890 513 quod
940 436 1239 513 pueritiam
1290 454 1570 515 egresso,
1637 438 1872 514 deinde,
1941 447 2003 497 ut
2048 440 2100 497 is
2149 437 2324 513 obiit,
2385 438 2468 497 n.

462 519 767 597 Agrippae
796 527 1035 597 nuptum
1062 518 1237 597 dedit,
1269 529 1510 581 exorata
1543 538 1771 597 sorore,
1807 530 1867 579 ut
1891 521 2004 580 sibi
2034 538 2260 597 genero
2291 520 2468 581 cede-

464 611 587 671 ret;
628 620 757 663 nam
796 611 935 661 tunc
963 601 1231 683 Agrippa
1272 604 1512 664 alteram
1553 604 1958 666 Marcellarum
1997 603 2250 665 habebat
2289 612 2350 663 et
2389 622 2470 664 ex

465 704 535 747 ea
579 684 818 746 liberos.
866 686 996 747 Hoc
1032 703 1265 765 quoque
1308 685 1613 764 defuncto,
1657 688 1850 749 multis
1891 706 1961 748 ac
2001 688 2129 763 diu,
2171 688 2342 747 etiam
2387 705 2470 747 ex

466 771 722 849 equestri
757 768 989 845 ordine,
1034 771 1478 849 circumspectis
1509 771 1982 849 condicionibus,
2025 770 2317 830 Tiberium
2349 774 2464 849 pri·
2491 789 2519 828 5

466 853 701 931 vignum
739 871 902 913 snum
944 853 1127 930 elegit
1170 855 1484 931 coegitque
1526 864 1944 933 praegnantem
1979 870 2222 935 uxorem
2236 900 2254 932 ,
2297 864 2358 913 et
2389 872 2470 913 ex

467 955 577 1016 qua
619 938 728 997 iam
758 945 926 1015 pater
956 945 1109 1015 erat,
1154 936 1461 998 dimittere.
1521 939 1600 998 Π.
1627 938 1915 999 Antonius
1947 937 2176 1014 scribit,
2224 938 2470 1017 primum

468 1039 597 1081 eum
625 1019 879 1080 Antonio
908 1020 1027 1081 filio
1060 1038 1166 1081 sno
1196 1020 1582 1100 despondisse
1611 1022 1840 1098 Iuliam,
1887 1022 2022 1081 dein
2053 1019 2320 1083 Cotisoni
2353 1020 2466 1081 Ge-

467 1114 649 1165 tarum
692 1104 858 1180 regi,
906 1121 1021 1183 quo
1065 1113 1331 1183 tempore
1377 1104 1488 1165 sibi
1529 1122 1760 1183 quoqne
1793 1108 1850 1166 in
1882 1106 2072 1165 vicem
2101 1105 2276 1165 filiam
2304 1105 2468 1181 regis

466 1189 523 1248 in
556 1188 971 1249 matrimonium
1006 1189 1271 1265 petisset.
2491 1203 2544 1245 10

382 1284 453 1339 64
588 1271 855 1350 Nepotes
884 1290 960 1331 ex
982 1271 1251 1351 Agrippa
1280 1280 1339 1331 et
1365 1271 1508 1332 Iulia
1534 1280 1656 1331 tres
1685 1271 1882 1332 habuit
1913 1269 1980 1332 C.
2006 1281 2066 1331 et
2085 1270 2148 1329 L.
2167 1278 2228 1329 et
2248 1268 2467 1348 Agrip-

467 1373 630 1437 pam,
669 1364 878 1433 neptes
922 1354 1062 1415 duas
1104 1353 1306 1415 Iuliam
1353 1363 1414 1414 et
1454 1355 1856 1435 Agrippinam.
1928 1355 2128 1416 Iuliam
2177 1353 2240 1412 L.
2283 1352 2468 1413 Paulo

470 1440 731 1501 censoris
785 1436 938 1516 tilio,
994 1438 1378 1517 Agrippinam
1421 1438 1762 1500 Germanico
1817 1441 2038 1499 sororis
2085 1455 2224 1497 suae
2263 1438 2469 1515 nepoti

470 1522 803 1583 collo-cavit.
869 1521 1065 1583 Gaium
1096 1532 1153 1581 et
1182 1520 1243 1582 L.
1276 1521 1602 1601 adoptavit,
1643 1522 1794 1583 domi
1823 1540 1930 1602 per
1958 1538 2148 1582 assem
2175 1527 2236 1579 et
2263 1518 2471 1581 libram

468 1615 696 1685 emptos
738 1622 771 1666 a
816 1614 981 1684 patre
1017 1605 1318 1685 Agrippa,
1361 1616 1715 1684 tenerosque
1745 1606 1931 1665 adhuc
1961 1605 2033 1665 ad
2067 1622 2262 1665 curam
2289 1605 2377 1663 rei
2407 1623 2466 1683 p.
2493 1619 2540 1659 ιι

470 1690 719 1752 admovit
764 1698 823 1749 et
856 1690 1129 1749 consules
1169 1689 1505 1766 designatos
1539 1691 1755 1749 circum
1785 1689 2118 1768 provincias
2147 1689 2468 1747 exercitus-

469 1792 582 1854 que
632 1773 862 1833 dimisit.
923 1772 1127 1834 Filiam
1169 1781 1228 1832 et
1270 1782 1482 1853 neptes
1508 1774 1584 1834 ita
1615 1773 1884 1850 instituit,
1926 1781 1987 1832 ut
2015 1773 2185 1831 etiam
2213 1771 2469 1831 lanificio

470 1856 895 1932 assuefaceret,
944 1864 1283 1935 vetaretque
1313 1857 1473 1938 loqui
1505 1865 1603 1917 aut
1636 1874 1818 1933 agere
1849 1858 2152 1935 quicquam
2185 1853 2296 1913 nisi
2329 1872 2467 1933 pro-

469 1940 659 2021 palam
708 1947 768 1998 et
815 1939 971 2017 quod
1009 1939 1066 1997 in
1112 1939 1344 2000 diurnos
1391 1943 1832 2001 commentarios
1870 1940 2216 2007 referretur;
2273 1945 2468 1997 extra·

468 2040 709 2085 neorum
750 2021 978 2100 quidem
1023 2032 1196 2083 coetu
1237 2024 1385 2084 adeo
1433 2023 1757 2103 prohibuit,
1799 2032 1860 2082 ut
1897 2022 1962 2083 L.
1995 2023 2253 2097 vicinio,
2301 2021 2464 2080 claro
2489 2041 2540 2081 20

471 2108 804 2185 decoroque
840 2106 1063 2183 iuveni,
1107 2108 1413 2185 scripserit
1452 2106 1768 2186 quondam,
1805 2122 2036 2184 parum
2067 2104 2336 2166 modeste
2369 2103 2467 2181 fe-

473 2190 632 2254 cisse
682 2208 847 2267 eum,
900 2189 1069 2270 quod
1108 2189 1305 2267 filiam
1344 2206 1523 2251 suam
1562 2189 1766 2251 Baias
1801 2189 2139 2253 salutatum
2175 2186 2466 2249 vertisset.

470 2275 735 2353 Nepotes
778 2282 838 2335 et
879 2274 1100 2334 litteras
1132 2283 1191 2333 et
1230 2283 1435 2335 notare
1481 2275 1708 2352 aliaque
1750 2274 2066 2335 rudimenta
2109 2290 2216 2352 per
2244 2290 2312 2330 se
2341 2270 2469 2349 ple-

470 2376 711 2437 rumque
742 2357 937 2419 docuit
966 2376 1037 2418 ac
1065 2357 1202 2418 nihil
1232 2376 1420 2437 aeque
1449 2357 1772 2420 elaboravit
1813 2376 1980 2436 quam
2020 2366 2080 2416 ut
2114 2356 2472 2416 imitarentur

474 2441 921 2519 chirographum
953 2460 1141 2511 suum:
1175 2460 1366 2521 neque
1397 2444 1660 2504 caenavit
1690 2460 1818 2517 una,
1849 2442 1959 2501 nisi
1987 2450 2045 2500 ut
2073 2442 2130 2499 in
2159 2441 2272 2499 imo
2305 2438 2468 2497 lecto
2489 2461 2542 2502 25

474 2524 828 2600 assiderent,
883 2542 1071 2603 neque
1113 2528 1225 2585 iter
1264 2525 1431 2602 fecit,
1483 2526 1593 2585 nisi
1635 2534 1695 2585 ut
1733 2524 2004 2585 vehiculo
2048 2524 2334 2583 anteirent
2375 2531 2474 2583 aut
2572 2602 2579 2605 ῃ

386 2611 453 2666 65
474 2610 628 2671 circa
656 2607 1075 2687 adequitarent.
1126 2608 1243 2669 Sed
1274 2610 1484 2670 laetum
1517 2627 1646 2669 eum
1675 2618 1848 2687 atque
1877 2608 2146 2669 fidentem
2171 2614 2230 2667 et
2261 2604 2472 2665 subole

472 2703 531 2755 et
558 2690 863 2771 disciplina
893 2691 1094 2753 domus
1114 2691 1368 2753 Fortuna
1399 2694 1670 2753 destituit.
1714 2692 1909 2767 IuliaS,
1937 2692 2112 2751 filiam
2133 2699 2192 2750 et
2209 2698 2470 2769 neptem,

472 2777 735 2838 omnibus
778 2774 1009 2854 probris
1055 2779 1464 2839 contaminatas
1505 2776 1823 2853 relegavit;
1869 2774 1936 2835 G.
1969 2783 2028 2835 et
2053 2774 2115 2833 L.
2163 2775 2220 2833 in
2251 2772 2470 2833 duode-

471 2860 677 2937 viginti
718 2878 975 2919 mensum
1020 2861 1209 2940 spatio
1253 2860 1440 2919 amisit
1483 2859 1712 2935 ambos,
1759 2858 1899 2920 Gaio
1943 2860 2001 2917 in
2037 2858 2244 2934 Lycia,
2289 2856 2544 2917 Lucioso

470 2944 763 3006 Massiliae
810 2942 1115 3004 defunctis.
1190 2943 1444 3003 Tertium
1495 2951 1768 3021 nepotem
1812 2942 2138 3021 Agrippam
2187 2940 2474 3019 simulque
2529 2968 2536 2975 ·

472 3028 796 3108 privignum
818 3025 1107 3087 Tiberium
1138 3027 1434 3105 adoptavit
1466 3027 1523 3085 in
1550 3027 1680 3085 foro
1714 3026 1852 3103 lege
1885 3026 2129 3093 curiata;
2161 3043 2238 3084 ex
2263 3024 2474 3101 quibus

473 3111 797 3190 Agrippam
826 3110 990 3171 brevi
1016 3110 1093 3171 ob
1120 3111 1410 3189 ingenium
1439 3108 1730 3169 sordidum
1761 3128 1830 3169 ac
1856 3109 2028 3169 ferox
2059 3107 2350 3169 abdicavit
2379 3125 2472 3166 se-

476 3194 782 3273 posuitque
813 3195 1164 3255 Surrentum.

593 3276 903 3355 Aliquanto
946 3286 1132 3339 autem
1174 3277 1480 3356 patientius
1517 3284 1762 3337 mortem
1806 3294 1972 3355 quam
2013 3275 2308 3336 dedecora
2334 3291 2547 3336 sno-³5

474 3376 597 3417 rum
631 3359 774 3419 tulit.
832 3358 977 3421 Nam
1014 3358 1079 3421 G.
1106 3360 1363 3439 Lucique
1404 3378 1542 3421 casu
1584 3376 1700 3420 non
1741 3358 1889 3420 adeo
1934 3360 2184 3435 fractus,
2234 3357 2308 3418 de
2351 3358 2476 3419 tilia

476 3439 689 3502 absens
718 3460 787 3503 ac
814 3442 1018 3503 libello
1048 3462 1156 3522 per
1184 3452 1552 3522 quaestorem
1577 3444 1823 3504 recitato
1853 3452 2048 3504 notum
2077 3444 2300 3503 senatui
2328 3441 2478 3501 fecit

474 3525 862 3604 abstinuitque
908 3544 1229 3603 congressu
1270 3526 1557 3587 hominum
1588 3526 1682 3587 diu
1709 3544 1854 3607 prae
1884 3526 2110 3607 pudore
2130 3572 2148 3604 ,
2191 3527 2365 3588 etiam
2398 3524 2476 3585 de
