2700 4234
486 311 1042 361 nnpnnmromm
1085 312 1451 362 mnnomm
1500 314 1902 374 RELIQUIAE.
2078 302 2193 365 281

313 465 417 526 111.
474 459 685 563 Περὶ
724 462 874 526 τοῦ
914 455 1114 528 κατὰ
1145 433 1594 546 Ῥωμαίους
1640 462 2032 528 ἐνιαυτοῦ
2079 469 2203 548 βι-

193 550 332 630 βλ
301 569 432 610 ιον
479 541 556 610 α’.
643 549 902 610 Suidas.

310 633 540 693 Annum
567 642 889 694 vertentem
915 635 1136 696 Romae
1162 635 1411 696 Licinius
1444 635 1673 714 quidem
1689 633 1888 694 Macer
1911 644 1969 696 et
1997 645 2203 714 postea

188 716 522 778 Fenestella
563 718 752 777 statim
793 718 868 778 ab
911 719 1070 778 initio
1111 718 1419 780 duodecim
1455 737 1710 778 mensum
1739 718 1919 778 fuisse
1950 721 2201 798 scripse-

149 820 171 858 5
190 810 333 878 runt,
366 801 474 860 sed
507 803 691 877 magis
719 799 883 862 Iunio
910 801 1246 862 Gracchano
1285 811 1343 861 et
1364 802 1569 862 Fulvio
1604 810 1662 860 et
1692 802 1941 863 Varroni
1973 812 2031 862 et
2062 805 2201 864 Sue·

188 885 344 944 tonio
397 884 645 962 aliisque
699 885 1080 960 credendum,
1141 888 1236 964 qui
1299 885 1503 946 decem
1553 903 1809 944 mensum
1862 895 2204 964 putaverunt

188 969 400 1046 fuisse,
439 977 500 1027 ut
531 976 664 1026 tunc
697 965 944 1028 Albanis
970 977 1123 1042 erat,
1164 968 1316 1028 unde
1347 971 1457 1029 orti
1492 970 1754 1031 Romani.
1826 967 2203 1030 Censorinus

190 1060 278 1125 20,
315 1060 369 1112 2.

309 1134 415 1195 IV.
474 1129 686 1214 Περὶ
739 1133 898 1195 τῶν
950 1129 1037 1196 ἐν
1081 1141 1251 1207 τοῖς
1302 1134 1670 1214 βιβλίοις
1716 1135 2081 1216 σημείων
2122 1128 2199 1198 α’.

64 1277 66 1280 y
132 1237 175 1278 10
321 1218 448 1268 Inde
487 1227 605 1268 sunt
643 1218 861 1268 fortasse
898 1226 1162 1285 excerpta,
1202 1235 1331 1283 quae
1364 1221 1430 1271 de
1462 1223 1595 1273 notis
1640 1221 1917 1272 Probianis
1958 1236 1986 1270 c
2031 1221 2203 1270 codice

64 1285 67 1342 i
189 1284 418 1336 Parisino
457 1285 593 1338 7530
618 1285 760 1340 Sacc.
795 1287 930 1338 VIII.
964 1287 1122 1338 edidit
1155 1287 1453 1338 Theodorus
1488 1288 1795 1350 Mommsen,
1839 1296 2204 1339 commentatus

191 1363 279 1474 ᾗδὲ
286 1353 585 1474 Tlhleodgrus
609 1354 823 1422 Bergk
809 1371 862 1405 m
884 1355 1168 1406 zeitschrift
1194 1356 1233 1406 f.
1266 1355 1316 1405 d.
1351 1355 2020 1407 Alterthumswissenschaft
2047 1355 2200 1408 1845.

310 1490 385 1552 V.
457 1492 572 1552 Πε
588 1484 857 1570 ρὶτῆς
895 1486 1377 1589 Κικέρωνος
1434 1492 1858 1563 πολιτείας
1913 1512 1991 1555 α.
2066 1481 2204 1553 άν-

135 1569 506 1652 ιετιλέγει
555 1509 638 1635 δὲ
674 1571 776 1634 τῶ
811 1567 1173 1658 Διδύμω.
1263 1573 1519 1635 Su'idas.

323 1657 482 1724 [Inter
521 1638 920 1724 Alexandrinos]
963 1659 1316 1710 Chalcenterus
1354 1660 1560 1709 eminuit
1596 1658 1871 1723 Didymus,
1911 1659 2202 1724 multiplicis

195 1726 422 1777 scientiae
444 1728 648 1792 scriptis
671 1727 1027 1778 memorabilis.
1063 1727 1158 1786 Qui
1188 1728 1241 1777 in
1267 1728 1367 1777 illis
1392 1743 1486 1778 sex
1508 1726 1668 1787 libris,
1702 1726 1789 1776 ubi
1822 1739 2202 1789 nonnumquam

193 1791 256 1841 im
257 1793 479 1859 perfecte
509 1795 728 1846 Tullium
753 1795 1076 1877 reprehendit
1099 1794 1439 1862 sillographos
1458 1795 1713 1856 imitatus,
1748 1795 2019 1859 scriptores
2043 1795 2201 1844 male-

195 1811 352 1926 diepos,
400 1863 590 1914 iudicio
625 1863 882 1914 doctarum
918 1865 1117 1914 aurium
1141 1865 1401 1913 incusatur
1430 1871 1485 1913 ut
1508 1863 1747 1912 immania
1774 1862 2071 1912 frementem
2095 1861 2201 1913 leo·

135 1933 180 1972 20
198 1943 304 1979 nem
325 1932 574 1996 putidulis
597 1933 806 1982 vocibus
836 1933 974 1983 canis
1001 1933 1196 1982 catulus
1226 1931 1432 1998 longius
1466 1931 1861 1982 circumlatrans.
1913 1931 2202 1982 Ammianus

196 1997 520 2052 Marcellinus
569 2003 899 2086 22,16,16.

311 2067 410 2127 VI.
467 2039 679 2145 Περὶ
736 2061 1180 2166 ὀνομάτων
1233 2062 1371 2130 καὶ
1428 2063 1654 2138 ἰδέας
1699 2059 2199 2165 ἐσθημάτων

197 2143 316 2209 καὶ
377 2086 942 2231 ὑποδημάτων
1004 2146 1139 2214 καὶ
1192 2171 1353 2213 των
1407 2141 1681 2212 αλλων
1731 2139 1857 2221 οἷς
1896 2169 2018 2220 τις
2058 2139 2200 2230 άμ-

196 2229 654 2308 φιέννυται.
743 2236 998 2298 SuidaS.

137 2337 179 2375 25
311 2313 628 2415 Νουμᾶς,
661 2307 698 2380 ὁ
727 2312 838 2380 καὶ
866 2317 1277 2398 Πομπίλιος,
1314 2366 1327 2379 .
1353 2313 1752 2396 ,δέξαμενος
1784 2305 2201 2409 πρεσβευτας

198 2391 264 2458 ἐκ
312 2397 424 2500 τῆς
479 2393 572 2480 χιό
617 2422 693 2474 ας
739 2422 876 2463 των
917 2397 1303 2502 λεγομένων
1344 2397 1750 2497 Πελασγων,
1811 2395 2081 2497 φορρῦν
2085 2418 2200 2470 τας

197 2478 525 2587 χλαμύδας
591 2477 840 2584 χούσας
879 2481 1116 2566 ταβλία
1145 2477 1444 2580 ρούσεα,
1473 2475 1782 2583 καθάπερ
1831 2480 1901 2544 οἱ
1926 2471 2057 2544 ἄπο
2061 2479 2201 2580 τῆς

203 2562 523 2660 Ἰσαυρίας
549 2557 799 2668 χώρας,
831 2563 942 2632 καὶ
973 2562 1290 2667 τερφθεὶς
1317 2565 1444 2631 τοῦ
1474 2561 1835 2669 σχήματος,
1878 2557 2200 2645 ἐπενόησε

139 2747 181 2786 ..
197 2643 1697 2834 222302525302⁰2⁶2220t²5522222222203335?
1713 2642 2201 2832 ‘5232350222

197 2815 648 2918 συγκλητικων
686 2815 798 2882 καὶ
837 2840 972 2881 των
1019 2809 1244 2881 αλλων
1294 2839 1429 2880 των
1467 2815 1541 2880 ἐν
1583 2781 1794 2892 ἀξίαις
1834 2810 1945 2878 καὶ
1972 2829 2199 2911 στρα-

194 2899 384 2972 τείαις
429 2895 771 2982 χλαμύδας
809 2896 1115 3001 ἐχούσας
1131 2895 1516 2997 σήμαντρον
1545 2898 1673 2998 τῆς
1686 2886 2033 2994 βασιλικῆς
2064 2919 2199 2979 φο·-

195 2983 405 3058 ρεσίας
431 2985 671 3085 ταβλία
699 2984 1042 3084 πορφυρᾶ,
1075 2975 1269 3060 άξίαν
1299 2982 1636 3088 δηλοῦντα
1657 2973 2023 3062 οῬωμαικῆς
2068 3001 2197 3042 πο-

195 3063 427 3139 λιτείας
477 3063 588 3130 καὶ
628 3059 1008 3168 ὑποταγήν,
1052 3061 1372 3141 κελεύσας
1407 3065 1659 3166 μηδένα
1699 3067 2199 3164 συγχωρεῖσθαι

140 3164 180 3204 ³⁵
201 3146 512 3218 είςελθεῖν
544 3152 637 3225 εἰς
662 3144 740 3215 τὸ
767 3116 1116 3215 Παλάτιον
1151 3152 1298 3232 δίχα
1331 3150 1455 3214 τοῦ
1490 3144 1818 3232 σχήματος
1848 3145 1963 3228 τῆς
1991 3139 2199 3246 αὐτῆς

197 3227 534 3333 χλαμύδος.
593 3231 705 3299 καὶ
737 3226 820 3299 οὐ
847 3228 1283 3335 συνεχωρουν
1308 3256 1461 3297 τινα
1490 3235 1815 3306 εἰςελθεῐν
1844 3231 1915 3294 οἱ
1935 3225 2199 3312 φυλάτ-

197 3332 411 3389 τοντες
435 3309 512 3381 τὸ
538 3313 916 3397 Παλάτιον,
950 3319 1012 3381 εἰ
1036 3310 1124 3400 μὴ
1159 3311 1408 3416 ἐφόρει
1418 3310 1736 3416 χλαμύδα
1763 3317 2050 3396 ἔχουσαν
2079 3336 2199 3396 φι-

197 3395 490 3492 λοτιμίαν
519 3400 869 3502 βασιλικῆς
894 3399 1192 3502 ἐσθῆτος,
1221 3392 1450 3474 καθως
1478 3391 1515 3464 ὁ
1545 3393 1931 3500 σοφωτατος
1964 3403 2199 3499 Σουη-

198 3497 421 3556 τωνιος
461 3479 908 3568 Τράγκυλλος
910 3476 1257 3566 Ῥωμαίων
1300 3477 1817 3564 ἱστοριογράφος
1859 3477 2199 3562 συνεγρά-

197 3567 712 3634 ψατο.1οαπποε
742 3570 1022 3633 Matala-9
1051 3588 1118 3649 p.
1161 3578 1237 3630 33
1269 3567 1469 3630 Rome.
1502 3566 1851 3629 Chronicon
1892 3566 2198 3645 paschale
