2700 4234
1020 301 1360 350 nunnius,
2093 291 2174 352 97

204 457 344 516 Livia
380 463 436 514 et
476 473 547 515 ea
593 456 833 514 conscio
863 454 1098 516 Tiberio
1146 474 1219 516 an
1262 458 1504 534 ign-aro,
1549 456 1846 517 dictasset.
1912 455 2174 516 Tiberius

203 539 523 601 renuntianti
554 537 781 598 tribuno
800 583 816 614 ,
850 539 1063 598 factum
1093 558 1229 600 esse
1258 539 1415 619 quod
1441 541 1819 621 imperasset,
1849 556 2043 618 neque
2069 540 2173 598 im-

196 639 443 700 perasse
483 639 552 682 se
592 628 650 681 et
682 621 1065 683 redditurum
1094 641 1225 682 eum
1259 625 1506 684 senatui
1530 625 1832 684 rationem
1861 622 2175 700 respondit,

200 705 450 765 invidiam
479 705 715 764 scilicet
738 707 794 764 in
823 709 1153 783 praesentia
1185 709 1390 766 vitans.
1457 707 1601 768 Nam
1629 724 1764 766 mox
1796 707 2024 767 silentio
2055 722 2176 765 rem

158 788 530 848 sobliteravit.
598 786 731 847 Iure
772 797 967 847 autem·
1000 790 1335 850 tribuniciae
1380 792 1688 869 potestatis
1728 799 1934 850 coacto
1977 798 2177 849 senatu
2193 795 2271 850 23

196 871 566 951 inchoataque
610 869 1008 949 adlocutione,
1052 873 1370 952 derepente
1413 875 1574 934 velut
1612 876 1794 952 impar
1823 873 2009 933 dolori
2041 890 2173 932 con-

196 957 417 1033 gemuit,
448 963 624 1034 utque
653 972 769 1016 uon
804 955 987 1015 solum
1017 973 1135 1016 vox
1164 957 1269 1016 sed
1296 966 1357 1016 et
1382 959 1615 1037 spiritus
1649 957 1927 1038 deiiceret
1959 957 2178 1035 optavit

194 1057 259 1106 ac
296 1037 711 1118 perlegendum
754 1037 959 1098 librum
998 1038 1187 1099 Druso
1230 1040 1347 1100 filio
1391 1041 1638 1101 tradidit.
1702 1040 1940 1100 Inlatum
1968 1039 2174 1099 deinde

192 1121 429 1198 Augusti
462 1131 878 1200 testamentum,
913 1141 1029 1182 non
1060 1123 1321 1184 admissis
1346 1123 1736 1202 signatoribus
1764 1124 1873 1183 nisi
1902 1124 2178 1184 senatorii

132 1221 178 1262 10
196 1203 433 1282 ordinis,
483 1207 709 1265 ceteris·
742 1216 909 1266 extra
944 1209 1157 1268 curiam
1190 1209 1357 1283 signa
1390 1205 1870 1286 agnoscentibus,
1914 1207 2180 1266 recitavit

194 1305 301 1366 per
326 1287 607 1349 libertum.
671 1289 1023 1350 Testamenti
1064 1293 1277 1350 initium
1304 1291 1439 1352 fuit:
1491 1290 1796 1364 Quoniam
1829 1297 2019 1350 atrox
2040 1289 2174 1368 for·

194 1379 336 1432 tuna
372 1371 591 1432 Gaium
618 1379 678 1434 et
706 1371 961 1434 Lucium
996 1373 1166 1450 filios
1202 1373 1354 1434 mihi
1385 1375 1640 1453 eripuit,
1703 1371 1984 1435 Tiberius
2021 1371 2176 1433 Gae-

191 1472 300 1515 sar
341 1455 489 1516 mihi
530 1474 611 1516 em
642 1464 831 1534 parte
858 1457 1117 1517 dimidia
1148 1463 1207 1517 et
1234 1465 1518 1519 semtante
1546 1457 1724 1518 heres
1753 1464 1900 1517 estc.
1964 1457 2090 1532 Quo
2123 1463 2180 1515 et

190 1539 314 1615 ipso
348 1549 516 1600 aucta
547 1542 788 1619 suspitio
825 1549 917 1599 est
942 1543 1311 1618 opinantium,
1348 1559 1750 1602 successorem
1779 1541 2017 1600 ascitum
2053 1557 2178 1599 eum

127 1638 172 1678 15
189 1624 535 1683 necessitate
566 1625 749 1700 magis
776 1641 943 1702 quam
972 1624 1216 1700 iudicio,
1250 1624 1477 1704 quando
1507 1626 1586 1685 ita
1621 1624 1870 1703 praefari
1897 1641 2013 1683 non
2050 1623 2177 1682 abs-

188 1706 425 1765 tinuerit.
710 1731 717 1740 ·

306 1788 723 1867 Principatum,
777 1793 1033 1866 quamvis
1075 1809 1263 1870 neque
1300 1807 1594 1870 occupare
1639 1790 1944 1850 confestim
1993 1803 2180 1866 neque
2197 1793 2266 1845 24

191 1889 363 1948 agere
400 1870 757 1947 dubitasset,
804 1882 862 1931 et
899 1877 1147 1934 statione
1190 1874 1457 1950 militum,
1509 1873 1622 1935 hoc
1663 1882 1754 1934 est
1793 1875 1858 1932 vi*
1893 1880 1950 1932 et
1979 1872 2180 1950 specie

190 1953 584 2016 dominationis
615 1965 941 2034 assumpta,
973 1957 1065 2017 diu
1100 1967 1287 2018 tamen
1318 1958 1646 2034 recusavit,
1691 1955 2178 2035 impudentissimo

124 2062 172 2102 20
186 2040 352 2098 mimo
386 2057 541 2099 nunc
570 2038 924 2099 adhortantis
956 2043 1171 2102 amicos
1202 2043 1512 2120 increpans
1541 2051 1600 2101 ut
1623 2042 1916 2120 ignaros,
1951 2044 2183 2119 quanta

190 2120 388 2184 bellua
417 2129 586 2183 esset
606 2122 958 2200 imperium,
1000 2142 1149 2184 nunc
1183 2134 1516 2204 precantem
1543 2133 1798 2184 senatum
1831 2133 1891 2182 et
1919 2139 2261 2230 1110611111-ης

186 2204 411 2265 bentem
456 2205 573 2267 sibi
611 2206 681 2268 ad
724 2225 915 2282 genua
957 2207 1237 2285 ambiguis
1280 2211 1582 2288 responsis
1625 2214 1685 2266 et
1716 2205 1922 2266 callida
1955 2214 2232 2276 ‹2qu
2270 2213 2390 2282 ys..
2485 2220 2497 2251 f
2553 2239 2568 2258 κ

164 2287 760 2368 ‚tione-“suspendam
793 2297 853 2349 ut
883 2292 1108 2369 quidam
1136 2293 1466 2370 patientiam
1491 2297 1824 2369 rumperent
1847 2298 2018 2367 atque
2041 2304 2182 2348 unus
2229 2291 2357 2366 «ᾗ.
2377 2320 2390 2338 ›
2423 2285 2428 2293 '
2463 2311 2472 2324 ··
2529 2343 2541 2352 ς

188 2373 241 2430 in
270 2373 505 2432 tumultu
533 2373 949 2450 proclamaret:
980 2373 1107 2435 Aut
1133 2384 1313 2454 aqat,
1354 2381 1464 2435 aut
1489 2373 1784 2434 desistat!
1810 2372 1956 2432 alter
1991 2387 2183 2430 coram
2202 2370 2296 2451 ft,
2333 2416 2339 2427 .-
2385 2359 2396 2376 ’
2471 2379 2491 2432 ‚2'
2577 2398 2584 2404 ·’

122 2475 171 2515 25
191 2455 607 2534 exprobraret,
640 2455 892 2532 ceteros,
925 2458 1079 2536 quod
1107 2458 1350 2538 polliciti
1383 2459 1495 2518 sint
1528 2457 1692 2518 tarde
1727 2464 2048 2534 praestare,
2079 2452 2207 2514 sed*
2234 2467 2264 2508 «ἰ
2467 2496 2472 2504 .
2505 2469 2593 2500 1¹01

189 2538 402 2616 ipsum,
433 2537 593 2618 quod
627 2549 888 2618 praestet
918 2542 1080 2602 tarde
1110 2541 1400 2621 polliceri.
1452 2540 1706 2603 Tandem
1736 2539 1900 2617 quasi
1928 2546 2180 2613 coactus,
2208 2545 2274 2630 {a
2327 2594 2422 2626 ,M
2453 2585 2462 2594 .

188 2630 245 2679 et
286 2639 542 2700 querens
583 2622 877 2683 miseram
916 2631 976 2684 et
1012 2643 1339 2687 onerosam
1370 2625 1610 2703 iniunyi
1646 2623 1770 2684 sibi
1811 2608 2264 2725 ser-vitutemj‘pM
2283 2625 2545 2723 01²7va

188 2706 409 2784 recepit
444 2709 777 2784 imperium;
818 2725 931 2766 nec
961 2717 1148 2768 tamen
1180 2709 1366 2784 aliter,
1396 2726 1562 2788 quam
1594 2717 1654 2767 ut
1698 2706 2088 2784 depositurum
2120 2723 2183 2764 se
2269 2710 2277 2716 ’
2351 2711 2360 2719 ’
2404 2701 2422 2720 ⁸

190 2787 530 2868 quandoque
561 2807 725 2869 spem
757 2790 997 2850 faceret.
1027 2791 1214 2870 Ipsius
1243 2791 1424 2852 verba
1451 2800 1610 2854 sunt:
1655 2789 1816 2850 Dum
1837 2787 2078 2850 veniam
2101 2787 2188 2848 ad

120 2889 173 2930 30
192 2869 259 2927 id
304 2877 572 2950 tempus,
625 2890 743 2953 quc
786 2872 965 2934 vobis
996 2893 1253 2953 aequum
1282 2876 1489 2953 possit
1513 2873 1718 2934 videri
1742 2872 1898 2932 dare
1925 2888 2037 2932 vos
2067 2870 2180 2930 alt·-
2271 2935 2292 2946 ἢ

188 2969 371 3032 quam
398 2957 697 3016 senectuti
718 2975 891 3018 meae
914 2959 1202 3038 requiem.

312 3037 632 3100 Cunctandi
681 3059 851 3101 causa
887 3051 1012 3102 erat
1057 3052 1241 3102 metus
1270 3042 1519 3120 undique
1556 3040 1961 3100 imminentium
1989 3037 2270 3100 discri-25

189 3120 395 3180 minum
418 3167 436 3198 ,
474 3132 540 3182 ut
574 3140 754 3201 saepe
798 3123 1007 3202 lupum
1036 3143 1105 3185 se
1134 3123 1396 3187 auribus
1425 3132 1628 3185 tenere
1655 3124 1894 3183 diceret.
1956 3119 2102 3181 Nam
2131 3127 2188 3178 et

188 3219 395 3264 servus
424 3205 729 3283 Agrippae
762 3205 1037 3268 Clemens
1060 3211 1289 3270 nomine
1317 3226 1437 3269 non
1465 3206 1936 3268 contemnendam
1965 3221 2188 3266 manum

124 3300 175 3340 35
194 3285 249 3342 in
276 3286 554 3350 ultionem
585 3287 795 3349 domini
828 3301 1210 3371 compararat,
1246 3301 1305 3352 et
1330 3291 1393 3352 L.
1428 3289 1764 3353 Scribonius
1797 3289 1938 3350 Libo
1970 3291 2058 3348 vir
2085 3304 2186 3346 no-

192 3365 323 3428 bilis
352 3391 449 3432 res
479 3389 665 3433 novas
700 3372 844 3434 clam
876 3375 1253 3452 moliebatur,
1294 3385 1354 3436 et
1383 3375 1600 3454 duplex
1631 3373 1836 3434 seditio
1867 3372 2102 3433 militum
2135 3371 2190 3429 in

191 3449 429 3526 Illyrico
466 3467 529 3517 et
557 3458 613 3515 in
644 3454 943 3518 Germania
974 3469 1175 3520 exorta
1206 3469 1314 3519 est.
1372 3458 1738 3535 Flagitabant
1770 3457 1935 3517 ambo
1967 3454 2190 3516 exerci-

192 3542 281 3594 tus
310 3539 488 3600 multa
518 3545 683 3599 extra
716 3538 994 3619 ordinem,
1026 3551 1158 3603 ante
1186 3545 1373 3604 omnia
1407 3551 1468 3602 ut
1502 3550 1883 3682 aequarentur
1905 3537 2190 3618 stipendio

253 3631 607 3684 «urm-cums.
2185 3635 2200 3651 ⁶

1701 3675 1704 3682 .
1999 3654 2018 3677 .

102 3683 165 3822 ᾗ·
220 3711 759 3872 kffhwf-BI‘VN
812 3681 1153 3824 ῗΜίύὲΞὶ
1188 3703 1260 3782 ‚3⁴3¹
1322 3647 1341 3754 ξ
1417 3675 1929 3841 ’ἑξῑῚμωω-ᾷῖἕ
1961 3670 2223 3793 ὶῆξὲζῐ·
2274 3723 2306 3748 ³
2375 3623 2580 3750 Ψζλῒ

40 3861 433 4012 nmis?
476 3865 633 3940 m
690 3818 1279 3944 &sae-ra‘sswaff...
1506 3888 1525 3923 ..
2142 3822 2202 3859 ff·

1795 3889 1816 3916 ὴ
1860 3899 1870 3914 ¹
1963 3845 2050 3920 ηις
2136 3876 2145 3889 ,,
2198 3823 2334 3960 asti-{22
