2700 4234
479 346 1038 398 nsrnnm‘ronuu
1079 343 1445 393 mesonma
1488 322 1892 403 immotum.
2065 324 2187 392 289

187 507 466 560 oratoribus
493 512 541 555 et
568 504 633 554 de
669 501 856 569 poetis.
911 500 976 551 Et
1013 500 1090 550 de
1122 498 1514 551 Oratoribus
1548 498 1752 562 quidem
1778 496 2115 563 Hieronymus
2138 498 2193 549 in

186 576 430 627 Chronico
447 611 462 635 ,
485 573 682 623 adiecta
705 572 916 636 insuper
945 570 1054 619 suis
1077 568 1547 618 ratiocinationibus
1572 580 1821 617 annorum
1843 566 1905 615 ab
1928 567 2051 617 urbe
2071 580 2195 617 con·

188 646 292 695 dita
317 642 571 693 notatione
589 678 602 704 ,
631 638 950 689 conservavit
972 637 1194 687 frustula
1223 635 1375 686 haec:

309 729 386 790 M.
431 727 651 788 Tullius
692 723 905 785 Cicero
945 723 1154 804 Arpini
1205 724 1462 783 nascitur
1502 729 1687 781 matre
1724 722 1967 799 Helvia,
2028 731 2197 801 patre

30 830 32 885 ξ
135 832 164 872 5
189 813 478 892 equestris
506 810 726 871 ordinis
757 827 833 868 ex
860 809 1030 885 regio
1065 808 1423 868 Volscorum
1446 822 1703 883 genere;
1752 805 1857 866 Cn.
1880 806 2195 885 Pompeius

30 886 36 963 l
187 898 432 973 Magnus
470 897 651 955 oritur
688 910 750 953 a.
783 900 906 955 648
937 936 950 949 .
986 935 1001 950 .
1034 934 1049 949 .
1071 888 1386 951 ‘Vicesimo
1430 897 1600 949 sexto
1632 890 1842 951 aetatis
1872 908 2015 950 suae
2044 906 2194 950 anno

30 968 34 997 ⁵
192 980 398 1041 Cicero
430 978 720 1054 Quintium
749 974 1009 1036 defendit
1038 992 1099 1035 a.
1137 982 1254 1035 673
1283 1018 1298 1033 .
1326 1018 1341 1031 .
1380 1018 1395 1032 .
1426 973 1649 1034 Roscio
1688 984 1889 1034 contra
1936 972 2194 1049 Chryso-

190 1081 403 1142 gonum
447 1062 690 1123 defenso
735 1059 949 1121 Cicero
979 1058 1242 1118 Athenas
1286 1058 1541 1135 secedit,
1585 1056 1798 1118 deinde
1840 1068 1976 1138 post
2020 1061 2195 1117 trien-

189 1150 340 1207 nium
370 1147 611 1208 Romam
651 1143 980 1221 regreditur
1021 1160 1081 1203 a.
1111 1150 1233 1203 674
1263 1186 1278 1201 .
1311 1186 1328 1200 .
1366 1185 1380 1199 .
1415 1140 1629 1201 Cicero
1672 1142 1731 1201 in
1771 1142 1952 1203 exilio
1991 1159 2199 1217 annum

118 1247 174 1289 10
193 1233 330 1292 facit
357 1230 683 1289 honorifice
721 1236 1027 1305 susceptus
1059 1244 1092 1286 a
1121 1224 1363 1286 Plancio
1394 1242 1454 1285 a.
1491 1232 1688 1286 693-
1703 1234 1817 1287 697
1853 1272 1868 1285 .
1894 1270 1909 1287 .
1934 1270 1949 1286 .
1983 1225 2196 1287 Cicero

191 1318 247 1375 in
290 1314 601 1374 Formiano
649 1329 753 1372 suo
801 1311 872 1371 ab
911 1310 1209 1376 Herennio
1255 1318 1314 1368 et
1368 1308 1600 1388 Popilio
1662 1309 1950 1370 occiditur
1990 1309 2197 1371 LXIV.

193 1399 395 1459 aetatis
425 1415 566 1457 suae
603 1412 785 1465 anno;
835 1393 1140 1455 Ciceronis
1185 1401 1359 1472 caput
1402 1411 1531 1453 cum
1580 1411 1750 1454 manu
1798 1395 2042 1456 dextera
2085 1410 2197 1474 pro

193 1482 397 1543 rostris
429 1482 708 1561 positum,
741 1480 1018 1557 iuxtaque
1047 1486 1326 1538 coronata
1358 1480 1551 1554 imago
1576 1477 1791 1557 Popilii
1822 1479 2053 1554 militis,
2101 1477 2198 1557 qui

195 1584 321 1625 eum
351 1566 648 1625 occiderat
680 1581 740 1624 a.
783 1571 890 1623 711
921 1606 936 1621 .
965 1608 980 1622 .
1013 1606 1028 1621 .
1059 1562 1138 1621 Μ.
1173 1560 1395 1621 Tullius
1420 1560 1558 1621 Tiro
1591 1559 1897 1623 Ciceronis
1932 1562 2199 1639 libertuS,

30 1676 33 1729 g
121 1666 174 1710 15
195 1651 290 1728 qui
322 1650 538 1727 primus
566 1656 736 1707 notas
771 1654 1189 1707 commentatus
1221 1654 1341 1722 est,
1370 1648 1430 1705 in
1460 1645 1780 1706 Puteolano
1816 1645 2061 1726 praedio
2090 1661 2198 1705 suo

30 1740 33 1819 j
192 1750 377 1811 usque
407 1732 478 1791 ad
509 1733 881 1792 centesimum
914 1748 1120 1791 annum
1157 1730 1534 1790 consenescit
1560 1746 1621 1790 a.
1654 1738 1788 1791 749.
1822 1738 1957 1791 750.

30 1820 33 1869 ¹
317 1832 394 1893 M.
429 1830 706 1892 Callidius
739 1840 935 1892 orator
966 1831 1157 1892 clarus
1187 1830 1463 1901 habetur;
1498 1832 1593 1908 qui
1619 1830 1778 1900 bello
1805 1840 2014 1910 postea
2042 1830 2199 1891 civili

196 1914 574 1977 Caesarianas
615 1924 810 1993 partes
842 1924 1107 1993 secutus,
1158 1933 1285 1975 cum
1326 1914 1609 1991 Togatam
1655 1914 1899 1977 Galliam
1940 1922 2199 1993 regeret,

193 2000 526 2061 Placentiae
560 1998 704 2058 obiit
743 2016 801 2058 a.
853 2004 965 2059 697
993 2046 1008 2060 .
1041 2043 1056 2057 .
1093 2044 1107 2059 .
1143 1997 1548 2078 Apollodorus
1589 1998 1984 2078 Pergamenus
2022 1997 2197 2060 Grae-

119 2100 176 2141 πο
198 2102 298 2143 cus
333 2092 558 2159 orator,
619 2091 971 2161 praeceptor
1015 2080 1244 2143 Callidii
1287 2091 1348 2142 et
1392 2082 1674 2163 Augusti,
1728 2083 1919 2143 clarus
1956 2082 2201 2143 habetur

195 2185 254 2228 a.
293 2174 420 2228 690.
463 2172 590 2227 691.

316 2266 602 2327 Munatius
645 2266 925 2345 Plancus,
974 2266 1278 2327 Ciceronis
1328 2265 1683 2346 discipuluS‚
1718 2276 1918 2329 orator
1956 2266 2222 2327 habetur-

189 2350 469 2428 insignis;
510 2353 606 2429 qui
638 2368 766 2410 cum
798 2350 1040 2413 Galliam
1068 2361 1308 2428 regeret
1341 2350 1667 2429 Comatam,
1697 2350 2031 2429 Lugdunum
2064 2368 2198 2411 con-

193 2434 336 2494 didit
367 2450 426 2494 a.
456 2441 585 2501 729.
619 2441 750 2493 730.
1611 2486 1619 2493 .

121 2538 177 2577 25
327 2516 501 2577 Curio
556 2526 856 2596 promptus
909 2527 966 2577 et
1009 2517 1311 2597 popularis
1356 2529 1553 2580 orator
1579 2518 1801 2581 Romae
1845 2518 2091 2581 hahetur
2118 2518 2199 2579 in-

196 2601 410 2679 signis,
447 2602 543 2679 qui
585 2601 866 2680 deinceps
909 2603 967 2660 in-
995 2601 1198 2663 Africa
1231 2604 1456 2683 pudore
1487 2604 1681 2663 amissi
1730 2605 2024 2665 exercitus
2053 2604 2203 2664 mori

191 2683 390 2745 maluit
413 2702 580 2763 quam
613 2684 806 2745 redire
841 2702 900 2745 a.
937 2693 1066 2746 701.
1111 2694 1246 2747 702.

322 2766 520 2827 Furnii
579 2778 743 2846 pater
795 2779 853 2829 et
906 2770 1055 2829 iilius
1097 2770 1238 2829 clari
1283 2781 1553 2832 oratores
1592 2770 1910 2849 hahentur,
1957 2763 2201 2850 quoi-um

192 2851 346 2913 filius
379 2852 700 2911 consularis
735 2862 868 2913 ante
898 2862 1122 2932 patrem
1152 2856 1395 2916 moritur
1426 2873 1487 2916 a.
1526 2863 1654 2916 717.
1697 2862 1827 2915 718.

118 2963 171 3004 ω
319 2935 645 3013 AtratinuS‚
683 2940 778 3014 qui
810 2937 1228 3017 septemdecim
1259 2957 1445 3001 annos
1477 2949 1643 3000 natus
1673 2937 1933 2999 Caelium
1962 2957 2199 3001 accusa-

191 3027 392 3097 verat,
443 3019 632 3079 clarus
681 3022 832 3080 inter
881 3030 1149 3081 oratores
1179 3021 1453 3094 habetur;
1506 3024 1578 3085 ad
1623 3032 1941 3084 extremum
1968 3022 2199 3084 morbo·

189 3120 318 3162 rum
347 3102 541 3163 taedio
573 3106 632 3163 in
660 3104 874 3165 balneo
904 3106 1203 3166 voluntate
1249 3110 1605 3169 exanimatus
1648 3107 1926 3169 heredem
1964 3106 2202 3188 reliquit

190 3185 517 3263 Augustum
547 3205 606 3248 a.
644 3196 774 3249 733.
837 3197 970 3250 734.

316 3270 550 3331 Asinius
603 3272 788 3333 Pollio
841 3282 1042 3333 orator
1095 3284 1151 3334 et
1208 3276 1565 3353 consularis,
1623 3277 1720 3356 qui
1786 3275 1861 3337 de
1920 3274 2201 3339 Dalmatis

113 3380 168 3421 3⁵
188 3354 665 3433 triumphaverat,
680 3359 736 3416 in
764 3357 899 3418 villa
913 3358 1240 3420 Tusculana
1258 3377 1409 3421 anno
1438 3362 1804 3439 octogesimo
1828 3362 2033 3422 aetatis
2058 3379 2200 3423 suae

184 3439 428 3499 moritur
458 3457 518 3501 a.
557 3448 689 3500 757.
725 3449 862 3503 758.

315 3522 572 3584 Messala
617 3523 908 3586 Corvinus
939 3536 1140 3587 orator
1184 3528 1454 3594 nascitur,
1477 3535 1534 3587 et
1566 3526 1633 3587 T.
1666 3526 1859 3588 Livius
1888 3529 2197 3589 Patavinus

181 3607 444 3686 scriptor
473 3606 785 3670 historicus
829 3626 890 3675 a.
919 3616 1034 3673 695
1049 3617 1284 3672 -697,
1317 3654 1332 3670 .
1366 3654 1382 3671 .
1415 3655 1429 3671 .
1462 3610 1716 3673 Messala
1751 3608 2037 3672 Corvinus
2080 3610 2197 3690 pri-

291 3710 598 3751 sunromus.
1813 3695 1890 3755 19
