2700 4234
1008 345 1216 394 mvus
1259 345 1507 394 muns.
2229 333 2266 396 7

239 500 506 561 Cimbris
537 507 714 577 atque
737 498 1046 576 Teutonis,
1079 497 1218 560 olim
1247 517 1279 558 a
1301 497 1462 560 Sulla
1484 499 1752 576 disiecta,
1782 500 2063 578 restituit,
2095 509 2269 578 atque

233 595 305 652 in
349 587 688 650 exercenda
722 585 798 646 de
839 586 1044 644 sicaris
1089 585 1433 662 quaestione
1492 601 1599 644 eos
1652 601 1889 663 quoque
1936 585 2277 646 sicariorum

235 689 494 736 numero
529 670 760 747 hab-uit,
806 669 905 748 qui
941 667 1375 747 proscriptione
1414 667 1491 728 ob
1532 668 1720 728 relata
1752 669 1961 728 civium
1983 669 2271 730 Romano-

237 777 374 818 rum
409 757 604 836 capita
649 755 931 834 pecunias
973 770 1050 811 ex
1081 753 1312 812 aerario
1360 760 1744 832 acceperant,
1790 770 2145 832 quamquam.
2173 772 2271 814 ex-

127 895 138 904 .
184 864 213 905 s
244 851 465 922 ceptus
496 838 770 900 Cornelis
811 835 1064 914 legibus.
1131 836 1482 897 Subornavit
1520 837 1700 897 etiam'
1721 837 1821 914 qui
1852 835 1997 898 Gaio
2027 836 2267 898 Rabirio
2294 854 2358 906 12

241 924 675 1006 perduellionis
718 922 870 983 diem
913 920 1169 998 diceret,
1215 938 1332 1000 quo
1377 921 1697 1000 praecipuo
1746 918 2009 981 adiutore
2052 922 2275 1000 aliquot

241 1019 385 1071 ante
413 1024 601 1069 annos
621 1007 762 1068 Luci
791 1005 1079 1066 Saturnini
1103 1003 1443 1065 seditiosum
1468 1004 1815 1066 tribunatum
1842 1014 2078 1066 senatus
2103 1023 2271 1066 coer-

244 1101 455 1154 cuerat
473 1137 490 1169 ,
521 1110 594 1152 ac
625 1100 786 1152 sorte
817 1089 994 1150 iudex
1023 1089 1079 1147 in
1103 1103 1266 1148 reum
1293 1089 1501 1149 ductus
1528 1097 1644 1148 tam
1677 1089 1888 1168 cupide
1926 1089 2272 1152 condemna-

241 1178 364 1255 vit,
396 1185 457 1236 ut
485 1175 560 1235 ad
590 1174 869 1254 populum
896 1174 1246 1253 provocanti
1286 1172 1428 1232 nihil
1472 1190 1663 1252 aeque
1696 1190 1767 1233 ac
1810 1172 2017 1234 iudicis
2047 1173 2270 1234 acerbi-

169 1273 228 1315 πο
251 1270 350 1320 tas
381 1259 683 1338 profuerit.
726 1257 1016 1336 Deposita
1045 1251 1385 1335 provinciae
1414 1275 1524 1335 spe
1549 1257 1945 1335 pontificatum
1967 1259 2273 1319 maxi-mum
2292 1268 2360 1322 13

247 1345 440 1426 petit,
474 1359 592 1402 non
614 1344 740 1402 sine
771 1342 1174 1421 profusissima
1206 1341 1549 1418 largitione3
1598 1342 1658 1400 in
1693 1359 1806 1419 qua
1848 1351 2129 1421 reputans
2156 1361 2272 1404 ma-

246 1427 612 1506 gnitudinem
657 1429 812 1487 aeris
847 1425 1050 1503 alieni,
1096 1443 1224 1485 cum
1263 1442 1433 1485 mane
1476 1424 1547 1485 ad
1586 1427 1817 1486 comitia
1860 1419 2272 1504 descenderet,

247 1510 622 1592 praedixisse
653 1511 820 1571 matri
851 1510 1136 1569 osculanti
1157 1509 1373 1585 fertur,
1406 1508 1651 1570 domum
1677 1527 1748 1569 se
1772 1509 1901 1570 nisi
1923 1511 2276 1588 pontificem

245 1613 377 1656 non
404 1612 820 1656 reversurum.
874 1592 1070 1672 Atque
1105 1593 1184 1652 ita
1206 1594 1645 1671 potentissimos
1677 1593 1823 1653 duos
1855 1597 2273 1673 competitores

177 1678 605 1759 tumultumque
642 1687 701 1739 et
735 1687 926 1738 aetate
971 1686 1030 1737 et
1073 1676 1353 1754 dignitate
1384 1677 1801 1738 antecedentes
1840 1678 2171 1756 superavit,
2214 1688 2275 1739 ut

250 1764 421 1843 plura
453 1765 585 1842 ipse
630 1764 688 1821 in
728 1780 930 1822 eorum
960 1760 1226 1822 tribubus
1255 1761 1533 1838 suffragia
1575 1777 1747 1840 quam
1776 1769 2025 1839 uterque
2058 1764 2115 1820 in
2154 1778 2271 1822 om-

247 1846 419 1907 nibus
447 1847 662 1907 tulerit.

376 1931 623 1992 Praetor
668 1939 930 2006 creatus,
987 1929 1216 1989 detecta
1263 1930 1663 1991 coniuratione
1709 1928 1993 1992 Catilinae
2037 1940 2264 2013 senatu·
2293 1941 2361 2001 14

253 2033 366 2094 que
407 2015 684 2075 universo
726 2015 784 2072 in
826 2015 1026 2074 socios
1069 2013 1346 2074 facinoris
1386 2013 1638 2075 ultimam
1673 2023 1963 2076 statuente
1996 2032 2269 2094 poenam,

179 2114 236 2155 κο
254 2098 421 2159 solus
449 2099 843 2177 municipatim
882 2095 1224 2158 dividendos
1250 2097 1786 2177 custodiendosque
1818 2098 2132 2178 publicatis
2167 2098 2271 2159 bo-

135 2175 144 2182 ’
251 2185 342 2246 nis
376 2184 622 2243 censuit.
685 2182 850 2256 Quin·
865 2189 924 2242 et
955 2188 1171 2242 tantuin
1203 2190 1416 2241 metum
1447 2183 1645 2242 iniecit
1692 2184 1995 2261 asperiora
2026 2182 2271 2244 suaden-

252 2267 439 2343 tibus,
491 2265 806 2326 identidem
845 2274 1146 2326 ostentans
1188 2275 1400 2344 quanta
1431 2282 1538 2326 eos
1581 2266 1639 2324 in
1675 2274 1975 2344 posterum
2015 2284 2049 2326 a
2093 2265 2271 2346 plebe

250 2352 516 2412 Romana
563 2357 826 2416 maneret
856 2349 1096 2427 invidia,
1131 2359 1193 2410 ut
1219 2349 1521 2410 Decimum
1550 2349 1807 2410 Silanum
1847 2350 2147 2410 consulem
2175 2350 2272 2410 de·

255 2437 544 2512 signatum
597 2451 712 2494 non
758 2435 1016 2512 piguerit
1054 2435 1399 2495 sententiam
1442 2451 1637 2511 suam,
1686 2434 1819 2513 quia
1850 2442 2072 2494 mutare
2102 2443 2271 2513 turpe

185 2527 411 2596 uerat,
455 2519 940 2596 interpretatione
977 2517 1198 2596 lenire,
1242 2518 1404 2578 velut
1453 2519 1693 2596 gravius
1735 2525 1911 2597 atque
1956 2519 2086 2597 ipse
2142 2537 2271 2578 sen-

257 2604 428 2664 sisset
457 2610 788 2681 exceptam.
829 2599 1186 2662 obtinuisset
1208 2600 1395 2678 adeo,
1424 2601 1774 2663 transductis
1798 2603 1909 2662 iam
1943 2603 2015 2664 ad
2048 2621 2116 2663 se
2147 2601 2271 2682 plu·

255 2685 415 2746 ribus
449 2693 510 2745 et
551 2686 610 2744 in
643 2684 735 2746 his
767 2682 1054 2745 Cicerone
1089 2686 1346 2748 consulis
1378 2685 1591 2765 fratre,
1636 2687 1748 2747 nisi
1790 2686 2083 2747 labantem
2119 2685 2271 2746 ordi-

256 2787 386 2830 nem
422 2770 828 2830 confirmasset
853 2769 931 2831 M.
964 2767 1204 2830 Catonis
1246 2771 1455 2830 oratio.
1515 2770 1608 2831 Ac
1644 2788 1721 2830 ne
1764 2769 1853 2830 s'ic
1900 2772 2129 2849 quidem
2172 2771 2270 2830 im-

258 2853 458 2934 pedire
493 2871 617 2914 rem
649 2852 900 2930 destitit,
935 2853 1128 2932 quoad
1156 2872 1357 2914 manus
1381 2855 1634 2932 equitum
1661 2853 2086 2931 Romanorum,
2122 2871 2272 2932 quae

19 2949 50 3028 ς
193 2946 242 2990 ⁸⁰
263 2946 476 2998 armata
510 2937 792 3016 praesidii
837 2955 1011 2998 causa
1055 2937 1493 3016 circumstabat,
1536 2937 1951 2997 inmoderatius
1993 2956 2271 3016 perseve—

256 3022 398 3082 ranti
429 3039 636 3081 necem
672 3023 1016 3082 comminata
1048 3030 1164 3099 est,
1209 3023 1380 3082 etiam
1423 3021 1661 3082 strictos
1702 3020 1935 3098 gladios
1973 3039 2157 3100 usque
2198 3038 2271 3080 eo

257 3107 564 3182 intentans,
579 3113 643 3164 ut
667 3104 969 3166 sedentem
988 3124 1100 3166 una
1121 3107 1369 3185 proximi
1391 3105 1775 3183 deseruerint,
1795 3106 1897 3164 vix
1922 3106 2094 3184 pauci
2120 3121 2271 3165 com-

257 3189 432 3268 plexu
459 3198 720 3268 togaque
757 3187 988 3250 obiecta
1014 3192 1395 3268 protexerint.
1447 3190 1611 3251 Tunc
1633 3190 1809 3268 plane
1829 3187 2139 3250 deterritus
2158 3207 2274 3249 non

257 3265 424 3333 modo
461 3274 674 3350 cessit,
723 3271 829 3333 sed
863 3282 921 3332 et
947 3274 1005 3332 in
1038 3274 1325 3354 reliquum
1366 3275 1497 3333 anni
1530 3283 1761 3353 tempus
1797 3273 1954 3334 curia
1984 3272 2271 3335 abstinuit.

195 3361 246 3406 ³³
379 3355 572 3418 Primo
605 3365 916 3436 praeturae
957 3355 1050 3417 die
1082 3359 1353 3433 Quintum
1377 3356 1641 3418 Catulum
1685 3357 1758 3418 de
1799 3357 2123 3421 refectione
2157 3356 2266 3419 Ca·
2293 3367 2358 3419 15

263 3437 420 3520 pitoli
451 3439 522 3501 ad
543 3439 1004 3520 disquisitionem
1026 3443 1230 3521 populi
1249 3443 1520 3519 vocavit,
1550 3442 1859 3521 rogatione
1880 3443 2268 3523 promulgata,

264 3541 370 3602 qua
401 3525 759 3584 curationem
781 3542 908 3585 eam
937 3525 994 3584 in
1026 3525 1198 3586 alium
1218 3525 1639 3596 transferebat3
1679 3545 1880 3588 verum
1911 3528 2096 3606 impar
2126 3526 2271 3603 opti·

39 3590 72 3652 ἶ
264 3607 486 3668 matium
517 3609 974 3688 conspirationi,
1009 3626 1158 3688 quos
1189 3611 1401 3670 relicto
1432 3611 1625 3671 statim
1654 3628 1939 3672 novorum
1970 3607 2270 3670 consulum
