2700 4234
44 605 61 621 .“
43 589 45 592 ’
43 449 56 580 -ττ

912 369 916 373 ,
978 325 1397 374 PRAEFATIO.
1797 325 2076 375 Lxxxxx

256 492 617 560 opportunus
652 484 845 542 evenit
875 484 1196 556 Tranquillo
1227 485 1318 541 vel
1359 483 1524 541 nobis
1562 484 1732 542 vitam
1759 503 1815 557 p.
1847 492 1985 556 300,
2015 491 2088 548 29

258 571 503 626 relatam
542 569 595 626 ei
639 567 856 625 auctori
890 568 1301 626 adserentibus.
1391 567 1764 639 Hieronymus
1805 569 1952 626 euim
1985 571 2085 626 ad-

258 661 466 711 ve'rsus
504 653 857 724 scaligerum
891 653 1275 709 casaubonum
1304 652 1634 709 salmasium
1660 652 1954 723 Vossium,
1991 652 2086 725 qui

257 738 331 794 ab
366 736 633 810 imperito
661 737 885 793 bomine
916 737 1147 793 saeculo
1177 736 1251 792 VI
1281 735 1432 793 illam
1468 736 1636 793 vitam
1663 735 1928 808 scriptam
1959 737 2083 810 opi-

254 821 379 878 nati
408 826 561 890 sunt,
602 835 707 892 pro
733 820 1059 892 Tranquillo
1090 835 1334 892 sponsor
1364 821 1756 891 producendus
1783 827 1884 876 est.
1975 819 2082 888 Qui

257 905 373 962 nisi
416 905 565 977 apud
599 905 802 960 bonum
842 903 1087 975 aliquem
1117 909 1398 959 auctorem
1440 903 1752 961 invenisset
1791 905 2081 977 scriptum,

254 989 496 1045 Plinium
560 986 873 1044 Secundum
922 985 1400 1043 Novocomeusem
1459 987 1784 1044 historicum
1839 988 2084 1060 perisse,

258 1074 390 1129 dum
412 1071 629 1128 viseret
660 1071 989 1128 Vesuvium:
1036 1075 1189 1126 certe
1210 1071 1285 1125 in
1318 1071 1442 1126 eius
1475 1071 1625 1128 modi
1653 1061 1995 1129 oblivionem
2023 1077 2080 1128 et

257 1155 797 1212 inconsiderantiam
826 1171 935 1210 nou
962 1153 1313 1223 incurrisset,
1343 1161 1404 1209 ut
1433 1156 1504 1211 ad
1529 1171 1581 1210 a.
1599 1159 1668 1215 79
1693 1161 1934 1211 montem
1963 1156 2076 1211 Ve-

260 1239 483 1294 suvium
524 1239 802 1294 scriberet
830 1237 1101 1308 regiones
1133 1237 1347 1295 vicinas
1387 1245 1444 1294 et
1470 1239 1642 1295 urbes
1683 1255 1804 1295 eum
1839 1238 2076 1295 bomini-
2108 1271 2126 1281 2

264 1323 375 1378 bus
406 1323 709 1390 exussisse,
746 1328 803 1377 et
830 1320 983 1378 XXX
1016 1320 1175 1378 aunis
1212 1329 1343 1394 post
1373 1338 1536 1378 unum
1559 1323 1629 1379 de
1659 1322 1733 1378 iis
1761 1322 2077 1379 bominibus

268 1405 521 1462 traderet
546 1405 828 1476 insignem
868 1404 1115 1461 habitum
1151 1421 1279 1462 esse
1310 1406 1654 1462 historicum.
1746 1405 1938 1462 Deleri
1973 1421 2076 1463 vo-

264 1489 386 1544 lunt
414 1491 587 1546 verba
616 1487 821 1560 ‘periit
850 1488 975 1544 dum
1002 1487 1137 1543 visit
1162 1489 1496 1546 Vesuvium’
1529 1490 1599 1547 ab
1630 1489 1886 1547 omnibus
1914 1488 2079 1546 libris

260 1572 827 1644 chronographisque
854 1577 1095 1641 servata,
1130 1572 1233 1628 sed
1262 1589 1333 1628 ue
1362 1572 1382 1602 ‘
1400 1573 1704 1629 historicus
1721 1573 1742 1601 ’
1768 1573 1988 1644 quidem
2019 1572 2076 1628 in

260 1656 533 1711 minorem
574 1654 809 1710 Plinium
854 1649 1221 1728 convenitffi).
1306 1654 1456 1712 Falsi
1497 1661 1734 1726 arguunt
1775 1657 1833 1710 iu
1865 1655 2076 1711 maiore

262 1737 811 1796 ‘Novocomensem'
857 1739 1121 1811 patriam,
1174 1739 1277 1796 sed
1304 1740 1566 1796 Veronae
1613 1755 1750 1795 suae
1791 1743 2076 1795 auctorem

260 1839 374 1879 non
423 1823 633 1879 habeut
676 1829 771 1878 aut
812 1823 1175 1878 vetustiorem
1222 1828 1316 1878 aut
1359 1823 1658 1880 certiorem
1697 1820 2076 1878 Mansionario

257 1905 599 1962 Veronensi.
688 1906 909 1961 Maneat
960 1905 1133 1976 igitur
1175 1906 1370 1962 verbis
1417 1908 1486 1963 ab
1535 1907 1876 1977 Hieronymo
1937 1911 2076 1960 tam-

260 2005 425 2060 quam
470 1988 650 2046 invito
684 1989 888 2062 positis
930 2006 1031 2045 sua
1080 1991 1404 2046 auctoritas.
1491 1989 1566 2046 At
1597 2007 1758 2063 quem
1790 1995 2076 2050 auctorem

258 2075 333 2128 de
376 2073 513 2129 vitis
555 2071 857 2129 illustrium
888 2073 1134 2129 virorum
1173 2073 1368 2130 babuit
1401 2081 1630 2145 praeter
1659 2063 2077 2144 Tranquillum?

389 2156 505 2212 Sed
536 2161 596 2211 ut
628 2156 905 2212 mittamus
934 2156 1358 2226 Hieronymum,
1406 2157 1531 2229 ipsa
1565 2157 1728 2213 Plinii
1775 2156 1890 2213 vita
1935 2156 2073 2210 nihil

260 2257 399 2298 sane
440 2240 617 2297 hahet
646 2256 757 2312 quo
791 2240 1118 2296 Suetonium
1160 2247 1445 2296 auctorem
1489 2247 1807 2311 suspectum
1849 2239 2067 2294 reddat.

256 2323 571 2395 Inscriptus
630 2330 717 2378 est
766 2323 957 2378 titulus
1008 2324 1130 2379 ‘Ex
1176 2324 1440 2394 catalogo
1479 2322 1724 2380 virorum
1774 2321 2072 2378 illustrium

258 2406 608 2478 Tranquilli'
652 2411 747 2463 aut
782 2407 802 2438 θ
822 2406 1123 2463 Suetonius
1155 2407 1510 2478 Tranquillus
1543 2407 1600 2462 iu
1635 2406 1788 2462 libro
1819 2405 1890 2460 de
1929 2403 2072 2460 viris

258 2490 579 2549 illustribus
594 2491 638 2560 ’,
669 2488 953 2562 reperitur
982 2490 1039 2546 iu
1068 2491 1255 2547 multis
1287 2490 1578 2547 codicibus
1613 2495 1670 2546 et
1699 2489 1790 2546 vel
1821 2504 1974 2545 saec.
1992 2487 2068 2543 XI

260 2573 525 2646 scriptis,
566 2573 706 2628 nihil
737 2573 889 2630 inest
916 2580 1109 2646 aperte
1142 2574 1339 2642 falsum
1371 2581 1466 2631 aut
1493 2575 1768 2646 ineptum,
1803 2571 2070 2628 nonnulla

260 2656 459 2713 tamin
500 2655 783 2730 principio
818 2673 977 2728 quam
1018 2657 1075 2712 in
1115 2659 1223 2714 line
1253 2658 1484 2730 propria
1527 2664 1654 2715 sunt
1693 2673 1760 2714 ac
1802 2671 2068 2727 nusquam

260 2741 395 2798 alibi
432 2741 675 2813 scripta,
704 2741 947 2812 denique
976 2757 1161 2797 sermo
1192 2757 1301 2796 nou
1334 2743 1616 2799 abhorret.
1705 2740 1776 2796 Et
1801 2738 2069 2796 debuisse

260 2823 455 2896 utique
486 2824 545 2881 in
579 2824 901 2880 Illustribus
932 2823 1075 2880 viris
1116 2825 1301 2880 locum
1329 2823 1509 2881 Plinio
1541 2822 1856 2894 assignari,
1893 2818 2070 2876 nemi-

262 2925 385 2964 nem
413 2902 657 2981 latetffl).
724 2901 757 2928 '

394 3099 491 3164 85)
509 3101 639 3152 Eum
660 3118 863 3168 qnoque
880 3102 1174 3153 historicum
1199 3102 1362 3154 fuisse
1383 3103 1729 3154 demonstrare
1747 3102 1856 3153 vult
1870 3101 2072 3152 Vallae-

258 3172 368 3220 sius
394 3169 461 3220 ad
484 3186 599 3220 eum
625 3172 793 3222 locum
830 3171 1068 3221 chronici.
1143 3171 1377 3223 Ceterum
1407 3184 1536 3237 quos
1560 3169 1763 3220 codices
1791 3169 1927 3220 idem
1948 3170 2072 3219 Val-

260 3238 445 3288 larsius
467 3238 653 3290 liberos
668 3255 785 3290 esse
802 3242 873 3292 ait
894 3240 1238 3290 additamento
1274 3239 1378 3302 illo,
1405 3237 1542 3304 quod
1561 3244 1640 3288 est
1656 3237 1722 3288 de
1731 3238 1973 3300 Vesuvio,
2006 3237 2073 3288 ti·-

260 3319 371 3356 meo
407 3320 471 3355 ne
498 3308 699 3359 saeculo
722 3307 839 3360 XV.
865 3321 967 3359 non
1004 3309 1309 3360 vetustiores
1338 3309 1456 3359 sint.

398 3373 495 3436 86)
538 3377 789 3428 Intellexit
830 3376 929 3426 hoc
972 3377 1305 3428 casaubonus
1349 3391 1578 3458 quoque,
1625 3376 1720 3427 sed
1763 3375 1893 3426 mira
1933 3373 2071 3426 iudi-

152 3445 157 3449 '
257 3441 412 3492 candi
445 3445 781 3508 perversitate
816 3445 971 3494 vitam
1006 3461 1057 3511 p.
1088 3443 1213 3504 301,
1246 3445 1280 3494 5
1314 3445 1551 3511 positam,
1587 3459 1742 3510 quam
1777 3443 2068 3496 Menatem-

260 3523 369 3560 nus
403 3509 491 3560 ille
532 3526 561 3561 e
587 3509 897 3564 Suetoniana
924 3522 975 3564 et
994 3513 1146 3563 Plinii
1176 3513 1403 3579 epistolis
1437 3512 1490 3574 3,
1510 3514 1561 3564 5.
1595 3514 1650 3576 6,
1674 3513 1737 3565 16
1773 3521 1824 3564 et
1847 3512 2043 3564 suisin

260 3578 410 3642 eptiis
446 3580 797 3643 concinnavit,
836 3582 1173 3632 vetustiorem·
1200 3581 1522 3632 existimavit.
