2700 4234
644 302 814 351 xmv
1329 298 1745 348 PRAEFATIO.

644 461 856 516 somnia
880 460 949 515 ed
961 460 1094 515 Rom
1106 467 1157 517 1.
1195 463 1299 531 pro
1325 460 1588 514 insomnio
1625 451 1636 531 Ι
1688 459 1803 517 3iis
1826 458 1931 514 eod
1945 456 2095 516 Frib.
2119 458 2192 513 ed
2208 456 2342 512 Rom
2355 465 2405 516 1.
2424 462 2463 515 2

647 559 750 616 pro
771 542 858 598 his
891 535 908 621 1
945 548 1012 599 12
1035 550 1240 598 atvero
1262 544 1477 598 maiore
1498 541 1625 596 Med
1636 548 1688 601 3.
1715 541 1971 597 lunoker.
2003 542 2082 595 ad
2097 554 2225 597 vero
2248 539 2465 595 maiore

647 626 859 681 Merum.
913 626 991 679 ad
1027 640 1156 681 vero
1199 628 1415 680 maiora
1456 624 1611 680 Paris
1635 630 1790 684 6116.
1836 624 2075 696 plurimi.
2120 625 2198 679 ad
2240 623 2460 677 maiora

645 724 774 766 vero
803 709 921 764 Exn
946 709 1099 765 Paris
1119 714 1276 769 8818.
1313 708 1432 763 Exn
1453 707 1623 763 Notre
1646 708 1833 773 name,
1880 710 1987 765 cod
2010 707 2181 765 Basil.
2226 707 2459 763 Beroal-

649 794 772 849 dus.
812 799 873 847 at
902 807 1030 848 vero
1071 794 1150 847 ad
1191 796 1407 847 maiora
1436 791 1697 847 Heinsius
1746 786 1757 869 Ι
1804 796 1876 849 20
1911 805 2157 861 propere
2200 804 2463 845 reversus

650 875 1023 946 Cannegieter
1050 892 1153 948 pro
1179 892 1361 947 prope
1390 880 1649 931 reversas
1670 875 1762 930 vel
1778 890 2033 946 propere
2061 888 2253 931 versus
2282 866 2311 950 ΙΙ
2340 879 2461 940 143,

648 966 716 1019 18
754 959 947 1015 Threx
977 959 1303 1015 Torrentius
1333 975 1438 1031 pro
1465 958 1667 1012 Thrax
1696 949 1725 1037 ΙΙ
1754 963 1888 1027 144,
1919 964 1988 1018 29
2016 964 2079 1013 ut
2108 958 2181 1014 ed
2198 956 2333 1012 Rom
2352 966 2405 1014 1.
2428 962 2463 1014 2

646 1059 750 1115 pro
780 1050 829 1098 et
870 1034 880 1122 Ι
939 1049 1074 1113 145,
1109 1048 1172 1101 17
1217 1049 1375 1099 actor
1397 1041 1701 1098 Beroaldus
1745 1053 1857 1113 pro'
1877 1048 2072 1097 auctor
2109 1033 2118 1115 Ι
2157 1046 2227 1100 34
2255 1043 2461 1095 iratum

646 1124 862 1197 Lipsius
910 1120 919 1205 Ι
953 1132 1082 1196 146,
1116 1132 1182 1185 21
1216 1128 1567 1182 convocarint
1596 1124 2023 1198 Oudendorpius
2054 1139 2158 1197 pro
2195 1138 2461 1179 convoca-

646 1218 790 1280 rent,
815 1212 916 1266 etr.
949 1226 1115 1281 supra
1143 1209 1417 1281 p.xxxv
1442 1202 1469 1287 ΙΙ
1503 1214 1622 1277 148,
1652 1214 1723 1266 20
1744 1207 2201 1279 Iulol'ulmannus
2226 1214 2462 1280 propter

645 1292 862 1350 Horatii
893 1310 1057 1349 carm.
1089 1301 1155 1363 4,
1186 1300 1250 1362 2,
1281 1299 1332 1351 2.
1379 1294 1484 1348 cfr.
1515 1309 1572 1363 p.
1606 1297 1741 1358 265,
1776 1298 1810 1361 9
1850 1284 1877 1370 ΙΙ
1922 1297 2053 1361 149,
2091 1297 2154 1351 17
2200 1294 2379 1346 artius
2408 1298 2463 1346 et

643 1377 947 1432 holocleros
975 1378 1259 1447 Augustus
1291 1376 1545 1433 seribere
1585 1375 1776 1431 maluit
1804 1392 1963 1447 quam
2005 1364 2206 1449 ἄρτιος
2244 1381 2300 1429 et
2331 1360 2459 1428 ὀλο·

646 1449 906 1534 κλήρους,
941 1459 1043 1516 cfr.
1060 1476 1227 1532 supra
1256 1459 1579 1531 p.xxxvn
1617 1454 1627 1535 Ι
1664 1464 1734 1517 20
1756 1446 2129 1529 ἠλαττῶσθαι
2146 1457 2458 1520 Beroaldus

646 1560 752 1616 pro
795 1536 1154 1599 ἐλαττῶσθαι
1206 1537 1215 1617 Ι
1265 1549 1333 1603 29
1369 1542 1549 1598 Sitani
1584 1543 1889 1600 Beroaldus
1926 1558 2030 1615 pro
2073 1541 2284 1599 Silvani
2331 1535 2339 1617 Ι
2392 1548 2464 1601 33

647 1634 874 1683 montem
907 1627 1164 1683 omittunt
1192 1627 1318 1682 Med
1339 1632 1393 1683 2.
1424 1634 1475 1687 3.
1522 1626 1677 1682 Paris
1709 1632 1846 1687 6116
1873 1619 1900 1705 ΙΙ
1930 1633 2063 1696 150,
2093 1632 2126 1687 7
2160 1642 2291 1681 nam
2328 1630 2460 1696 ego.

644 1710 792 1765 NAM
837 1711 1050 1767 Momm.
1095 1710 1251 1766 Paris
1282 1716 1438 1770 6116.
1484 1710 1553 1766 al.
1591 1697 1753 1763 πάνυ
1780 1712 1873 1765 vel
1904 1705 2037 1764 λίαν
2072 1710 2214 1767 Edu.
2262 1702 2275 1789 Ι
2327 1714 2391 1769 17
2434 1723 2466 1762 e

648 1795 719 1849 ed
743 1795 878 1849 Rom
897 1800 950 1851 2.
989 1811 1093 1866 pro
1127 1808 1196 1849 ne
1248 1793 1256 1859 Ι
1306 1795 1646 1864 nuncuparit
1674 1794 1744 1849 ed
1768 1793 1900 1849 Rom
1926 1802 1975 1852 1.
2019 1810 2124 1866 pro
2164 1808 2463 1864 nuncupa-

645 1884 751 1946 ret,
785 1878 888 1931 cfr.
922 1893 1090 1948 supra
1119 1894 1172 1947 p.
1187 1876 1391 1932 XXXV
1428 1872 1439 1953 Ι
1478 1882 1541 1937 17
1574 1877 2021 1948 quoqueEruesti
2059 1893 2163 1949 pro
2194 1892 2299 1949 que
2338 1872 2347 1952 Ι
2386 1882 2456 1936 31

593 1950 608 1965 '
647 1966 977 2032 exposceret
1019 1960 1125 2015 ood
1149 1960 1302 2015 Huls.
1364 1960 1585 2016 vindob
1611 1968 1662 2017 1.
1726 1961 1894 2018 Basil.
1945 1962 2306 2017 Casaubonus
2354 1974 2461 2031 pro

643 2049 1010 2115 exposcerent
1037 2035 1064 2121 ΙΙ
1099 2052 1193 2102 151
1213 2085 1229 2112 ,
1261 2051 1288 2101 1
1335 2050 1687 2099 resarturum
1722 2046 2029 2101 Beroaldus
2058 2060 2165 2116 pro
2200 2057 2462 2099 resarsu-

643 2144 769 2182 rum
808 2123 818 2203 Ι
856 2134 892 2187 3
928 2128 1164 2182 sestertii
1201 2127 1294 2182 lae
1318 2126 1633 2183 Gronovius
1666 2144 1769 2200 pro
1804 2130 2108 2184 sestertium
2149 2119 2178 2205 ΙΙ
2220 2133 2357 2197 152,
2390 2132 2465 2186 36

644 2210 832 2266 Liviae
880 2210 1082 2267 omittit
1123 2211 1335 2266 Memm.
1380 2202 1407 2288 ΙΙ
1454 2217 1587 2279 153,
1626 2218 1661 2271 3
1702 2212 1770 2266 ab
1820 2214 1940 2268 viva
1981 2212 2199 2283 Lipsius
2242 2227 2345 2283 pro
2390 2208 2464 2263 ab

645 2296 770 2350 avia
799 2287 826 2371 ΙΙ
858 2301 988 2361 154,
1033 2300 1067 2351 2
1099 2295 1340 2350 Polionis
1379 2294 1590 2349 Memm.
1635 2289 1643 2371 Ι
1681 2301 1717 2355 8
1754 2297 1972 2366 aquilae
2018 2294 2343 2350 Torrentius
2388 2309 2465 2349 ox

647 2376 852 2435 Orosio
889 2393 993 2450 pro
1032 2380 1218 2449 aquila
1254 2370 1263 2453 Ι
1302 2384 1336 2437 9
1370 2379 1637 2433 moverive
1677 2378 1912 2435 Orosius
1948 2370 1961 2457 Ι
1998 2386 2069 2439 34
2114 2394 2189 2433 an
2220 2377 2463 2449 Stepha-

647 2476 749 2517 nus
783 2477 887 2533 pro
917 2464 974 2515 in
1005 2451 1032 2539 ΙΙ
1063 2467 1196 2530 156,
1240 2467 1307 2521 16
1338 2463 1651 2533 principali
1689 2462 2005 2519 Sabellicus
2034 2478 2138 2533 pro
2167 2461 2463 2533 principa·

642 2547 746 2599 lem
781 2540 790 2619 Ι
831 2550 897 2604 21
930 2544 1267 2602 Stoechadas
1303 2546 1507 2601 edVen
1529 2553 1575 2602 1.
1611 2561 1713 2617 pro
1746 2544 2053 2601 Stoa-hadas
2084 2537 2112 2623 ΙΙ
2143 2549 2264 2614 157,
2292 2550 2326 2603 9
2360 2544 2469 2599 civi

643 2627 878 2683 Ursinus
914 2644 1017 2700 pro
1049 2627 1182 2685 civis
1229 2620 1240 2705 Ι
1292 2634 1363 2685 10
1389 2626 1688 2698 Poppaeae
1724 2629 1994 2699 Egnatius
2036 2645 2143 2701 pro
2184 2628 2465 2698 Pompeae

643 2712 735 2766 vel
765 2709 988 2782 Popeae
1037 2706 1046 2788 Ι
1099 2716 1166 2771 12
1208 2712 1501 2783 potiusque
1531 2712 1603 2767 ed
1627 2712 1760 2769 Rom
1783 2720 1837 2770 2.
1886 2729 1988 2786 pro
2015 2714 2201 2783 potius
2240 2728 2407 2783 quam
2448 2714 2459 2777 Ι

631 2800 712 2852 -24
745 2793 956 2866 ecfosso
987 2811 1096 2866 ego
1113 2811 1218 2867 pro
1249 2794 1476 2865 exfosso
1512 2788 1521 2865 Ι
1562 2801 1632 2854 28
1657 2799 1776 2852 salo
1800 2798 2113 2870 Stephanus
2146 2811 2250 2867 pro
2280 2796 2392 2851 solo
2430 2787 2459 2873 ΙΙ

645 2884 762 2945 158,
794 2885 860 2936 12
884 2886 936 2933 et
961 2880 1112 2935 delet
1133 2879 1361 2949 Madvig
1387 2879 1456 2934 ad
1490 2878 1606 2935 Cio.
1635 2881 1705 2936 de
1732 2880 1933 2937 finibus
1959 2885 2134 2953 p.288
2158 2882 2169 2946 Ι
2202 2884 2272 2937 24
2292 2880 2457 2935 datu-
2482 2876 2493 2885 ‘

644 2975 744 3014 rus
771 2962 1026 3017 ediverat
1051 2962 1119 3017 ed
1134 2962 1284 3019 Basil
1303 2968 1437 3021 1533
1460 2978 1565 3034 pro
1592 2963 1849 3018 daturum
1872 2978 1933 3019 se
1964 2965 2193 3019 dixerat
2220 2955 2248 3039 ΙΙ
2277 2969 2399 3033 159,
2425 2973 2461 3021 4

646 3051 741 3098 aut
761 3060 870 3101 non
897 3045 1106 3102 Momm.
1133 3046 1258 3101 Med
1271 3051 1324 3104 3.
1351 3042 1503 3101 Paris
1516 3052 1671 3106 6116.
1701 3054 1903 3103 (calvos
1929 3048 2055 3103 Med
2070 3055 2120 3105 1.
2149 3052 2331 3101 autem
2350 3062 2463 3102 non

645 3127 739 3182 vel
765 3134 916 3184 avete
938 3144 1032 3185 vos
1056 3129 1221 3185 codd.
1258 3134 1314 3183 et
1338 3128 1464 3183 edd.
1495 3146 1645 3205 saeo.
1674 3129 1791 3186 XV.
1833 3123 1842 3208 Ι
1879 3137 1912 3192 ’7
1967 3131 2307 3186 vacillatione
2352 3130 2462 3185 eod

644 3210 810 3265 Basil.
843 3212 913 3267 al.
941 3212 1078 3270 Edd.
1107 3228 1212 3284 pro
1237 3212 1577 3268 bacillatione
1618 3206 1627 3289 Ι
1666 3220 1733 3273 18
1756 3214 1884 3271 dira
1908 3230 2011 3273 ave
2036 3230 2167 3285 ego.
2211 3214 2341 3270 dira
2370 3216 2461 3269 avi

645 3293 948 3353 Turnebus,
1003 3296 1130 3351 dira
1159 3303 1256 3350 aut
1283 3296 1497 3360 Memm.
1528 3296 1684 3353 Paris
1708 3302 1843 3357 5801
1874 3305 1931 3354 ot
1945 3304 2101 3357 5805.
2133 3298 2259 3353 dira
2284 3299 2456 3353 autin

642 3376 778 3430 urbe
802 3384 900 3431 aut
923 3379 1126 3449 reliqui
1166 3371 1176 3456 Ι
1215 3385 1282 3439 19
1295 3396 1411 3449 pro
1439 3382 1637 3436 rostris
1659 3380 1871 3436 Merum.
1892 3382 2050 3437 Paris
2064 3386 2220 3441 5801.
2251 3381 2379 3438 Med
2401 3388 2457 3441 3.

641 3463 958 3516 commonito
991 3463 1083 3517 vel
1107 3472 1475 3519 commonente
1509 3480 1624 3534 pro
1653 3468 1850 3519 rostris
1873 3465 2077 3536 reliqui
2114 3458 2127 3543 Ι
2164 3470 2235 3524 28
2260 3466 2304 3519 ii
2326 3464 2453 3520 Ste-

643 3542 856 3614 phanus
881 3560 984 3616 pro
1011 3544 1074 3599 hi
1091 3546 1182 3602 vel
1205 3546 1286 3601 hii
1308 3536 1336 3623 ΙΙ
1372 3553 1492 3619 160,
1518 3555 1581 3606 11
1610 3550 1884 3604 communi
1906 3550 1975 3605 ed
2002 3549 2152 3604 Basil
2185 3554 2322 3608 1533
2345 3564 2457 3620 pro
