<?xml version="1.0" encoding="UTF-8"?>
<!DOCTYPE html PUBLIC "-//W3C//DTD XHTML 1.0 Transitional//EN"
    "http://www.w3.org/TR/xhtml1/DTD/xhtml1-transitional.dtd">
<html xmlns="http://www.w3.org/1999/xhtml" xml:lang="en" lang="en">
 <head>
  <title>
</title>
<meta http-equiv="Content-Type" content="text/html;charset=utf-8" />
  <meta name='ocr-system' content='tesseract 3.04.00' />
  <meta name='ocr-capabilities' content='ocr_page ocr_carea ocr_par ocr_line ocrx_word'/>
</head>
<body>
  <div class='ocr_page' id='page_1' title='image "./csuetonitranqui05rothgoog_0020.png"; bbox 0 0 2700 4234; ppageno 0'>
   <div class='ocr_carea' id='block_1_1' title="bbox 300 3420 583 3461">
    <p class='ocr_par' dir='ltr' id='par_1_1' title="bbox 300 3420 583 3461">
     <span class='ocr_line' id='line_1_1' title="bbox 300 3420 583 3461; baseline 0 0"><span class='ocrx_word' id='word_1_1' title='bbox 300 3423 347 3461; x_wconf 75' lang='lat' dir='ltr'><strong>et</strong></span> <span class='ocrx_word' id='word_1_2' title='bbox 369 3420 583 3461; x_wconf 68' lang='lat' dir='ltr'><strong>virtutes.</strong></span> 
     </span>
    </p>
   </div>
   <div class='ocr_carea' id='block_1_2' title="bbox 621 268 1719 321">
    <p class='ocr_par' dir='ltr' id='par_1_2' title="bbox 621 268 1719 321">
     <span class='ocr_line' id='line_1_2' title="bbox 621 268 1719 321; baseline -0.004 -1"><span class='ocrx_word' id='word_1_3' title='bbox 621 269 743 321; x_wconf 67' lang='grc' dir='ltr'><strong>ΧΠ</strong></span> <span class='ocrx_word' id='word_1_4' title='bbox 1301 268 1719 316; x_wconf 74' lang='lat' dir='ltr'><strong>PRAEFATIO.</strong></span> 
     </span>
    </p>
   </div>
   <div class='ocr_carea' id='block_1_3' title="bbox 619 424 2435 3563">
    <p class='ocr_par' dir='ltr' id='par_1_3' title="bbox 621 424 2435 1647">
     <span class='ocr_line' id='line_1_3' title="bbox 627 424 2431 498; baseline -0.001 -14"><span class='ocrx_word' id='word_1_5' title='bbox 627 426 826 485; x_wconf 74' lang='lat' dir='ltr'><strong>melius</strong></span> <span class='ocrx_word' id='word_1_6' title='bbox 855 442 985 482; x_wconf 75' lang='lat' dir='ltr'><strong>mox</strong></span> <span class='ocrx_word' id='word_1_7' title='bbox 1013 425 1070 481; x_wconf 91' lang='lat' dir='ltr'><strong>in</strong></span> <span class='ocrx_word' id='word_1_8' title='bbox 1105 426 1266 498; x_wconf 86' lang='lat' dir='ltr'><strong>peius</strong></span> <span class='ocrx_word' id='word_1_9' title='bbox 1297 425 1511 495; x_wconf 77' lang='lat' dir='ltr'><strong>mutati,</strong></span> <span class='ocrx_word' id='word_1_10' title='bbox 1546 424 1785 496; x_wconf 81' lang='lat' dir='ltr'><strong>denique</strong></span> <span class='ocrx_word' id='word_1_11' title='bbox 1812 424 2051 497; x_wconf 75' lang='lat' dir='ltr'><strong>perfecti</strong></span> <span class='ocrx_word' id='word_1_12' title='bbox 2081 441 2148 482; x_wconf 84' lang='lat' dir='ltr'><strong>ac</strong></span> <span class='ocrx_word' id='word_1_13' title='bbox 2178 442 2431 483; x_wconf 83' lang='lat' dir='ltr'><strong>consum-</strong></span> 
     </span>
     <span class='ocr_line' id='line_1_4' title="bbox 629 508 2426 580; baseline -0.001 -14"><span class='ocrx_word' id='word_1_14' title='bbox 629 510 758 567; x_wconf 76' lang='lat' dir='ltr'><strong>mati</strong></span> <span class='ocrx_word' id='word_1_15' title='bbox 789 525 1054 580; x_wconf 86' lang='lat' dir='ltr'><strong>nusquam</strong></span> <span class='ocrx_word' id='word_1_16' title='bbox 1096 509 1314 580; x_wconf 85' lang='lat' dir='ltr'><strong>plenam</strong></span> <span class='ocrx_word' id='word_1_17' title='bbox 1359 508 1657 579; x_wconf 77' lang='lat' dir='ltr'>imaginem</span> <span class='ocrx_word' id='word_1_18' title='bbox 1698 508 1987 564; x_wconf 76' lang='lat' dir='ltr'><strong>videamus</strong></span> <span class='ocrx_word' id='word_1_19' title='bbox 2035 508 2426 567; x_wconf 78' lang='lat' dir='ltr'><strong>adumbratam.</strong></span> 
     </span>
     <span class='ocr_line' id='line_1_5' title="bbox 631 590 2435 663; baseline -0.001 -13"><span class='ocrx_word' id='word_1_20' title='bbox 631 592 842 650; x_wconf 83' lang='lat' dir='ltr'><strong>Deinde</strong></span> <span class='ocrx_word' id='word_1_21' title='bbox 870 593 979 649; x_wconf 83' lang='lat' dir='ltr'><strong>hoc</strong></span> <span class='ocrx_word' id='word_1_22' title='bbox 1005 591 1062 647; x_wconf 90' lang='lat' dir='ltr'><strong>in</strong></span> <span class='ocrx_word' id='word_1_23' title='bbox 1083 590 1355 649; x_wconf 77' lang='lat' dir='ltr'><strong>Suetonio</strong></span> <span class='ocrx_word' id='word_1_24' title='bbox 1386 591 1899 663; x_wconf 86' lang='lat' dir='ltr'><strong>reprehendendum</strong></span> <span class='ocrx_word' id='word_1_25' title='bbox 1932 597 2039 661; x_wconf 75' lang='lat' dir='ltr'><strong>est,</strong></span> <span class='ocrx_word' id='word_1_26' title='bbox 2071 592 2221 663; x_wconf 81' lang='lat' dir='ltr'><strong>quod</strong></span> <span class='ocrx_word' id='word_1_27' title='bbox 2250 609 2435 649; x_wconf 90' lang='lat' dir='ltr'><strong>rerum</strong></span> 
     </span>
     <span class='ocr_line' id='line_1_6' title="bbox 629 673 2435 749; baseline 0.001 -17"><span class='ocrx_word' id='word_1_28' title='bbox 629 676 972 749; x_wconf 80' lang='lat' dir='ltr'><strong>publicarum</strong></span> <span class='ocrx_word' id='word_1_29' title='bbox 1005 675 1184 731; x_wconf 87' lang='lat' dir='ltr'><strong>minus</strong></span> <span class='ocrx_word' id='word_1_30' title='bbox 1217 674 1463 745; x_wconf 77' lang='lat' dir='ltr'><strong>diligens</strong></span> <span class='ocrx_word' id='word_1_31' title='bbox 1507 674 1611 731; x_wconf 79' lang='lat' dir='ltr'><strong>fuit</strong></span> <span class='ocrx_word' id='word_1_32' title='bbox 1644 689 1803 745; x_wconf 82' lang='lat' dir='ltr'><strong>quam</strong></span> <span class='ocrx_word' id='word_1_33' title='bbox 1834 673 2130 733; x_wconf 82' lang='lat' dir='ltr'><strong>Caesarum</strong></span> <span class='ocrx_word' id='word_1_34' title='bbox 2170 677 2435 747; x_wconf 79' lang='lat' dir='ltr'><strong>personis</strong></span> 
     </span>
     <span class='ocr_line' id='line_1_7' title="bbox 625 756 2433 830; baseline 0 -14"><span class='ocrx_word' id='word_1_35' title='bbox 625 759 852 830; x_wconf 78' lang='lat' dir='ltr'><strong>dignum</strong></span> <span class='ocrx_word' id='word_1_36' title='bbox 879 757 1117 815; x_wconf 80' lang='lat' dir='ltr'><strong>videtur.</strong></span> <span class='ocrx_word' id='word_1_37' title='bbox 1209 758 1290 813; x_wconf 83' lang='lat' dir='ltr'><strong>De</strong></span> <span class='ocrx_word' id='word_1_38' title='bbox 1321 774 1387 813; x_wconf 88' lang='lat' dir='ltr'><strong>re</strong></span> <span class='ocrx_word' id='word_1_39' title='bbox 1422 756 1647 829; x_wconf 84' lang='lat' dir='ltr'><strong>publica</strong></span> <span class='ocrx_word' id='word_1_40' title='bbox 1685 772 1826 828; x_wconf 84' lang='lat' dir='ltr'><strong>pace</strong></span> <span class='ocrx_word' id='word_1_41' title='bbox 1858 757 2123 829; x_wconf 80' lang='lat' dir='ltr'><strong>belloque</strong></span> <span class='ocrx_word' id='word_1_42' title='bbox 2149 759 2243 814; x_wconf 83' lang='lat' dir='ltr'><strong>vel</strong></span> <span class='ocrx_word' id='word_1_43' title='bbox 2275 766 2433 816; x_wconf 72' lang='lat' dir='ltr'><strong>aucte</strong></span> 
     </span>
     <span class='ocr_line' id='line_1_8' title="bbox 627 839 2435 914; baseline 0 -16"><span class='ocrx_word' id='word_1_44' title='bbox 627 843 718 898; x_wconf 82' lang='lat' dir='ltr'><strong>vel</strong></span> <span class='ocrx_word' id='word_1_45' title='bbox 748 841 1046 911; x_wconf 73' lang='lat' dir='ltr'><strong>deminuta,</strong></span> <span class='ocrx_word' id='word_1_46' title='bbox 1078 841 1148 897; x_wconf 87' lang='lat' dir='ltr'><strong>de</strong></span> <span class='ocrx_word' id='word_1_47' title='bbox 1178 840 1381 897; x_wconf 79' lang='lat' dir='ltr'><strong>civium</strong></span> <span class='ocrx_word' id='word_1_48' title='bbox 1414 839 1948 911; x_wconf 66' lang='lat' dir='ltr'><strong>provincialiumque</strong></span> <span class='ocrx_word' id='word_1_49' title='bbox 1982 846 2161 911; x_wconf 73' lang='lat' dir='ltr'><strong>statu,</strong></span> <span class='ocrx_word' id='word_1_50' title='bbox 2190 842 2259 897; x_wconf 90' lang='lat' dir='ltr'><strong>de</strong></span> <span class='ocrx_word' id='word_1_51' title='bbox 2289 842 2435 914; x_wconf 72' lang='lat' dir='ltr'><strong>legi-</strong></span> 
     </span>
     <span class='ocr_line' id='line_1_9' title="bbox 627 922 2433 996; baseline -0.001 -14"><span class='ocrx_word' id='word_1_52' title='bbox 627 926 730 982; x_wconf 81' lang='lat' dir='ltr'><strong>bus</strong></span> <span class='ocrx_word' id='word_1_53' title='bbox 772 929 828 979; x_wconf 79' lang='lat' dir='ltr'><strong>et</strong></span> <span class='ocrx_word' id='word_1_54' title='bbox 859 923 1276 995; x_wconf 74' lang='lat' dir='ltr'><strong>magistratibus</strong></span> <span class='ocrx_word' id='word_1_55' title='bbox 1314 939 1490 996; x_wconf 88' lang='lat' dir='ltr'><strong>pauca</strong></span> <span class='ocrx_word' id='word_1_56' title='bbox 1522 922 1791 994; x_wconf 87' lang='lat' dir='ltr'><strong>quaedam</strong></span> <span class='ocrx_word' id='word_1_57' title='bbox 1832 928 1889 978; x_wconf 79' lang='lat' dir='ltr'><strong>et</strong></span> <span class='ocrx_word' id='word_1_58' title='bbox 1918 923 2155 982; x_wconf 76' lang='lat' dir='ltr'><strong>disiecta</strong></span> <span class='ocrx_word' id='word_1_59' title='bbox 2200 925 2433 981; x_wconf 80' lang='lat' dir='ltr'><strong>adnota-</strong></span> 
     </span>
     <span class='ocr_line' id='line_1_10' title="bbox 627 1004 2433 1077; baseline -0.001 -12"><span class='ocrx_word' id='word_1_60' title='bbox 627 1007 740 1077; x_wconf 80' lang='lat' dir='ltr'><strong>vit,</strong></span> <span class='ocrx_word' id='word_1_61' title='bbox 780 1013 928 1064; x_wconf 74' lang='lat' dir='ltr'><strong>totus</strong></span> <span class='ocrx_word' id='word_1_62' title='bbox 961 1007 1082 1063; x_wconf 77' lang='lat' dir='ltr'><strong>fere</strong></span> <span class='ocrx_word' id='word_1_63' title='bbox 1116 1006 1173 1063; x_wconf 87' lang='lat' dir='ltr'><strong>in</strong></span> <span class='ocrx_word' id='word_1_64' title='bbox 1213 1006 1272 1063; x_wconf 90' lang='lat' dir='ltr'><strong>id</strong></span> <span class='ocrx_word' id='word_1_65' title='bbox 1299 1006 1576 1075; x_wconf 71' lang='lat' dir='ltr'><strong>intentus,</strong></span> <span class='ocrx_word' id='word_1_66' title='bbox 1618 1011 1678 1060; x_wconf 79' lang='lat' dir='ltr'><strong>ut</strong></span> <span class='ocrx_word' id='word_1_67' title='bbox 1717 1023 1747 1063; x_wconf 89' lang='lat' dir='ltr'><strong>a</strong></span> <span class='ocrx_word' id='word_1_68' title='bbox 1780 1004 2115 1065; x_wconf 81' lang='lat' dir='ltr'><strong>Caesaribus</strong></span> <span class='ocrx_word' id='word_1_69' title='bbox 2146 1007 2265 1065; x_wconf 82' lang='lat' dir='ltr'><strong>suis</strong></span> <span class='ocrx_word' id='word_1_70' title='bbox 2294 1008 2433 1065; x_wconf 83' lang='lat' dir='ltr'><strong>nihil</strong></span> 
     </span>
     <span class='ocr_line' id='line_1_11' title="bbox 625 1089 2431 1147; baseline -0.001 0"><span class='ocrx_word' id='word_1_71' title='bbox 625 1090 846 1147; x_wconf 79' lang='lat' dir='ltr'><strong>humani</strong></span> <span class='ocrx_word' id='word_1_72' title='bbox 887 1090 1126 1147; x_wconf 85' lang='lat' dir='ltr'><strong>alienum</strong></span> <span class='ocrx_word' id='word_1_73' title='bbox 1167 1089 1342 1145; x_wconf 73' lang='lat' dir='ltr'><strong>tuisse</strong></span> <span class='ocrx_word' id='word_1_74' title='bbox 1386 1090 1635 1145; x_wconf 78' lang='lat' dir='ltr'><strong>doceret.</strong></span> <span class='ocrx_word' id='word_1_75' title='bbox 1724 1089 1865 1145; x_wconf 83' lang='lat' dir='ltr'><strong>Hinc</strong></span> <span class='ocrx_word' id='word_1_76' title='bbox 1905 1090 2107 1147; x_wconf 78' lang='lat' dir='ltr'><strong>factum</strong></span> <span class='ocrx_word' id='word_1_77' title='bbox 2144 1096 2233 1146; x_wconf 81' lang='lat' dir='ltr'><strong>est</strong></span> <span class='ocrx_word' id='word_1_78' title='bbox 2273 1097 2334 1147; x_wconf 79' lang='lat' dir='ltr'><strong>ut</strong></span> <span class='ocrx_word' id='word_1_79' title='bbox 2375 1090 2431 1147; x_wconf 87' lang='lat' dir='ltr'><strong>in</strong></span> 
     </span>
     <span class='ocr_line' id='line_1_12' title="bbox 626 1172 2431 1245; baseline -0.001 -16"><span class='ocrx_word' id='word_1_80' title='bbox 626 1173 756 1230; x_wconf 83' lang='lat' dir='ltr'><strong>Divi</strong></span> <span class='ocrx_word' id='word_1_81' title='bbox 782 1172 1021 1244; x_wconf 74' lang='lat' dir='ltr'><strong>Augusti</strong></span> <span class='ocrx_word' id='word_1_82' title='bbox 1051 1174 1164 1231; x_wconf 72' lang='lat' dir='ltr'><strong>vita</strong></span> <span class='ocrx_word' id='word_1_83' title='bbox 1193 1172 1483 1245; x_wconf 73' lang='lat' dir='ltr'><strong>Agrippae</strong></span> <span class='ocrx_word' id='word_1_84' title='bbox 1528 1178 1586 1227; x_wconf 80' lang='lat' dir='ltr'><strong>et</strong></span> <span class='ocrx_word' id='word_1_85' title='bbox 1608 1173 1949 1230; x_wconf 81' lang='lat' dir='ltr'><strong>Maecenatis</strong></span> <span class='ocrx_word' id='word_1_86' title='bbox 1982 1174 2209 1243; x_wconf 79' lang='lat' dir='ltr'><strong>leudes,</strong></span> <span class='ocrx_word' id='word_1_87' title='bbox 2250 1174 2307 1229; x_wconf 90' lang='lat' dir='ltr'><strong>in</strong></span> <span class='ocrx_word' id='word_1_88' title='bbox 2338 1174 2431 1229; x_wconf 81' lang='lat' dir='ltr'><strong>‘ri-</strong></span> 
     </span>
     <span class='ocr_line' id='line_1_13' title="bbox 627 1256 2433 1328; baseline -0.001 -15"><span class='ocrx_word' id='word_1_89' title='bbox 627 1256 790 1314; x_wconf 80' lang='lat' dir='ltr'><strong>berio</strong></span> <span class='ocrx_word' id='word_1_90' title='bbox 811 1256 1002 1314; x_wconf 86' lang='lat' dir='ltr'><strong>Seiani</strong></span> <span class='ocrx_word' id='word_1_91' title='bbox 1031 1257 1252 1313; x_wconf 88' lang='lat' dir='ltr'><strong>scelera</strong></span> <span class='ocrx_word' id='word_1_92' title='bbox 1281 1256 1473 1312; x_wconf 83' lang='lat' dir='ltr'><strong>verbis</strong></span> <span class='ocrx_word' id='word_1_93' title='bbox 1495 1257 1587 1311; x_wconf 82' lang='lat' dir='ltr'><strong>vel</strong></span> <span class='ocrx_word' id='word_1_94' title='bbox 1620 1256 1789 1312; x_wconf 85' lang='lat' dir='ltr'><strong>nullis</strong></span> <span class='ocrx_word' id='word_1_95' title='bbox 1810 1256 1903 1312; x_wconf 84' lang='lat' dir='ltr'><strong>vel</strong></span> <span class='ocrx_word' id='word_1_96' title='bbox 1930 1256 2275 1328; x_wconf 71' lang='lat' dir='ltr'><strong>parcissimis</strong></span> <span class='ocrx_word' id='word_1_97' title='bbox 2302 1257 2433 1312; x_wconf 86' lang='lat' dir='ltr'><strong>illu-</strong></span> 
     </span>
     <span class='ocr_line' id='line_1_14' title="bbox 621 1338 2431 1413; baseline -0.001 -16"><span class='ocrx_word' id='word_1_98' title='bbox 621 1346 964 1404; x_wconf 67' lang='lat' dir='ltr'><strong>strarenturz</strong></span> <span class='ocrx_word' id='word_1_99' title='bbox 994 1340 1124 1397; x_wconf 86' lang='lat' dir='ltr'><strong>hino</strong></span> <span class='ocrx_word' id='word_1_100' title='bbox 1139 1338 1198 1395; x_wconf 83' lang='lat' dir='ltr'><strong>C.</strong></span> <span class='ocrx_word' id='word_1_101' title='bbox 1217 1338 1507 1410; x_wconf 77' lang='lat' dir='ltr'><strong>Caligulae</strong></span> <span class='ocrx_word' id='word_1_102' title='bbox 1532 1339 1947 1413; x_wconf 82' lang='lat' dir='ltr'><strong>spurcissimum</strong></span> <span class='ocrx_word' id='word_1_103' title='bbox 1969 1339 2109 1396; x_wconf 86' lang='lat' dir='ltr'><strong>illud</strong></span> <span class='ocrx_word' id='word_1_104' title='bbox 2132 1339 2431 1411; x_wconf 85' lang='lat' dir='ltr'><strong>quadrien-</strong></span> 
     </span>
     <span class='ocr_line' id='line_1_15' title="bbox 621 1421 2431 1496; baseline -0.001 -17"><span class='ocrx_word' id='word_1_105' title='bbox 621 1423 771 1479; x_wconf 89' lang='lat' dir='ltr'><strong>nium</strong></span> <span class='ocrx_word' id='word_1_106' title='bbox 795 1423 1003 1494; x_wconf 77' lang='lat' dir='ltr'><strong>integri</strong></span> <span class='ocrx_word' id='word_1_107' title='bbox 1031 1423 1162 1479; x_wconf 75' lang='lat' dir='ltr'><strong>libri</strong></span> <span class='ocrx_word' id='word_1_108' title='bbox 1193 1422 1433 1496; x_wconf 78' lang='lat' dir='ltr'><strong>spatium</strong></span> <span class='ocrx_word' id='word_1_109' title='bbox 1466 1421 1747 1493; x_wconf 55' lang='lat' dir='ltr'><strong>explain</strong></span> <span class='ocrx_word' id='word_1_110' title='bbox 1776 1422 1907 1479; x_wconf 83' lang='lat' dir='ltr'><strong>hinc</strong></span> <span class='ocrx_word' id='word_1_111' title='bbox 1930 1422 2091 1479; x_wconf 84' lang='lat' dir='ltr'><strong>trium</strong></span> <span class='ocrx_word' id='word_1_112' title='bbox 2120 1422 2431 1494; x_wconf 78' lang='lat' dir='ltr'><strong>principum</strong></span> 
     </span>
     <span class='ocr_line' id='line_1_16' title="bbox 621 1503 2427 1576; baseline -0.002 -13"><span class='ocrx_word' id='word_1_113' title='bbox 621 1505 886 1576; x_wconf 84' lang='lat' dir='ltr'><strong>rebellio,</strong></span> <span class='ocrx_word' id='word_1_114' title='bbox 914 1506 1022 1563; x_wconf 84' lang='lat' dir='ltr'><strong>nisi</strong></span> <span class='ocrx_word' id='word_1_115' title='bbox 1054 1506 1229 1563; x_wconf 74' lang='lat' dir='ltr'><strong>Taciti</strong></span> <span class='ocrx_word' id='word_1_116' title='bbox 1260 1506 1525 1563; x_wconf 70' lang='lat' dir='ltr'><strong>historias</strong></span> <span class='ocrx_word' id='word_1_117' title='bbox 1556 1503 1777 1563; x_wconf 73' lang='lat' dir='ltr'><strong>fortuna</strong></span> <span class='ocrx_word' id='word_1_118' title='bbox 1804 1511 2108 1573; x_wconf 75' lang='lat' dir='ltr'><strong>servasset,</strong></span> <span class='ocrx_word' id='word_1_119' title='bbox 2142 1505 2427 1562; x_wconf 78' lang='lat' dir='ltr'><strong>obscuris-</strong></span> 
     </span>
     <span class='ocr_line' id='line_1_17' title="bbox 621 1588 962 1647; baseline -0.009 -1"><span class='ocrx_word' id='word_1_120' title='bbox 621 1589 759 1647; x_wconf 81' lang='lat' dir='ltr'><strong>sima</strong></span> <span class='ocrx_word' id='word_1_121' title='bbox 794 1588 962 1646; x_wconf 73' lang='lat' dir='ltr'><strong>foret.</strong></span> 
     </span>
    </p>

    <p class='ocr_par' dir='ltr' id='par_1_4' title="bbox 619 1671 2431 3403">
     <span class='ocr_line' id='line_1_18' title="bbox 747 1671 2428 1744; baseline -0.001 -15"><span class='ocrx_word' id='word_1_122' title='bbox 747 1674 983 1730; x_wconf 72' lang='lat' dir='ltr'><strong>Laborat</strong></span> <span class='ocrx_word' id='word_1_123' title='bbox 1019 1672 1192 1744; x_wconf 78' lang='lat' dir='ltr'><strong>igitur</strong></span> <span class='ocrx_word' id='word_1_124' title='bbox 1239 1672 1635 1729; x_wconf 79' lang='lat' dir='ltr'><strong>Suetonianum</strong></span> <span class='ocrx_word' id='word_1_125' title='bbox 1676 1689 1855 1743; x_wconf 77' lang='lat' dir='ltr'><strong>genus</strong></span> <span class='ocrx_word' id='word_1_126' title='bbox 1901 1671 2056 1729; x_wconf 70' lang='lat' dir='ltr'><strong>vitiis</strong></span> <span class='ocrx_word' id='word_1_127' title='bbox 2104 1671 2428 1743; x_wconf 71' lang='lat' dir='ltr'><strong>quibusdan</strong></span> 
     </span>
     <span class='ocr_line' id='line_1_19' title="bbox 623 1754 2431 1826; baseline -0.002 -13"><span class='ocrx_word' id='word_1_128' title='bbox 623 1773 732 1813; x_wconf 92' lang='lat' dir='ltr'><strong>non</strong></span> <span class='ocrx_word' id='word_1_129' title='bbox 767 1755 1020 1826; x_wconf 76' lang='lat' dir='ltr'><strong>exiguis,</strong></span> <span class='ocrx_word' id='word_1_130' title='bbox 1067 1772 1208 1826; x_wconf 86' lang='lat' dir='ltr'><strong>quae</strong></span> <span class='ocrx_word' id='word_1_131' title='bbox 1240 1771 1361 1810; x_wconf 86' lang='lat' dir='ltr'><strong>cum</strong></span> <span class='ocrx_word' id='word_1_132' title='bbox 1394 1756 1544 1819; x_wconf 78' lang='lat' dir='ltr'><strong>vitae</strong></span> <span class='ocrx_word' id='word_1_133' title='bbox 1585 1756 2003 1825; x_wconf 78' lang='lat' dir='ltr'><strong>studiorumque</strong></span> <span class='ocrx_word' id='word_1_134' title='bbox 2033 1771 2246 1826; x_wconf 76' lang='lat' dir='ltr'><strong>genere</strong></span> <span class='ocrx_word' id='word_1_135' title='bbox 2289 1754 2431 1811; x_wconf 82' lang='lat' dir='ltr'><strong>scri-</strong></span> 
     </span>
     <span class='ocr_line' id='line_1_20' title="bbox 620 1837 2428 1911; baseline -0.001 -17"><span class='ocrx_word' id='word_1_136' title='bbox 620 1839 800 1911; x_wconf 75' lang='lat' dir='ltr'><strong>ptoris</strong></span> <span class='ocrx_word' id='word_1_137' title='bbox 830 1837 1088 1892; x_wconf 78' lang='lat' dir='ltr'><strong>videntur</strong></span> <span class='ocrx_word' id='word_1_138' title='bbox 1118 1837 1411 1892; x_wconf 81' lang='lat' dir='ltr'><strong>coniuncta</strong></span> <span class='ocrx_word' id='word_1_139' title='bbox 1444 1838 1636 1892; x_wconf 78' lang='lat' dir='ltr'><strong>fuisse.</strong></span> <span class='ocrx_word' id='word_1_140' title='bbox 1723 1838 1967 1892; x_wconf 83' lang='lat' dir='ltr'><strong>Publicis</strong></span> <span class='ocrx_word' id='word_1_141' title='bbox 2000 1838 2143 1894; x_wconf 88' lang='lat' dir='ltr'><strong>enim</strong></span> <span class='ocrx_word' id='word_1_142' title='bbox 2184 1837 2428 1893; x_wconf 88' lang='lat' dir='ltr'><strong>muneri-</strong></span> 
     </span>
     <span class='ocr_line' id='line_1_21' title="bbox 621 1918 2430 1990; baseline -0.001 -14"><span class='ocrx_word' id='word_1_143' title='bbox 621 1921 724 1977; x_wconf 79' lang='lat' dir='ltr'><strong>bus</strong></span> <span class='ocrx_word' id='word_1_144' title='bbox 757 1934 1046 1990; x_wconf 81' lang='lat' dir='ltr'><strong>numquam</strong></span> <span class='ocrx_word' id='word_1_145' title='bbox 1077 1920 1294 1974; x_wconf 78' lang='lat' dir='ltr'><strong>functus</strong></span> <span class='ocrx_word' id='word_1_146' title='bbox 1325 1934 1430 1973; x_wconf 89' lang='lat' dir='ltr'><strong>nee</strong></span> <span class='ocrx_word' id='word_1_147' title='bbox 1469 1918 1650 1987; x_wconf 78' lang='lat' dir='ltr'><strong>magis</strong></span> <span class='ocrx_word' id='word_1_148' title='bbox 1684 1918 1849 1973; x_wconf 85' lang='lat' dir='ltr'><strong>animi</strong></span> <span class='ocrx_word' id='word_1_149' title='bbox 1879 1918 2111 1988; x_wconf 86' lang='lat' dir='ltr'><strong>quadam</strong></span> <span class='ocrx_word' id='word_1_150' title='bbox 2152 1919 2430 1988; x_wconf 76' lang='lat' dir='ltr'><strong>magnitu-</strong></span> 
     </span>
     <span class='ocr_line' id='line_1_22' title="bbox 621 1998 2427 2071; baseline -0.002 -11"><span class='ocrx_word' id='word_1_151' title='bbox 621 2004 750 2061; x_wconf 79' lang='lat' dir='ltr'><strong>dine</strong></span> <span class='ocrx_word' id='word_1_152' title='bbox 788 2002 1026 2059; x_wconf 81' lang='lat' dir='ltr'><strong>naturali</strong></span> <span class='ocrx_word' id='word_1_153' title='bbox 1057 2001 1310 2070; x_wconf 78' lang='lat' dir='ltr'><strong>adiutus,</strong></span> <span class='ocrx_word' id='word_1_154' title='bbox 1354 2000 1456 2059; x_wconf 88' lang='lat' dir='ltr'><strong>sed</strong></span> <span class='ocrx_word' id='word_1_155' title='bbox 1483 2000 1664 2057; x_wconf 73' lang='lat' dir='ltr'><strong>libros</strong></span> <span class='ocrx_word' id='word_1_156' title='bbox 1692 1998 1980 2057; x_wconf 73' lang='lat' dir='ltr'><strong>indefesso</strong></span> <span class='ocrx_word' id='word_1_157' title='bbox 2014 2000 2201 2057; x_wconf 79' lang='lat' dir='ltr'><strong>studio</strong></span> <span class='ocrx_word' id='word_1_158' title='bbox 2229 1999 2427 2071; x_wconf 77' lang='lat' dir='ltr'><strong>legere</strong></span> 
     </span>
     <span class='ocr_line' id='line_1_23' title="bbox 623 2082 2427 2157; baseline -0.002 -14"><span class='ocrx_word' id='word_1_159' title='bbox 623 2100 932 2157; x_wconf 71' lang='lat' dir='ltr'><strong>excerpere</strong></span> <span class='ocrx_word' id='word_1_160' title='bbox 976 2085 1122 2141; x_wconf 78' lang='lat' dir='ltr'><strong>inter</strong></span> <span class='ocrx_word' id='word_1_161' title='bbox 1171 2100 1234 2141; x_wconf 86' lang='lat' dir='ltr'><strong>se</strong></span> <span class='ocrx_word' id='word_1_162' title='bbox 1280 2085 1543 2141; x_wconf 79' lang='lat' dir='ltr'><strong>conferre</strong></span> <span class='ocrx_word' id='word_1_163' title='bbox 1576 2084 1817 2155; x_wconf 82' lang='lat' dir='ltr'><strong>solitus,</strong></span> <span class='ocrx_word' id='word_1_164' title='bbox 1861 2082 2084 2140; x_wconf 73' lang='lat' dir='ltr'><strong>facilius</strong></span> <span class='ocrx_word' id='word_1_165' title='bbox 2118 2083 2427 2154; x_wconf 78' lang='lat' dir='ltr'><strong>singularia</strong></span> 
     </span>
     <span class='ocr_line' id='line_1_24' title="bbox 621 2168 2429 2241; baseline -0.002 -15"><span class='ocrx_word' id='word_1_166' title='bbox 621 2175 679 2226; x_wconf 77' lang='lat' dir='ltr'><strong>et</strong></span> <span class='ocrx_word' id='word_1_167' title='bbox 706 2169 896 2241; x_wconf 89' lang='lat' dir='ltr'><strong>aliquo</strong></span> <span class='ocrx_word' id='word_1_168' title='bbox 925 2168 1090 2227; x_wconf 86' lang='lat' dir='ltr'><strong>modo</strong></span> <span class='ocrx_word' id='word_1_169' title='bbox 1117 2168 1393 2224; x_wconf 77' lang='lat' dir='ltr'><strong>exstantia</strong></span> <span class='ocrx_word' id='word_1_170' title='bbox 1424 2168 1570 2226; x_wconf 79' lang='lat' dir='ltr'><strong>facta</strong></span> <span class='ocrx_word' id='word_1_171' title='bbox 1593 2168 1684 2224; x_wconf 85' lang='lat' dir='ltr'><strong>vel</strong></span> <span class='ocrx_word' id='word_1_172' title='bbox 1712 2168 1860 2225; x_wconf 73' lang='lat' dir='ltr'><strong>dieta</strong></span> <span class='ocrx_word' id='word_1_173' title='bbox 1889 2168 2331 2225; x_wconf 77' lang='lat' dir='ltr'><strong>animadvertere</strong></span> <span class='ocrx_word' id='word_1_174' title='bbox 2362 2182 2429 2223; x_wconf 81' lang='lat' dir='ltr'><strong>ac</strong></span> 
     </span>
     <span class='ocr_line' id='line_1_25' title="bbox 622 2252 2428 2325; baseline -0.002 -17"><span class='ocrx_word' id='word_1_175' title='bbox 622 2269 725 2325; x_wconf 87' lang='lat' dir='ltr'><strong>per</strong></span> <span class='ocrx_word' id='word_1_176' title='bbox 753 2252 938 2325; x_wconf 78' lang='lat' dir='ltr'><strong>capita</strong></span> <span class='ocrx_word' id='word_1_177' title='bbox 971 2267 1308 2324; x_wconf 86' lang='lat' dir='ltr'><strong>componere</strong></span> <span class='ocrx_word' id='word_1_178' title='bbox 1339 2268 1499 2323; x_wconf 85' lang='lat' dir='ltr'><strong>quam</strong></span> <span class='ocrx_word' id='word_1_179' title='bbox 1528 2252 1875 2322; x_wconf 76' lang='lat' dir='ltr'><strong>aequabilem</strong></span> <span class='ocrx_word' id='word_1_180' title='bbox 1904 2254 2305 2325; x_wconf 84' lang='lat' dir='ltr'><strong>copiosumque</strong></span> <span class='ocrx_word' id='word_1_181' title='bbox 2336 2266 2428 2305; x_wconf 84' lang='lat' dir='ltr'><strong>re-</strong></span> 
     </span>
     <span class='ocr_line' id='line_1_26' title="bbox 621 2333 2427 2407; baseline -0.002 -16"><span class='ocrx_word' id='word_1_182' title='bbox 621 2351 740 2391; x_wconf 74' lang='lat' dir='ltr'><strong>rum</strong></span> <span class='ocrx_word' id='word_1_183' title='bbox 770 2336 1040 2405; x_wconf 84' lang='lat' dir='ltr'><strong>ordinem,</strong></span> <span class='ocrx_word' id='word_1_184' title='bbox 1071 2336 1166 2407; x_wconf 89' lang='lat' dir='ltr'><strong>qui</strong></span> <span class='ocrx_word' id='word_1_185' title='bbox 1195 2336 1355 2405; x_wconf 82' lang='lat' dir='ltr'><strong>quasi</strong></span> <span class='ocrx_word' id='word_1_186' title='bbox 1382 2336 1531 2391; x_wconf 81' lang='lat' dir='ltr'><strong>vitae</strong></span> <span class='ocrx_word' id='word_1_187' title='bbox 1559 2336 1827 2392; x_wconf 82' lang='lat' dir='ltr'><strong>humanae</strong></span> <span class='ocrx_word' id='word_1_188' title='bbox 1862 2335 2154 2392; x_wconf 89' lang='lat' dir='ltr'><strong>decursum</strong></span> <span class='ocrx_word' id='word_1_189' title='bbox 2188 2333 2427 2405; x_wconf 73' lang='lat' dir='ltr'><strong>aliquem</strong></span> 
     </span>
     <span class='ocr_line' id='line_1_27' title="bbox 621 2418 2424 2492; baseline -0.003 -17"><span class='ocrx_word' id='word_1_190' title='bbox 621 2418 951 2488; x_wconf 74' lang='lat' dir='ltr'><strong>imitaretur,</strong></span> <span class='ocrx_word' id='word_1_191' title='bbox 978 2425 1282 2491; x_wconf 79' lang='lat' dir='ltr'><strong>pertexere</strong></span> <span class='ocrx_word' id='word_1_192' title='bbox 1315 2418 1517 2492; x_wconf 81' lang='lat' dir='ltr'><strong>potnit.</strong></span> <span class='ocrx_word' id='word_1_193' title='bbox 1605 2418 1739 2473; x_wconf 90' lang='lat' dir='ltr'><strong>Inde</strong></span> <span class='ocrx_word' id='word_1_194' title='bbox 1772 2418 2057 2491; x_wconf 84' lang='lat' dir='ltr'><strong>explicare</strong></span> <span class='ocrx_word' id='word_1_195' title='bbox 2088 2418 2243 2485; x_wconf 75' lang='lat' dir='ltr'><strong>licet,</strong></span> <span class='ocrx_word' id='word_1_196' title='bbox 2276 2418 2424 2487; x_wconf 86' lang='lat' dir='ltr'><strong>quod</strong></span> 
     </span>
     <span class='ocr_line' id='line_1_28' title="bbox 623 2500 2427 2575; baseline -0.003 -18"><span class='ocrx_word' id='word_1_197' title='bbox 623 2518 764 2575; x_wconf 87' lang='lat' dir='ltr'><strong>quae</strong></span> <span class='ocrx_word' id='word_1_198' title='bbox 810 2503 879 2558; x_wconf 89' lang='lat' dir='ltr'><strong>de</strong></span> <span class='ocrx_word' id='word_1_199' title='bbox 919 2502 1040 2558; x_wconf 82' lang='lat' dir='ltr'><strong>eius</strong></span> <span class='ocrx_word' id='word_1_200' title='bbox 1086 2502 1403 2559; x_wconf 78' lang='lat' dir='ltr'><strong>mustribus</strong></span> <span class='ocrx_word' id='word_1_201' title='bbox 1443 2502 1584 2558; x_wconf 78' lang='lat' dir='ltr'><strong>viris</strong></span> <span class='ocrx_word' id='word_1_202' title='bbox 1630 2506 1961 2573; x_wconf 78' lang='lat' dir='ltr'><strong>supersunt,</strong></span> <span class='ocrx_word' id='word_1_203' title='bbox 1999 2500 2257 2573; x_wconf 84' lang='lat' dir='ltr'><strong>quoniam</strong></span> <span class='ocrx_word' id='word_1_204' title='bbox 2300 2505 2427 2555; x_wconf 82' lang='lat' dir='ltr'><strong>sunt</strong></span> 
     </span>
     <span class='ocr_line' id='line_1_29' title="bbox 621 2582 2426 2654; baseline -0.004 -11"><span class='ocrx_word' id='word_1_205' title='bbox 621 2584 900 2643; x_wconf 80' lang='lat' dir='ltr'><strong>hominum</strong></span> <span class='ocrx_word' id='word_1_206' title='bbox 940 2584 1144 2641; x_wconf 72' lang='lat' dir='ltr'><strong>litteris</strong></span> <span class='ocrx_word' id='word_1_207' title='bbox 1188 2584 1499 2641; x_wconf 82' lang='lat' dir='ltr'><strong>deditorum</strong></span> <span class='ocrx_word' id='word_1_208' title='bbox 1540 2584 1723 2654; x_wconf 81' lang='lat' dir='ltr'><strong>vitae,</strong></span> <span class='ocrx_word' id='word_1_209' title='bbox 1773 2584 2077 2641; x_wconf 73' lang='lat' dir='ltr'><strong>accedente</strong></span> <span class='ocrx_word' id='word_1_210' title='bbox 2120 2584 2285 2640; x_wconf 75' lang='lat' dir='ltr'><strong>etiam</strong></span> <span class='ocrx_word' id='word_1_211' title='bbox 2340 2582 2426 2637; x_wconf 91' lang='lat' dir='ltr'><strong>in-</strong></span> 
     </span>
     <span class='ocr_line' id='line_1_30' title="bbox 621 2665 2427 2742; baseline -0.004 -17"><span class='ocrx_word' id='word_1_212' title='bbox 621 2668 770 2740; x_wconf 71' lang='lat' dir='ltr'><strong>signi</strong></span> <span class='ocrx_word' id='word_1_213' title='bbox 813 2669 1154 2739; x_wconf 75' lang='lat' dir='ltr'><strong>singularum</strong></span> <span class='ocrx_word' id='word_1_214' title='bbox 1185 2667 1500 2737; x_wconf 75' lang='lat' dir='ltr'><strong>brevitate,</strong></span> <span class='ocrx_word' id='word_1_215' title='bbox 1542 2665 1907 2739; x_wconf 73' lang='lat' dir='ltr'><strong>perfectionis</strong></span> <span class='ocrx_word' id='word_1_216' title='bbox 1946 2667 2193 2742; x_wconf 83' lang='lat' dir='ltr'><strong>speciem</strong></span> <span class='ocrx_word' id='word_1_217' title='bbox 2220 2666 2427 2722; x_wconf 74' lang='lat' dir='ltr'><strong>habent</strong></span> 
     </span>
     <span class='ocr_line' id='line_1_31' title="bbox 621 2748 2425 2820; baseline -0.003 -12"><span class='ocrx_word' id='word_1_218' title='bbox 621 2752 914 2816; x_wconf 77' lang='lat' dir='ltr'><strong>maiorem3</strong></span> <span class='ocrx_word' id='word_1_219' title='bbox 965 2751 1238 2809; x_wconf 79' lang='lat' dir='ltr'><strong>Caesares</strong></span> <span class='ocrx_word' id='word_1_220' title='bbox 1285 2766 1456 2820; x_wconf 81' lang='lat' dir='ltr'><strong>vero,</strong></span> <span class='ocrx_word' id='word_1_221' title='bbox 1508 2751 1631 2807; x_wconf 82' lang='lat' dir='ltr'><strong>sive</strong></span> <span class='ocrx_word' id='word_1_222' title='bbox 1672 2752 1785 2808; x_wconf 83' lang='lat' dir='ltr'><strong>nati</strong></span> <span class='ocrx_word' id='word_1_223' title='bbox 1828 2757 1955 2807; x_wconf 81' lang='lat' dir='ltr'><strong>sunt</strong></span> <span class='ocrx_word' id='word_1_224' title='bbox 1996 2756 2053 2806; x_wconf 85' lang='lat' dir='ltr'><strong>et</strong></span> <span class='ocrx_word' id='word_1_225' title='bbox 2100 2748 2319 2805; x_wconf 76' lang='lat' dir='ltr'><strong>educati</strong></span> <span class='ocrx_word' id='word_1_226' title='bbox 2356 2748 2425 2803; x_wconf 87' lang='lat' dir='ltr'><strong>ad</strong></span> 
     </span>
     <span class='ocr_line' id='line_1_32' title="bbox 619 2833 2426 2908; baseline -0.004 -17"><span class='ocrx_word' id='word_1_227' title='bbox 619 2852 774 2907; x_wconf 89' lang='lat' dir='ltr'><strong>spem</strong></span> <span class='ocrx_word' id='word_1_228' title='bbox 804 2835 1143 2908; x_wconf 86' lang='lat' dir='ltr'><strong>imperandi,</strong></span> <span class='ocrx_word' id='word_1_229' title='bbox 1173 2836 1296 2891; x_wconf 84' lang='lat' dir='ltr'><strong>sive</strong></span> <span class='ocrx_word' id='word_1_230' title='bbox 1322 2840 1591 2907; x_wconf 83' lang='lat' dir='ltr'><strong>provecta</strong></span> <span class='ocrx_word' id='word_1_231' title='bbox 1622 2840 1804 2891; x_wconf 76' lang='lat' dir='ltr'><strong>aetate</strong></span> <span class='ocrx_word' id='word_1_232' title='bbox 1834 2834 1902 2890; x_wconf 88' lang='lat' dir='ltr'><strong>ad</strong></span> <span class='ocrx_word' id='word_1_233' title='bbox 1932 2833 2299 2906; x_wconf 76' lang='lat' dir='ltr'><strong>principatum</strong></span> <span class='ocrx_word' id='word_1_234' title='bbox 2330 2847 2426 2885; x_wconf 90' lang='lat' dir='ltr'><strong>ac-</strong></span> 
     </span>
     <span class='ocr_line' id='line_1_33' title="bbox 621 2914 2425 2989; baseline -0.001 -18"><span class='ocrx_word' id='word_1_235' title='bbox 621 2925 947 2987; x_wconf 81' lang='lat' dir='ltr'><strong>cesserunt,</strong></span> <span class='ocrx_word' id='word_1_236' title='bbox 979 2919 1049 2974; x_wconf 89' lang='lat' dir='ltr'><strong>ad</strong></span> <span class='ocrx_word' id='word_1_237' title='bbox 1095 2934 1256 2974; x_wconf 86' lang='lat' dir='ltr'><strong>unam</strong></span> <span class='ocrx_word' id='word_1_238' title='bbox 1303 2917 1646 2989; x_wconf 86' lang='lat' dir='ltr'><strong>eandemque</strong></span> <span class='ocrx_word' id='word_1_239' title='bbox 1691 2915 1811 2974; x_wconf 72' lang='lat' dir='ltr'><strong>fere</strong></span> <span class='ocrx_word' id='word_1_240' title='bbox 1854 2916 2095 2988; x_wconf 73' lang='lat' dir='ltr'><strong>capitum</strong></span> <span class='ocrx_word' id='word_1_241' title='bbox 2134 2914 2425 2971; x_wconf 82' lang='lat' dir='ltr'><strong>formulam</strong></span> 
     </span>
     <span class='ocr_line' id='line_1_34' title="bbox 619 2997 2425 3073; baseline -0.002 -16"><span class='ocrx_word' id='word_1_242' title='bbox 619 3000 886 3073; x_wconf 76' lang='lat' dir='ltr'><strong>descripti</strong></span> <span class='ocrx_word' id='word_1_243' title='bbox 923 3007 1079 3070; x_wconf 81' lang='lat' dir='ltr'><strong>sunt,</strong></span> <span class='ocrx_word' id='word_1_244' title='bbox 1121 3007 1182 3055; x_wconf 82' lang='lat' dir='ltr'><strong>ut</strong></span> <span class='ocrx_word' id='word_1_245' title='bbox 1209 3000 1620 3071; x_wconf 79' lang='lat' dir='ltr'><strong>grammaticum</strong></span> <span class='ocrx_word' id='word_1_246' title='bbox 1661 3000 1935 3056; x_wconf 85' lang='lat' dir='ltr'><strong>hominem</strong></span> <span class='ocrx_word' id='word_1_247' title='bbox 1966 3013 2276 3067; x_wconf 80' lang='lat' dir='ltr'><strong>agnoscere</strong></span> <span class='ocrx_word' id='word_1_248' title='bbox 2323 2997 2425 3053; x_wconf 80' lang='lat' dir='ltr'><strong>tibi</strong></span> 
     </span>
     <span class='ocr_line' id='line_1_35' title="bbox 620 3078 2425 3159; baseline -0.003 -18"><span class='ocrx_word' id='word_1_249' title='bbox 620 3083 880 3153; x_wconf 80' lang='lat' dir='ltr'><strong>videare,</strong></span> <span class='ocrx_word' id='word_1_250' title='bbox 929 3084 1020 3159; x_wconf 74' lang='lat' dir='ltr'><strong>qui</strong></span> <span class='ocrx_word' id='word_1_251' title='bbox 1069 3101 1140 3139; x_wconf 86' lang='lat' dir='ltr'><strong>ex</strong></span> <span class='ocrx_word' id='word_1_252' title='bbox 1179 3089 1465 3139; x_wconf 79' lang='lat' dir='ltr'><strong>auctorum</strong></span> <span class='ocrx_word' id='word_1_253' title='bbox 1510 3082 1721 3140; x_wconf 79' lang='lat' dir='ltr'><strong>infinita</strong></span> <span class='ocrx_word' id='word_1_254' title='bbox 1761 3081 2107 3139; x_wconf 81' lang='lat' dir='ltr'><strong>multitudine</strong></span> <span class='ocrx_word' id='word_1_255' title='bbox 2154 3078 2425 3137; x_wconf 64' lang='lat' dir='ltr'><strong>notabilia</strong></span> 
     </span>
     <span class='ocr_line' id='line_1_36' title="bbox 619 3162 2424 3239; baseline -0.003 -16"><span class='ocrx_word' id='word_1_256' title='bbox 619 3183 876 3239; x_wconf 85' lang='lat' dir='ltr'><strong>quaeque</strong></span> <span class='ocrx_word' id='word_1_257' title='bbox 916 3168 1182 3239; x_wconf 71' lang='lat' dir='ltr'><strong>decerpta</strong></span> <span class='ocrx_word' id='word_1_258' title='bbox 1215 3172 1272 3222; x_wconf 78' lang='lat' dir='ltr'><strong>et</strong></span> <span class='ocrx_word' id='word_1_259' title='bbox 1312 3166 1369 3221; x_wconf 91' lang='lat' dir='ltr'><strong>in</strong></span> <span class='ocrx_word' id='word_1_260' title='bbox 1400 3166 1681 3223; x_wconf 73' lang='lat' dir='ltr'><strong>discretos</strong></span> <span class='ocrx_word' id='word_1_261' title='bbox 1725 3164 2174 3222; x_wconf 83' lang='lat' dir='ltr'><strong>adversariorum</strong></span> <span class='ocrx_word' id='word_1_262' title='bbox 2207 3162 2424 3218; x_wconf 79' lang='lat' dir='ltr'><strong>forulos</strong></span> 
     </span>
     <span class='ocr_line' id='line_1_37' title="bbox 619 3245 2423 3323; baseline -0.003 -17"><span class='ocrx_word' id='word_1_263' title='bbox 619 3249 892 3323; x_wconf 81' lang='lat' dir='ltr'><strong>disposita</strong></span> <span class='ocrx_word' id='word_1_264' title='bbox 934 3250 1234 3308; x_wconf 73' lang='lat' dir='ltr'><strong>interiecto</strong></span> <span class='ocrx_word' id='word_1_265' title='bbox 1271 3255 1525 3321; x_wconf 75' lang='lat' dir='ltr'><strong>tempore</strong></span> <span class='ocrx_word' id='word_1_266' title='bbox 1556 3264 1891 3320; x_wconf 85' lang='lat' dir='ltr'><strong>componere</strong></span> <span class='ocrx_word' id='word_1_267' title='bbox 1936 3252 1992 3303; x_wconf 79' lang='lat' dir='ltr'><strong>et</strong></span> <span class='ocrx_word' id='word_1_268' title='bbox 2021 3246 2151 3302; x_wconf 85' lang='lat' dir='ltr'><strong>stilo</strong></span> <span class='ocrx_word' id='word_1_269' title='bbox 2182 3245 2423 3302; x_wconf 80' lang='lat' dir='ltr'><strong>formare</strong></span> 
     </span>
     <span class='ocr_line' id='line_1_38' title="bbox 621 3339 1656 3403; baseline 0 -16"><span class='ocrx_word' id='word_1_270' title='bbox 621 3348 924 3403; x_wconf 76' lang='lat' dir='ltr'><strong>aggressus</strong></span> <span class='ocrx_word' id='word_1_271' title='bbox 965 3339 1068 3389; x_wconf 82' lang='lat' dir='ltr'><strong>est.</strong></span> <span class='ocrx_word' id='word_1_272' title='bbox 1650 3392 1656 3401; x_wconf 61' lang='grc'><strong>,</strong></span> 
     </span>
    </p>

    <p class='ocr_par' dir='ltr' id='par_1_5' title="bbox 619 3413 2423 3563">
     <span class='ocr_line' id='line_1_39' title="bbox 740 3413 2423 3487; baseline -0.004 -16"><span class='ocrx_word' id='word_1_273' title='bbox 740 3414 877 3471; x_wconf 83' lang='lat' dir='ltr'><strong>Sunt</strong></span> <span class='ocrx_word' id='word_1_274' title='bbox 910 3422 1088 3472; x_wconf 82' lang='lat' dir='ltr'><strong>tamen</strong></span> <span class='ocrx_word' id='word_1_275' title='bbox 1131 3416 1220 3471; x_wconf 84' lang='lat' dir='ltr'><strong>his</strong></span> <span class='ocrx_word' id='word_1_276' title='bbox 1257 3414 1399 3487; x_wconf 82' lang='lat' dir='ltr'><strong>ipsis</strong></span> <span class='ocrx_word' id='word_1_277' title='bbox 1428 3414 1583 3472; x_wconf 78' lang='lat' dir='ltr'><strong>vitiis</strong></span> <span class='ocrx_word' id='word_1_278' title='bbox 1629 3414 1825 3471; x_wconf 86' lang='lat' dir='ltr'><strong>laudes</strong></span> <span class='ocrx_word' id='word_1_279' title='bbox 1874 3413 2241 3481; x_wconf 80' lang='lat' dir='ltr'><strong>coniunctae,</strong></span> <span class='ocrx_word' id='word_1_280' title='bbox 2286 3426 2423 3482; x_wconf 85' lang='lat' dir='ltr'><strong>quas</strong></span> 
     </span>
     <span class='ocr_line' id='line_1_40' title="bbox 619 3493 2423 3563; baseline -0.003 -11"><span class='ocrx_word' id='word_1_281' title='bbox 619 3498 860 3563; x_wconf 85' lang='lat' dir='ltr'><strong>prudens</strong></span> <span class='ocrx_word' id='word_1_282' title='bbox 887 3499 1276 3556; x_wconf 80' lang='lat' dir='ltr'><strong>historicarum</strong></span> <span class='ocrx_word' id='word_1_283' title='bbox 1305 3514 1489 3553; x_wconf 85' lang='lat' dir='ltr'><strong>rerum</strong></span> <span class='ocrx_word' id='word_1_284' title='bbox 1532 3498 1701 3554; x_wconf 85' lang='lat' dir='ltr'><strong>iudex</strong></span> <span class='ocrx_word' id='word_1_285' title='bbox 1731 3496 1951 3553; x_wconf 82' lang='lat' dir='ltr'><strong>maximi</strong></span> <span class='ocrx_word' id='word_1_286' title='bbox 1984 3495 2181 3552; x_wconf 78' lang='lat' dir='ltr'><strong>faciet:</strong></span> <span class='ocrx_word' id='word_1_287' title='bbox 2218 3493 2274 3549; x_wconf 90' lang='lat' dir='ltr'><strong>in</strong></span> <span class='ocrx_word' id='word_1_288' title='bbox 2304 3494 2423 3549; x_wconf 88' lang='lat' dir='ltr'><strong>col-</strong></span> 
     </span>
    </p>
   </div>
  </div>
 </body>
</html>
