2700 4234
936 350 1401 400 noma-muns.
2029 338 2152 402 243

182 505 542 586 deperditam,
602 504 958 584 repudiavit,
1024 507 1291 583 intraque
1340 505 1526 566 breve
1575 514 1804 585 tempus
1851 505 2156 586 impatiens

180 589 394 666 discidii,
426 588 591 668 quasi
622 589 979 666 efflagitante
1012 589 1253 669 populo,
1284 588 1532 650 reduxit.
1767 659 1772 663 ,

290 671 453 734 Circa
500 670 1049 733 administrationem
1088 681 1277 732 autem
1310 673 1538 751 imperii
1580 671 1907 753 aliquandiu
1951 691 2017 732 se
2056 690 2152 734 va-

177 759 301 818 rium
326 757 630 836 praestitit,
660 757 904 816 mixtura
934 773 1168 834 quoque
1200 755 1490 834 aequabili
1524 758 1787 817 vitiorum
1829 765 2002 835 atque
2043 756 2154 816 vir-

139 851 359 911 stutum3
392 838 581 900 donec
608 841 852 901 virtutes
884 856 1118 918 quoque
1147 841 1203 899 in
1234 840 1372 899 vitia
1403 839 1667 900 deflexit:
1713 839 1980 920 quantum
2019 855 2154 900 con-

175 927 373 986 iectare
416 924 589 1000 licet,
660 941 837 1003 super
904 923 1122 1000 ingenii
1190 931 1450 984 naturam
1499 925 1693 1003 inopia
1741 939 1950 1003 rapax,
2001 931 2156 982 metu

176 1025 386 1069 saevus.

287 1089 631 1170 Spectacula
670 1089 898 1152 assidue
927 1091 1247 1169 magnifica·
1271 1097 1329 1149 et
1370 1098 1703 1168 sumptuosa
1737 1088 1912 1150 edidit
1947 1105 2064 1150 non
2100 1089 2156 1149 in
2178 1108 2213 1163 4

174 1173 577 1254 amphitheatro
598 1173 796 1251 modo,
820 1191 1021 1234 verum
1045 1174 1184 1234 etin
1217 1173 1407 1244 circo;
1442 1173 1540 1233 ubi
1571 1183 1807 1252 praeter
1841 1173 2158 1246 sollemnes

108 1273 157 1317 ιο
172 1259 448 1337 bigarum.
485 1255 1003 1337 quadrigarumque
1073 1275 1275 1316 cursus
1345 1257 1629 1336 proelium
1693 1259 1862 1318 etiam
1918 1255 2156 1336 duplex,

172 1349 429 1422 equestre
465 1357 537 1402 ac
575 1341 888 1420 pedestre,
930 1340 1241 1410 commisit;
1289 1349 1348 1401 at
1381 1343 1438 1401 in
1481 1340 1904 1420 amphitheatro
1949 1339 2158 1400 navale

172 1443 409 1505 quoque.
456 1422 603 1486 Nam
638 1427 983 1486 venationes
1017 1423 1491 1504 gladiatoresque
1529 1434 1588 1484 et
1608 1425 1876 1486 noctibus
1901 1423 1971 1485 ad
1995 1422 2156 1499 lych-

168 1507 411 1577 nuchos:
448 1525 559 1568 nec
596 1508 853 1569 virorum
887 1508 1063 1569 modo
1086 1525 1334 1589 pugnas,
1372 1507 1477 1568 sed
1500 1516 1558 1569 et
1579 1509 1932 1569 feminarum.
1982 1507 2156 1586 Prae-

170 1602 321 1654 terea
344 1592 694 1669 quaestoriis
716 1591 1079 1669 muneribus,
1119 1608 1269 1671 quae
1311 1591 1449 1651 olim
1493 1593 1706 1653 omissa
1750 1600 2157 1669 revocaverat,

105 1686 151 1727 15
168 1679 239 1736 ita
261 1691 489 1752 semper
510 1675 789 1752 interfuit,
821 1684 882 1735 ut
918 1674 1139 1756 populo
1178 1683 1524 1754 potestatem
1559 1676 1786 1736 faceret
1822 1674 1955 1737 bina
1997 1677 2159 1755 paria

169 1778 201 1818 e
230 1775 331 1818 suo
356 1757 491 1819 ludo
518 1758 877 1837 postulandi,
912 1778 1100 1840 eaque
1134 1759 1450 1820 novissima
1481 1759 1671 1822 aulico
1696 1767 1978 1838 apparatu
2001 1757 2158 1818 indu-

168 1849 342 1902 ceret.
375 1834 495 1901 'Ac
534 1859 643 1920 per
688 1860 858 1903 omne
910 1843 1292 1921 gladiatorum
1346 1844 1745 1923 spectaculum
1794 1853 1927 1905 ante
1973 1842 2158 1923 pedes

166 1926 221 1985 ei
256 1923 441 1984 stabat
486 1925 763 2004 puerulus
816 1929 1149 1988 coccinatus
1198 1943 1384 2006 parvo
1431 1936 1896 2007 portentosoque
1947 1927 2158 2005 capite,

166 2025 291 2070 cum
328 2025 441 2087 quo
481 2009 781 2087 plurimum
816 2009 1208 2088 fabulabatur,
1242 2028 1664 2090 nonnumquam
1717 2013 1894 2071 serio.
1983 1999 2160 2070 Audi-

88 2105 145 2146 20
160 2102 251 2154 tus
288 2100 378 2152 est
416 2101 599 2171 certe,
638 2091 770 2154 dum
804 2113 879 2155 ex
912 2112 985 2155 eo
1020 2096 1260 2173 quaerit,
1300 2094 1525 2175 ecquid
1544 2095 1754 2171 sciret,
1789 2113 1901 2156 cur
1922 2092 2048 2154 sibi
2065 2093 2156 2153 vi·
2251 2168 2255 2174 Ι

158 2193 295 2236 sum
322 2182 485 2235 esset
518 2176 914 2240 ordinatione
951 2177 1249 2257 proxima
1290 2176 1568 2259 Aegypto
1594 2179 1947 2258 praeficere
1983 2175 2156 2238 Mae·
2275 2175 2294 2178 ”

159 2258 321 2320 eitun
344 2257 595 2337 Rufum.
660 2260 855 2322 Edidit
888 2261 1113 2323 navalis
1152 2279 1380 2340 pugnas
1416 2279 1606 2342 paene
1641 2265 1913 2322 iustarum
1958 2260 2158 2321 classi-

155 2359 272 2420 um,
311 2341 531 2404 effosso
568 2354 627 2405 et
660 2345 1098 2406 circumstructo
1138 2346 1294 2408 iuxta
1344 2345 1600 2408 Tiberim
1651 2346 1812 2422 lacu,
1858 2353 2032 2424 atque
2076 2344 2160 2403 in·

152 2434 250 2485 ter
274 2426 557 2487 maximos
592 2427 805 2488 imbres
842 2431 1259 2509 perspectavit.

71 2527 131 2569 25
284 2507 453 2568 Fecit
486 2517 546 2569 et
576 2510 746 2572 ludos
782 2512 1162 2591 Saeculares,
1210 2522 1543 2593 computata
1574 2514 1798 2574 ratione
1838 2521 2158 2591 temporum

151 2591 231 2654 ad
266 2609 474 2653 annum
507 2611 623 2654 non
663 2612 777 2674 quo
814 2593 1086 2658 Claudius
1128 2600 1424 2676 proxime,
1471 2596 1576 2657 sed
1625 2614 1740 2676 quo
1788 2596 1926 2658 olim
1963 2594 2159 2670 Augu-

149 2685 281 2738 stus
316 2674 578 2739 ediderat
589 2700 603 2748 ;
638 2679 696 2739 in
730 2680 803 2739 iis
837 2681 1179 2740 circensium
1216 2681 1330 2758 die,
1366 2698 1480 2760 quo
1515 2681 1742 2742 facilius
1779 2688 2006 2742 centum
2029 2678 2160 2739 mis-

148 2777 255 2820 sus
280 2770 738 2839 peragerentur,
763 2762 1027 2842 singulos
1064 2782 1097 2825 a
1128 2767 1386 2844 septenis
1427 2765 1630 2844 spatiis
1669 2763 1740 2824 ad
1778 2764 1946 2843 quina
1984 2762 2160 2821 corri-

147 2845 299 2922 puit.

62 2943 122 2984 so
278 2925 531 2988 Instituit
565 2937 624 2990 et
647 2930 1073 3009 quinquennale
1098 2938 1393 3007 certamen
1419 2928 1748 3009 Capitolino
1771 2927 1900 2990 Iovi
1922 2927 2180 3006 triplex,-

139 3011 435 3072 musicum
460 3021 733 3091 equestre
756 3012 1113 3092 gymnicum,
1139 3021 1197 3074 et
1220 3014 1514 3094 aliquanto
1547 3013 1793 3092 plurium
1816 3029 1985 3093 quam
2010 3028 2164 3071 nunc

140 3103 242 3155 est
280 3111 655 3158 coronarum.
735 3095 1051 3158 Certabant
1102 3100 1250 3157 enim
1298 3107 1358 3159 et
1392 3114 1571 3177 prosa
1620 3097 1884 3158 oratione
1933 3093 2162 3158 Graece

134 3177 475 3258 Latineque
493 3225 511 3254 ‚
564 3197 633 3241 ac
669 3189 903 3260 praeter
950 3179 1321 3242 citharoedos
1375 3179 1892 3242 chorocitharistae
1929 3196 2162 3260 quoque

138 3270 205 3322 et
243 3262 773 3341 psilocitharistae3
812 3266 871 3325 in
907 3264 1095 3326 stadio
1131 3283 1276 3326 vero
1301 3283 1474 3326 cursu
1499 3265 1668 3326 etIam
1691 3265 1973 3343 virgines.
2019 3261 2160 3324 Ger-

51 3363 112 3404 35
134 3348 355 3408 tamini
390 3346 687 3426 praesedit
720 3347 1051 3429 crepidatus
1088 3366 1495 3430 purpureaque
1531 3349 1770 3410 amictus
1804 3359 1946 3426 toga
1981 3346 2158 3411 Grae·

135 3431 386 3508 canica,
424 3432 617 3510 capite
652 3441 891 3510 gestans
928 3451 1203 3496 coronam
1241 3451 1472 3495 auream
1507 3451 1634 3494 cum
1672 3433 1872 3512 effigie
1907 3431 2066 3494 Iovis
2090 3447 2160 3491 ac

126 3511 396 3576 Iunonis
425 3514 869 3596 Minervaeque:
927 3517 1319 3579 adsidentibus
1350 3517 1502 3579 Diali
1538 3517 1848 3579 sacerdote
1883 3525 1942 3576 et
1979 3514 2158 3575 colle·

127 3597 249 3672 gio
295 3595 641 3659 Flavialium
674 3602 803 3680 pari
840 3600 1055 3680 habitu,
1093 3602 1203 3664 nisi
1239 3600 1393 3681 quod
1425 3600 1657 3662 illorum
1695 3601 1933 3744 qqrpnis
1975 3598 2160 3656 inerat
