2700 4234
549 271 669 334 196
747 283 807 332 ο.
833 283 1137 334 sumom
1168 283 1425 343 ramo.
1457 283 1552 330 nn
1581 283 1749 330 vrrA
1781 281 2152 329 casuum
2181 282 2322 330 Lm.
2346 282 2446 332 Ἦ.

548 437 655 502 δεῖ
668 433 743 501 ἐν
765 446 905 510 τοῖς
926 429 1257 511 τοιούτοις
1284 473 1362 485 -
1387 427 1507 517 ἄγε
1533 436 1747 517 ἔγειρε
1768 426 2092 498 σεαυτόν]
2130 435 2367 514 Iamque
2392 441 2557 516 equi-

545 533 639 586 tes
664 523 1237 602 appropinquabant,
1274 522 1481 604 quibus
1521 531 1897 601 praeceptum
1937 528 2062 580 erat
2100 531 2160 581 ut
2191 521 2385 581 vivum
2423 539 2558 582 eum

549 607 942 669 adtraherent.
987 606 1157 682 Quod
1182 615 1244 667 ut
1267 608 1472 683 sensit,
1496 605 1858 686 trepidanter
1882 606 2122 677 effatus:

636 680 897 751 Ἵππων
916 683 976 770 μ’
1004 681 1384 754 ὠκυπόδων
1405 679 1578 770 ἀμφὶ
1601 681 1852 762 κτύπος
1875 677 2084 750 οὔατα
2125 680 2364 768 βάλλει
2389 724 2466 736 --

549 777 767 838 ferrum
791 775 992 853 iugulo
1018 775 1233 853 adegit,
1271 776 1502 836 iuvante
1532 773 1938 853 Epaphrodito
1974 793 2008 834 a
2039 772 2277 835 libellis.
2333 775 2552 834 Semia-
2571 796 2597 834 ε»

549 861 835 938 nimisque
862 858 1048 919 adhuc
1072 859 1414 938 irrumpenti
1440 859 1761 918 centurioni
1788 867 1844 918 et
1869 857 2116 936 paenula
2143 855 2216 918 ad
2235 858 2439 919 vulnus
2454 857 2552 918 ad-

551 945 744 1024 posita
780 943 837 1001 in
882 943 1150 1004 auxilium
1188 961 1254 1002 se
1290 944 1525 1003 venisse
1562 941 1846 1002 simulanti
1890 959 2008 1002 non
2052 940 2207 1001 aliud
2252 942 2556 1021 respondit

552 1045 720 1109 quam
739 1025 937 1088 Sero!
962 1036 1021 1087 et
1042 1025 1219 1087 Haec
1240 1033 1333 1087 est
1348 1025 1545 1104 fides!
1589 1025 1783 1104 Atque
1806 1025 1864 1085 in
1887 1043 1958 1085 ea
1992 1042 2145 1086 voee
2181 1025 2427 1104 defecit,
2452 1045 2552 1086 ex-

550 1111 803 1174 tantibus
827 1109 1269 1189 rigentibusque
1294 1111 1484 1170 oculis
1506 1127 1691 1188 usque
1712 1109 1785 1169 ad
1819 1108 2128 1169 horrorem
2162 1110 2552 1170 formidinem-

555 1214 667 1275 que
707 1195 1029 1255 visentium.
1110 1192 1263 1254 Nibil
1300 1195 1460 1273 prius
1498 1202 1592 1254 aut
1625 1194 1812 1271 magis
1849 1211 1883 1254 a
1923 1193 2227 1254 comitibus
2265 1203 2555 1272 exegerat
2577 1217 2624 1259 ιο

552 1298 724 1358 quam
759 1297 831 1338 ne
880 1287 1145 1356 potestas
1182 1279 1448 1357 cuiquam
1486 1279 1694 1356 capitis
1734 1278 1822 1337 sui
1859 1277 2062 1353 fieret,
2105 1276 2209 1337 sed
2239 1286 2300 1338 ut
2319 1296 2555 1357 quoquo

553 1362 727 1424 modo
752 1371 909 1422 totus
945 1371 1320 1422 cremaretur.
1362 1361 1628 1422 Permisit
1663 1361 1780 1422 boc
1801 1359 2016 1438 IceluS,
2041 1360 2262 1422 Galbae
2286 1362 2556 1439 libertus,

552 1463 672 1507 non
694 1446 874 1506 multo
902 1454 1033 1506 ante
1070 1445 1318 1507 vinculis
1345 1446 1649 1524 exolutus»,
1687 1446 1744 1505 in
1769 1462 1917 1523 quae
1941 1447 2126 1524 primo
2151 1445 2392 1506 tumultu
2418 1463 2556 1506 con-

556 1532 747 1592 iectus
776 1531 982 1591 fuerat.

469 1619 541 1673 50
678 1613 1003 1676 Funeratus
1028 1624 1119 1675 est
1144 1617 1410 1695 impensa
1435 1617 1811 1677 ducentorum
1833 1617 2045 1677 milium
2061 1663 2077 1695 ,
2105 1616 2378 1696 stragulis
2407 1616 2557 1676 albis
2581 1645 2627 1686 15

557 1717 698 1760 auro
734 1698 1000 1775 intextis,
1039 1700 1245 1778 quibus
1266 1718 1404 1761 usus
1439 1699 1532 1761 Kl.
1566 1699 1686 1762 Ian.
1713 1701 1922 1762 fuerat.
1981 1701 2284 1780 Reliquias
2321 1700 2558 1779 Ecloge

556 1794 614 1844 et
636 1781 992 1844 Alexandria
1016 1787 1272 1843 nutrices
1295 1803 1422 1844 cum
1433 1783 1585 1845 Acte
1615 1785 1936 1847 concubina
1956 1786 2158 1863 gentili
2172 1786 2560 1846 Domitiorum

554 1869 905 1927 monimento
934 1866 1337 1946 condiderunt,
1365 1869 1522 1946 quod
1546 1871 1903 1948 prospicitur
1925 1888 1959 1929 e
1985 1887 2192 1950 campo
2215 1869 2426 1930 Martio
2457 1870 2557 1928 im-

556 1951 807 2030 positum
830 1948 970 2008 colli
989 1947 1386 2011 Hortulorum.
1432 1951 1498 2011 In
1525 1971 1598 2013 eo
1622 1954 1976 2014 monimento
2002 1953 2209 2014 solium
2229 1952 2557 2033 porphyre-

554 2034 655 2176 tic‘}
682 2033 1003 2176 ''ffimff‘ri‘'’
1030 2044 1396 2113 superstante
1419 2034 1666 2098 Lunensi
1693 2056 1822 2115 ara,
1863 2038 2312 2117 circumseptum
2350 2046 2439 2097 est
2476 2036 2621 2096 la-2o

556 2135 617 2196 pi
660 2133 693 2176 e
804 2132 947 2176 asro.

471 2211 539 2263 51
689 2201 919 2261 Statura
946 2201 1051 2261 fuit
1073 2219 1263 2283 prope
1289 2205 1455 2281 iusta,
1486 2223 1742 2285 corpore
1766 2205 2066 2266 maculoso
2089 2214 2146 2265 et
2160 2203 2399 2282 faetido,
2425 2205 2558 2264 sub·

557 2284 711 2347 flavo
733 2283 973 2363 capillo,
1001 2285 1160 2345 vultu
1188 2287 1434 2367 pulchro
1453 2291 1639 2366 magis
1665 2307 1834 2368 quam
1854 2297 2125 2364 venusto,
2151 2289 2340 2349 oculis
2364 2289 2558 2348 caesis

558 2379 616 2429 et
640 2368 1073 2446 hebetioribus,
1106 2373 1341 2432 cervice
1377 2372 1588 2449 obesa,
1625 2382 1829 2433 ventre
1864 2375 2170 2453 proiecto,
2216 2371 2558 2451 gracillimis
2603 2397 2612 2406 ·

558 2451 843 2528 cruribus,
869 2452 1181 2514 valitudine
1206 2473 1495 2534 prospera
1512 2457 1781 2536 (nam'qui
1800 2456 2061 2518 luxuriae
2086 2455 2557 2516 immoderatissi·
2573 2479 2618 2519 25

555 2553 684 2595 mae
710 2541 888 2612 esset,
917 2543 1009 2597 ter
1036 2540 1264 2598 omnino
1293 2558 1402 2618 per
1428 2541 1883 2620 quattuordecim
1910 2558 2090 2603 annos
2119 2541 2357 2618 languit,
2382 2549 2558 2619 atque
2645 2560 2653 2569 ·

554 2622 633 2680 ita
646 2627 706 2678 ut
729 2635 921 2696 neque
936 2620 1073 2681 vino
1092 2638 1285 2701 neque
1306 2624 1721 2685 consuetudine
1745 2625 1971 2704 reliqua
1987 2623 2304 2685 abstineret
2321 2623 2370 2702 ;)
2396 2625 2561 2683 circa

557 2702 768 2764 cultum
792 2701 1161 2784 habitumque
1187 2705 1335 2768 adeo
1362 2707 1663 2786 pudendus
1681 2754 1699 2785 ,
1735 2718 1793 2769 ut
1826 2727 2047 2770 comam
2081 2726 2314 2788 semper
2338 2709 2396 2766 in
2420 2725 2558 2784 gra-

556 2787 663 2848 dus
696 2787 997 2848 formatam
1041 2792 1518 2869 peregrinatione
1565 2791 1826 2853 Achaica
1862 2795 2032 2853 etiam
2066 2810 2223 2872 pone
2275 2793 2560 2852 verticem

556 2871 918 2948 summiserit,
945 2891 1013 2933 ac
1040 2873 1402 2954 plerumque,
1435 2875 1824 2951 synthesinam
1844 2876 2101 2954 indutus,
2127 2877 2310 2954 ligato
2337 2876 2557 2956 circum
2577 2894 2617 2936 so

556 2954 770 3016 collum
808 2954 1042 3018 sudario
1087 2957 1370 3037 prodierit
1414 2960 1472 3019 in
1507 2959 1801 3040 publicum
1849 2961 1975 3021 sine
2020 2962 2210 3021 cinctu
2253 2969 2314 3020 et
2347 2959 2560 3019 discal-

556 3042 758 3101 ciatus.

471 3129 541 3182 52
676 3124 961 3186 Liberalis
984 3125 1325 3205 disciplinas
1349 3127 1537 3187 omnis
1558 3128 1684 3188 fere
1709 3147 1856 3208 puer
1881 3129 2087 3206 attigit.
2147 3128 2265 3188 Sed
2298 3146 2331 3187 a
2366 3126 2557 3207 philo-

553 3206 765 3286 sophia
799 3226 926 3269 eum
952 3218 1134 3270 mater
1153 3211 1380 3288 avertit,
1406 3229 1648 3272 monens
1663 3213 2013 3292 imperaturo
2030 3214 2376 3273 contrariam
2391 3229 2556 3278 esse:

556 3309 591 3350 a
615 3292 952 3368 cognitione
976 3303 1237 3355 veterum
1274 3305 1568 3356 oratorum
1603 3297 1831 3357 Seneca
1868 3306 2243 3377 praeceptor,
2281 3313 2396 3374 quo
2435 3295 2618 3356 diu-35

554 3374 668 3434 tius
693 3377 751 3433 in
776 3375 1154 3438 admiratione
1187 3378 1275 3438 sui
1302 3378 1608 3440 detineret.
1648 3378 1853 3460 Itaque
1888 3381 1961 3441 ad
1997 3381 2289 3460 poeticam
2313 3397 2554 3458 pronus,

557 3459 810 3518 carmina
832 3457 1083 3520 libenter
1106 3479 1177 3521 ac
1202 3462 1327 3522 sine
1351 3463 1556 3524 labore
1581 3466 1910 3545 composuit
1932 3483 2076 3542 nec,
2107 3473 2170 3524 ut
2198 3462 2425 3543 quidam
2453 3480 2555 3542 pu-

555 3546 694 3618 tant,
720 3539 909 3603 aliena
933 3561 1042 3622 pro
1066 3545 1187 3604 suis
1211 3544 1407 3607 edidit.
1457 3549 1694 3609 Venere
1717 3550 1775 3610 in
1803 3565 2004 3611 manus
2037 3565 2199 3609 meas
2236 3547 2556 3627 pugillares
