2700 4234
961 345 1169 395 mvus
1216 345 1470 393 muns,
2145 332 2222 395 21

215 506 397 567 adhuc
423 510 485 563 et
512 502 880 569 obaeratum;
918 501 976 559 in
1022 497 1492 580 expeditionibus
1546 500 1848 561 tessellata
1893 507 1953 560 et
1999 500 2228 561 sectilia

214 590 539 670 pavimenta
590 583 1040 655 circumtulisse;
1093 584 1443 645 Britanniam
1488 584 1712 663 petisse
1775 602 1884 663 spe
1941 584 2222 661 margari-
2244 587 2312 643 47

214 684 425 749 tarum,
492 686 729 748 quarum
802 667 1229 746 amplitudinem
1298 668 1702 727 conferentem
1777 666 2062 728 interdum
2127 685 2229 727 sua

213 776 381 818 manu
412 755 691 831 exegisse
723 750 979 832 pondus;
1024 769 1315 830 gemmas,
1357 760 1708 829 toreumata,
1755 754 1963 829 signa,
2006 748 2230 811 tabulas

172 842 413 921 soperis
466 838 680 916 antiqui
736 852 973 915 semper
1036 836 1454 896 animosissime
1521 853 1931 915 comparasse;
1992 835 2231 893 servitia

213 926 469 985 rectiora
500 922 891 1000 politioraque
934 922 1199 980 inmenso
1245 920 1471 999 pretio,
1519 928 1577 979 et
1625 920 1786 979 cuius
1835 921 2022 999 ipsum
2057 920 2232 980 etiam

215 1008 496 1088 puderet,
542 1006 628 1064 sic
662 1012 726 1063 ut
766 1004 1083 1071 rationibus
1125 1012 1356 1064 vetaret
1399 1003 1633 1073 inferri;
1687 1004 2055 1063 convivatum
2087 1003 2317 1065 assi-48

215 1094 329 1153 due
360 1108 472 1170 per
513 1088 849 1168 provincias
892 1086 1117 1148 duobus
1150 1088 1455 1165 tricliniiS,
1498 1103 1614 1146 uno
1655 1104 1770 1166 quo
1805 1088 1990 1165 sagati
2032 1086 2230 1165 pallia·

215 1178 371 1250 tive,
416 1173 601 1233 altero
636 1189 751 1251 quo
781 1174 965 1248 togati
997 1189 1124 1232 cum
1164 1170 1594 1232 inlustrioribus
1641 1171 2076 1249 provinciarum
2119 1166 2230 1231 dis-

154 1268 200 1309 ¹0
223 1257 578 1323 cumberent.
649 1255 1038 1317 Domesticam
1078 1255 1442 1335 disciplinam
1482 1256 1538 1315 in
1581 1256 1778 1333 parvis
1819 1273 1890 1316 ac
1917 1252 2232 1315 maioribus

221 1342 401 1402 rebus
446 1339 751 1416 diligenter
792 1338 940 1399 adeo
982 1358 1309 1418 severeque
1353 1340 1539 1415 rexit,
1595 1348 1656 1399 ut
1689 1341 2004 1417 pistorem,
2062 1338 2232 1399 alium

219 1444 393 1505 quam
436 1423 549 1483 sibi
593 1440 795 1502 panem
838 1425 1102 1483 convivis
1145 1423 1558 1499 subicientem,
1603 1421 1982 1502 compedibus
2029 1424 2231 1482 vinxe-

217 1512 321 1579 rit;
392 1506 663 1569 libertum
713 1508 1099 1584 gratissimum
1158 1507 1235 1567 ob
1292 1504 1668 1568 adulteratam
1723 1507 1933 1586 equitis
1987 1505 2234 1567 Romani

217 1609 496 1668 uxorem,
542 1592 801 1669 quamvis
832 1591 991 1652 nullo
1030 1600 1347 1670 querente,
1389 1589 1626 1667 capitali
1661 1607 1852 1670 poena
1887 1590 2187 1650 adfecerit.

154 1694 203 1733 45
356 1674 673 1735 Pudicitiae
716 1676 840 1734 eius
882 1674 1089 1735 famam
1135 1674 1273 1735 nihil
1325 1673 1554 1753 quidem
1608 1682 1842 1752 praeter
1891 1672 2227 1733 Nicomedis
2245 1675 2311 1731 49

220 1759 663 1821 contubernium
702 1758 903 1834 laesit,
960 1758 1129 1835 gravi
1172 1767 1362 1819 tamen
1411 1767 1471 1817 et
1515 1758 1760 1836 perenni
1806 1757 2128 1837 obprobrio
2173 1766 2234 1816 et

216 1844 290 1905 ad
340 1844 587 1904 omnium
632 1843 883 1901 convitia
930 1842 1223 1921 exposito.
1314 1840 1524 1902 Omitto
1575 1838 1741 1902 Calvi
1785 1840 1968 1901 Licini
2003 1842 2231 1901 notissi-

216 1946 349 1987 mos
378 1943 621 1986 versus:

1436 2013 1698 2085 Bithynia
1719 2015 1985 2087 quicquid

144 2105 195 2145 20
482 2097 557 2152 Et
570 2097 898 2169 paedicalor
928 2098 1186 2154 Caesaris
1226 2114 1487 2168 umquam
1513 2097 1715 2153 habuit.

215 2179 544 2239 Praetereo
603 2177 865 2240 actiones
906 2174 1253 2236 Dolabellae
1296 2185 1358 2235 et
1416 2174 1683 2236 Curionis
1742 2178 1956 2255 patris,
2015 2177 2073 2235 in
2114 2178 2233 2255 qui·

212 2263 324 2321 hus
382 2277 517 2319 eum
568 2257 875 2319 Dolabella
919 2258 1175 2337 pelicem
1202 2260 1460 2339 reqinae
1477 2304 1494 2335 ,
1551 2258 1856 2337 spondam
1882 2258 2236 2321 interiorem

212 2344 442 2425 reqiae
470 2342 759 2418 lecticae,
810 2360 881 2402 ac
933 2341 1107 2403 Curio
1158 2342 1471 2403 stabulum
1515 2340 1870 2404 Nicomedis
1915 2350 1974 2404 et
2021 2340 2232 2421 Bithy·

210 2428 431 2489 nicam
488 2425 791 2505 fornicem
840 2426 1051 2485 dicunt.
1138 2426 1316 2488 Missa
1372 2428 1541 2487 etiam
1588 2427 1741 2487 facio
1795 2427 1986 2488 edicta
2020 2425 2232 2503 Bibuli,

141 2528 192 2567 25
212 2511 431 2591 quibus
477 2510 829 2589 proscripsit
864 2509 1162 2589 colleyam
1188 2528 1367 2571 suum
1397 2509 1786 2591 Bithynicam
1811 2512 2113 2592 reqinam,
2147 2511 2230 2571 ei-

214 2612 335 2675 que
378 2600 575 2655 antea
613 2610 819 2672 reqem
854 2592 1056 2671 faisse
1100 2594 1314 2670 cordi,
1367 2614 1530 2657 nunc
1573 2614 1710 2657 esse
1753 2612 2026 2675 regnum.
2105 2597 2234 2671 Quo

212 2687 525 2756 tempore,
593 2686 655 2737 ut
686 2676 917 2738 Marcus
946 2677 1156 2738 Brutus
1191 2678 1405 2756 refert,
1452 2678 1726 2740 Octavius
1771 2682 1942 2741 etiam
1987 2680 2234 2758 quidam,

210 2760 543 2822 valitudine
600 2762 808 2821 mentis
860 2760 1101 2822 liberius
1162 2760 1367 2839 dicax,
1430 2771 1722 2822 conventu
1775 2764 2061 2839 maxim0,
2109 2780 2237 2823 cum

209 2844 566 2922 Pompeium
633 2862 839 2923 regem
911 2845 1299 2924 appellasset,
1336 2886 1343 2891 -
1383 2847 1570 2925 ipsum
1628 2846 1888 2923 reginam
1947 2845 2234 2907 salutavit.

140 2940 193 2980 ³0
216 2928 341 2987 Sed
390 2926 464 2987 C.
496 2926 796 2988 Memmius
833 2929 1003 2988 etiam
1038 2929 1111 2989 ad
1154 2930 1421 3005 cyathum
1462 2939 1521 2990 et
1553 2930 1743 2991 vinum
1777 2929 2080 2990 Nicomedi
2120 2939 2234 2991 ste-

210 3013 359 3072 tisse
404 3010 627 3088 obicit,
687 3030 814 3072 cum
853 3011 1095 3090 reliquis
1142 3013 1426 3091 exoletis,
1485 3014 1662 3093 pleno
1715 3014 2022 3091 convivio,
2067 3032 2236 3075 accu-

208 3094 495 3155 bantibus
557 3096 844 3156 nonnullis
900 3095 1121 3155 urbicis
1177 3096 1676 3175 negotiatoribus,
1749 3114 1991 3177 quorum
2054 3096 2240 3158 refert

208 3179 475 3239 nomina.
559 3177 771 3239 Cicero
802 3197 947 3239 vero
994 3197 1110 3240 non
1146 3190 1450 3241 contentus
1490 3182 1548 3241 in
1593 3179 1931 3260 quibusdam
1971 3180 2240 3261 epistulis

209 3263 573 3341 scripsisse,
615 3281 647 3323 a
688 3262 1031 3323 satellitibus
1080 3282 1208 3324 eum
1249 3265 1306 3324 in
1351 3264 1675 3327 cubiculum
1711 3266 1938 3343 regium
1971 3264 2239 3326 eductum

136 3362 189 3405 85
210 3344 271 3403 in
318 3362 514 3405 aureo
548 3345 707 3407 lecto
744 3356 911 3407 veste
959 3366 1251 3427 purpurea
1292 3347 1678 3426 decubuisse,
1723 3349 2044 3428 floremque
2085 3358 2236 3409 aeta-

206 3430 288 3488 tis
336 3447 370 3489 a
400 3430 651 3489 Venere
682 3432 793 3490 orti
830 3432 888 3490 in
913 3430 1179 3506 Bithynia
1226 3434 1699 3510 contaminatum,
1742 3433 2030 3512 quondam
2071 3435 2242 3493 etiam

208 3511 270 3570 in
318 3521 541 3573 senatu
585 3511 918 3574 defendenti
972 3516 1027 3575 ei
1079 3514 1277 3590 Nysae
1338 3534 1604 3594 causam,
1670 3517 1824 3578 filiae
1881 3516 2242 3595 Nicomedis,

210 3592 639 3674 beneficiaque
700 3599 861 3674 regis
920 3600 977 3658 in
1035 3617 1100 3658 se
1166 3601 1636 3661 commemoranti
1682 3600 1986 3677 Remove,
2039 3600 2245 3677 inquit,

1770 3736 1800 3757 ἱ

2429 1762 2442 1799 Ι
