2700 4234
457 266 539 327 78
626 277 686 325 0.
714 277 1016 327 SUETONI
1045 278 1301 337 TRANQ.
1335 278 1432 325 DE
1463 278 1628 325 VITA
1667 276 2035 325 CAESARUM
2072 279 2210 326 LIB.
2239 280 2314 327 11.

452 434 597 493 ioris
648 431 1011 511 tempestatis
1061 433 1454 511 suspicionem
1503 432 1561 491 in
1601 431 1854 491 abditum
1895 450 1955 491 et
1998 443 2474 495 concamaratum

453 518 648 578 locum
698 534 765 575 se
807 516 1139 594 reciperet,
1182 524 1588 578 consternatus
1633 515 1769 577 elim
1815 534 1923 595 per
1961 524 2302 598 nocturnum
2355 520 2474 579 iter

455 612 790 662 transcursu
821 597 1101 676 fulguris,
1135 609 1194 659 ut
1226 599 1636 679 praediximus,

366 702 432 756 91
585 683 820 746 Somnia
860 700 1051 762 neque
1097 701 1200 743 sua
1236 701 1430 761 neque
1471 682 1660 743 aliena
1691 683 1763 743 de
1795 701 1861 743 se
1895 684 2273 763 neglegebat.
2338 687 2474 747 Phi-

453 767 707 850 lippensi
748 768 875 826 acie
908 768 1168 844 quamvis
1202 768 1500 827 statuisset
1532 785 1649 827 non
1679 767 1885 845 egredi
1915 767 2292 831 tabernaculo
2329 790 2472 850 pro·
2497 786 2526 827 5

452 864 585 935 pter
615 849 1017 927 valitudinem,
1066 868 1347 928 egressus
1381 858 1472 910 est
1499 858 1690 935 tamen
1721 852 1890 911 amici
1927 854 2152 913 somnio
2183 856 2472 924 monitus;

454 937 750 1013 cessitque
792 950 891 993 res
937 950 1261 1013 prospere,
1310 931 1540 1012 quaudo
1584 935 1770 1013 captis
1813 938 2020 995 castris
2057 936 2272 997 lectica
2318 938 2474 1015 eius,

454 1020 617 1102 quasi
664 1018 741 1077 ibi
774 1017 992 1078 cubans
1020 1019 1422 1094 remansisset,
1469 1036 1759 1079 concursu
1789 1018 2038 1081 hostium
2067 1022 2348 1081 confossa
2385 1030 2471 1081 at·
2525 1078 2530 1081 .

453 1123 566 1184 que
595 1102 855 1162 lacerata
884 1110 993 1161 est.
1037 1101 1175 1181 Ipse
1207 1120 1315 1181 per
1340 1118 1511 1162 omne
1541 1120 1650 1161 ver
1678 1102 1922 1180 plurima
1955 1112 2015 1163 et
2039 1096 2468 1165 formidulosis—

450 1191 592 1249 sima
642 1194 700 1246 et
746 1203 894 1244 vana
950 1194 1008 1245 et
1057 1186 1215 1245 irrita
1255 1184 1518 1261 videbat,
1559 1185 1789 1264 reliquo
1829 1196 2098 1266 tempore
2139 1191 2361 1249 rariora
2405 1197 2543 1249 et1e

449 1273 631 1332 minus
656 1287 823 1329 vana.
890 1265 1031 1328 Cum
1064 1269 1388 1329 dedicatam
1416 1270 1473 1329 in
1507 1267 1800 1348 Capitolio
1833 1270 2038 1331 aedem
2069 1271 2315 1333 Tonanti
2337 1272 2467 1333 Iovi

449 1354 679 1417 assidue
730 1353 1157 1431 frequentaret,
1212 1354 1555 1430 somniavit,
1610 1356 1774 1431 queri
1827 1352 2214 1433 Capitolinum
2261 1356 2470 1417 lovem

452 1438 711 1499 cultores
742 1436 852 1495 sibi
888 1436 1126 1512 abduci,
1161 1454 1347 1515 seque
1376 1436 1796 1516 respondisse,
1831 1436 2152 1498 Tonantem
2183 1457 2292 1518 pro
2320 1439 2467 1499 iani-

448 1533 578 1583 tore
616 1521 671 1580 ei
700 1520 1057 1601 appositum
1103 1520 1359 1599 ideoque
1387 1538 1528 1581 mox
1558 1520 1948 1581 tintinnabulis
1978 1522 2272 1600 fastigium
2299 1523 2468 1583 aedis

448 1605 723 1681 redimiit,
758 1604 913 1683 quod
950 1622 1021 1665 ea
1050 1604 1179 1663 fere
1209 1604 1394 1665 ianuis
1425 1604 1850 1684 dependebant.
1895 1604 1990 1667 Ex
2017 1615 2304 1668 nocturno
2334 1608 2468 1669 visu
2487 1625 2536 1667 ιε,

450 1692 618 1750 etiam
650 1689 857 1768 stipem
890 1696 1029 1767 quot
1060 1689 1221 1749 annis
1250 1689 1344 1749 die
1377 1698 1540 1751 certo
1575 1688 1976 1751 emendicabat
2005 1708 2038 1750 a
2069 1690 2324 1769 populo,
2371 1710 2468 1751 ca-

451 1793 579 1835 vam
610 1790 835 1833 manum
868 1790 1035 1831 asses
1074 1772 1512 1850 porrigentibus
1545 1772 1856 1852 praehens.

364 1871 433 1925 92
571 1856 853 1933 Auspicia
898 1864 957 1915 et
994 1856 1185 1917 omina
1219 1857 1499 1935 quaedam
1545 1874 1654 1935 pro
1703 1858 2042 1917 certissimis
2073 1856 2463 1919 observabat:

452 1944 499 2001 si
542 1957 710 2015 mane
751 1938 859 1997 sibi
911 1937 1146 1999 calceus
1186 1957 1495 2020 perperam
1529 1958 1601 2001 ac
1635 1942 1868 2000 sinister
1910 1959 2020 2019 pro
2057 1941 2264 2007 dextro
2303 1941 2464 2001 indu-

453 2032 715 2098 ceretur,
746 2032 807 2081 ut
836 2022 1047 2093 dirum;
1080 2024 1131 2081 si
1159 2033 1315 2083 terra
1344 2025 1563 2083 marive
1593 2024 1956 2101 ingrediente
1993 2044 2058 2085 se
2089 2025 2464 2103 longinquam
2483 2046 2536 2087 20

450 2106 879 2187 profectionem
906 2106 1063 2166 forte
1091 2116 1388 2185 rorasset,
1418 2116 1480 2168 ut
1508 2108 1718 2169 laetum
1745 2111 2067 2187 maturique
2097 2119 2156 2169 et
2187 2112 2464 2187 prosperi

446 2191 687 2252 reditus.
755 2191 871 2251 Sed
904 2200 962 2251 et
993 2192 1236 2252 ostentis
1268 2193 1584 2271 praecipue
1615 2192 1973 2253 movebatur.
2040 2192 2282 2253 Enatam
2311 2194 2464 2252 inter

447 2280 740 2335 iuncturas
782 2275 1034 2354 lapidum
1074 2284 1206 2337 ante
1241 2277 1470 2337 domum
1499 2294 1658 2337 suam
1693 2276 1941 2355 palmam
1976 2277 2035 2336 in
2071 2277 2466 2355 compluvium

450 2361 689 2420 deorum
722 2359 1018 2419 Penatium
1058 2359 1372 2438 transtulit,
1417 2368 1592 2438 utque
1629 2360 2000 2421 coalesceret
2029 2377 2240 2438 magno
2274 2378 2462 2441 opere

452 2445 692 2504 curavit.
763 2440 937 2520 Apud
978 2443 1221 2504 insulam
1269 2442 1528 2522 Capreas
1569 2446 1919 2503 veterrimae
1969 2445 2122 2505 ilicis
2169 2444 2534 2505 demissoszs

449 2528 563 2587 iam'
594 2526 666 2585 ad
706 2535 918 2586 terram
948 2527 1392 2605 languentisque
1421 2545 1612 2588 ramos
1647 2527 2018 2589 convaluisse
2047 2528 2298 2589 adventu
2327 2544 2462 2605 suo,

450 2609 597 2671 adeo
630 2609 875 2669 laetatus
910 2618 1021 2687 est,
1052 2618 1113 2669 ut
1144 2628 1245 2671 eas
1278 2628 1402 2670 cum
1435 2628 1500 2669 re
1535 2630 1592 2689 p.
1623 2610 2142 2690 Neapolitanorum
2169 2620 2460 2691 permuta·

448 2694 615 2769 verit,
651 2692 905 2756 Aenaria
936 2693 1085 2754 data.
1148 2694 1516 2755 Observabat
1545 2703 1603 2753 et
1632 2695 1758 2755 dies
1787 2695 2087 2773 quosdam,
2117 2714 2192 2756 ne
2226 2704 2324 2756 aut
2353 2713 2459 2774 po-

450 2775 648 2837 stridie
673 2776 953 2838 nundinas
984 2795 1271 2857 quoquam
1297 2778 1794 2856 proficisceretur,
1826 2788 1922 2839 aut
1942 2778 1996 2839 N
1999 2781 2128 2839 onis
2151 2782 2463 2859 quicquam

447 2860 536 2920 rei
576 2862 765 2921 seriae
808 2863 1144 2930 inchoaret;
1192 2862 1331 2921 nihil
1369 2865 1426 2921 in
1459 2862 1575 2922 hoc
1606 2862 1833 2939 quidem
1869 2862 2024 2925 aliud
2050 2862 2347 2940 devitanS,
2401 2872 2532 2929 utao

450 2943 521 3005 ad
552 2942 845 3004 Tiberium
877 2945 1107 3021 scribit,
1142 2962 1309 3023 quam
1340 2942 1732 3025 δυσφημίαν
1759 2948 2022 3006 nominis.

366 3042 433 3095 93
577 3026 1023 3106 Peregrinarum
1054 3030 1534 3090 caerimoniarum
1561 3031 1710 3089 sicut
1739 3038 1976 3091 veteres
2011 3048 2082 3091 ac
2108 3040 2466 3109 praeceptas

448 3114 923 3175 reverentissime
962 3112 1175 3189 coluit,
1222 3114 1299 3173 ita
1344 3122 1572 3173 ceteras
1619 3114 1972 3191 contemptui
2011 3114 2229 3173 habuit.
2289 3112 2463 3174 Nam-

450 3214 561 3273 que
609 3194 857 3257 Athenis
900 3197 1187 3274 initiatuS,
1245 3215 1373 3260 cum
1418 3205 1626 3276 postca
1664 3197 1886 3257 Romae
1935 3214 2046 3276 pro
2087 3196 2358 3265 tribunali
2390 3196 2467 3257 de

409 3301 413 3305 ·
450 3280 765 3357 privilegio
812 3279 1179 3341 sacerdotum
1206 3280 1438 3341 Atticae
1470 3278 1704 3340 Cereris
1743 3290 2140 3357 cognosceret
2185 3290 2243 3340 et
2283 3298 2536 3359 quae-3⁵

450 3360 578 3422 dam
633 3366 954 3426 secretiora
1004 3373 1508 3443 proponerentur,
1559 3364 1794 3424 dimisso
1847 3366 2096 3426 oonsilio
2138 3373 2196 3425 et
2240 3382 2466 3426 corona

452 3445 931 3509 circumstantium
989 3448 1156 3510 solus
1214 3447 1394 3510 audiit
1447 3448 1860 3527 disceptantes.
1953 3449 2032 3510 At
2089 3456 2292 3509 contra
2345 3466 2466 3509 non

382 3568 391 3577 .
450 3526 623 3588 modo
662 3530 720 3591 in
765 3531 1131 3611 peragranda
1163 3531 1444 3611 Aegypto
1490 3532 1666 3611 paulo
1710 3531 2028 3594 deflectere
2059 3533 2133 3594 ad
2161 3530 2468 3592 visendum
