2700 4234
600 259 607 265 ’
634 272 801 321 xclv
1314 269 1730 318 PRAEFArlo.

632 439 705 494 23
732 433 899 488 certis
943 446 1133 488 omnes
1155 470 1171 499 ,
1211 433 1466 501 propriis
1509 427 1784 485 Arevalus
1831 421 1846 506 Ι
1894 434 1961 488 25
2000 428 2274 486 ΤΙιναοὶαε
2308 447 2444 503 ego,

633 517 842 571 tracias
869 513 1081 574 Basil3.
1128 514 1293 570 Bamb
1308 519 1363 571 2.
1419 512 1666 568 trucidas
1693 511 1899 583 reliqui
1921 518 2068 569 octo.
2138 511 2444 570 Thraecias

637 598 889 667 Grialus,
934 598 1037 654 sed
1080 596 1129 652 is
1175 596 1281 651 fuit
1310 597 1367 652 in
1395 596 1516 653 ΧΠ.
1590 595 1876 652 Thraciam
1906 601 2128 652 ventum
2159 596 2442 654 nominant

632 681 971 738 Aristoteles
1001 697 1053 752 p.
1079 685 1181 741 979
1202 680 1420 750 Weise,
1455 679 1715 750 Galenus,
1749 679 2132 751 Philargyrius
2160 680 2230 737 ad
2262 681 2441 752 Verg.

636 766 733 821 Ge.
767 770 834 833 4,
872 769 1007 833 298,
1048 779 1285 820 marmor
1313 763 1875 828 Pio-clementinum3
1909 763 2013 818 cfr.
2044 764 2439 821 Zimmermann

630 847 903 904 zeitschr.
942 847 982 902 f.
1018 847 1073 902 d.
1100 847 1245 902 Aw.
1280 852 1415 907 1841
1451 864 1504 919 p.
1540 852 1659 906 131.
1698 852 1801 906 136
1837 839 1848 926 Ι
1896 852 1964 906 25
1997 845 2174 903 Gallia
2204 848 2368 906 Bamb
2383 854 2437 906 2.

632 937 689 988 et
729 949 761 988 a
796 930 1040 988 secunda
1077 947 1237 986 manu
1283 930 1478 986 Monac
1501 938 1554 988 1.
1607 931 1859 1001 yallicia‚
1897 931 2202 1002 pallaecia,
2229 933 2439 1003 palatia

631 1014 865 1086 reliqui;
912 1014 1106 1069 eadem
1137 1013 1378 1070 variatio
1418 1013 1656 1083 Etymol.
1699 1020 1787 1083 13,
1817 1021 1902 1074 11.

752 1097 815 1152 In
839 1096 1108 1153 Prisciani
1140 1097 1315 1154 trihus
1342 1097 1487 1153 locis
1501 1097 1651 1167 quod
1682 1096 1988 1154 Dorvillius
2020 1097 2261 1153 coniecit
2285 1097 2436 1152 Pra-

628 1187 836 1248 torum,
879 1181 1145 1252 probavi,
1202 1196 1524 1252 quamquam
1571 1180 1700 1237 libri
1751 1186 2070 1237 constanter
2105 1180 2436 1236 Praeturam

630 1265 903 1334 retinent,
950 1264 1141 1319 ultimo
1182 1265 1311 1320 loco
1357 1269 1631 1335 excepto,
1675 1263 1772 1320 uhi
1803 1263 1985 1320 codex
2027 1280 2166 1319 unus
2209 1269 2268 1320 et
2295 1265 2437 1320 alter

620 1363 930 1420 prucorum
979 1346 1148 1403 hahet
1187 1347 1279 1402 vel
1327 1354 1638 1417 pactorum.
1730 1346 1847 1402 Sed
1887 1363 2005 1402 cum
2050 1348 2119 1403 de
2150 1347 2436 1403 Pratorum

630 1431 794 1488 libris
822 1446 917 1486 res
948 1437 1103 1486 extra
1127 1428 1527 1485 dubitationem
1554 1430 1740 1502 posita
1771 1429 1865 1500 sit,
1895 1430 2216 1486 Praetorum
2249 1425 2432 1504 νῶθ’)

629 1515 819 1570 Latine
856 1513 1147 1588 dicantur,
1182 1528 1305 1570 cum
1345 1513 1678 1585 praesertim
1717 1529 1881 1569 unum
1905 1513 2222 1580 Praetorum
2253 1514 2436 1570 locum

627 1598 879 1654 Isidorus
914 1597 985 1653 de
1015 1596 1193 1654 Pratis
1227 1596 1610 1668 decerpserit,
1655 1597 1747 1652 vel
1793 1613 1862 1652 ne
1907 1597 2130 1654 nimium
2160 1597 2340 1654 dicam
2379 1597 2433 1654 in

628 1681 825 1737 libello
880 1680 977 1736 ubi
1019 1679 1199 1736 Pratis
1256 1697 1389 1736 usus
1437 1686 1525 1736 est
1577 1679 2010 1752 perscripserit,
2067 1682 2432 1736 excellentem

631 1763 1069 1820 emendationem
1098 1779 1209 1822 non
1235 1763 1442 1819 diutius
1473 1763 1872 1819 excludendam
1907 1763 2239 1821 existimavi.
2331 1764 2413 1820 Ce-

628 1853 804 1902 terum
851 1845 1241 1901 Priscianusne
1294 1863 1362 1902 an
1415 1845 1678 1902 librarius
1716 1847 1928 1902 erroris
1977 1848 2297 1918 arguendus
2340 1847 2436 1917 sit,

628 1945 737 1985 non
768 1928 947 1998 magis
980 1929 1225 1984 decerno
1258 1945 1418 2000 quam
1449 1929 1558 1984 utri
1591 1929 1875 1984 Plaetoria
1905 1931 2032 1998 lex,
2067 1931 2136 1985 de
2181 1945 2287 2001 qua
2323 1929 2436 1986 He-

626 2012 935 2068 racleensis
966 2012 1153 2068 tabula
1172 2027 1303 2090 cap.
1329 2012 1456 2067 VIII
1488 2013 1649 2068 iidem
1681 2012 1851 2084 facit,
1882 2013 1937 2068 iu
1965 2013 2280 2069 Laetoriam
2305 2028 2435 2069 cor-

627 2101 788 2167 rupta
816 2095 1138 2168 imputetur.

748 2178 808 2235 1².
852 2184 987 2250 306,
1040 2187 1068 2236 1
1116 2178 1347 2250 galbeoli
1403 2179 1543 2234 alias
1601 2194 1711 2236 non
1762 2179 2140 2246 nominantur:
2189 2179 2438 2254 galbulae

626 2261 932 2332 Martialis,
980 2262 1247 2334 yalyanos
1298 2261 1506 2318 Plinius
1561 2262 1716 2319 novit
1765 2259 1778 2335 Ι
1836 2270 1870 2323 3
1910 2266 1968 2319 in
1997 2263 2134 2320 libro
2161 2264 2239 2320 Χ.
2285 2264 2434 2322 Prati

626 2351 761 2419 puto
820 2337 831 2424 Ι
881 2351 915 2406 6
952 2345 1250 2403 Suetonius
1294 2345 1652 2416 Tranquillus
1693 2345 1898 2418 scripsi
1935 2363 2038 2420 pro
2069 2362 2141 2403 eo
2183 2348 2333 2420 quod
2374 2344 2436 2402 in

628 2429 826 2486 codice
856 2429 1067 2500 legitur
1090 2427 1328 2485 Sitonius
1356 2426 1479 2503 (vel
1505 2424 1789 2503 Sidonius)
1811 2429 2120 2486 Graue-illus
2133 2453 2151 2496 ,·
2179 2430 2439 2487 similiter

626 2529 681 2584 p.
716 2517 843 2582 282,
870 2518 907 2572 3
928 2518 985 2568 et
1010 2519 1047 2573 8
1076 2511 1317 2568 Sitonius
1340 2517 1398 2567 et
1428 2510 1684 2584 Sytonius
1706 2512 1900 2570 Petrus
1930 2513 2127 2571 Daniel
2159 2515 2437 2584 ediderat,

600 2601 685 2650 ·et
715 2610 773 2667 p.
808 2600 933 2665 306,
967 2602 1029 2654 ll
1065 2595 1249 2651 codex
1274 2595 1578 2651 Berneusis
1609 2594 1800 2651 Slam‘o
1834 2597 2004 2653 habet
2039 2590 2050 2674 Ι
2086 2604 2122 2657 8
2151 2599 2438 2653 existima-

626 2685 719 2734 tur
742 2694 851 2749 ego
879 2694 985 2750 pro
1016 2681 1337 2734 aestimatur
1373 2670 1386 2756 Ι
1425 2683 1491 2739 16
1522 2680 1708 2735 scriba
1740 2679 2003 2736 librarius
2031 2682 2332 2738 aVarrone
2361 2681 2436 2738 de

626 2778 692 2817 re
728 2779 777 2818 r.
810 2769 878 2832 3,
908 2768 970 2831 2,
1005 2769 1072 2821 14
1102 2767 1562 2820 commemoratur
1599 2757 1611 2840 Ι
1649 2769 1718 2823 18
1738 2765 2064 2820 conluviales
2093 2765 2225 2821 olim
2257 2763 2438 2822 fuisse

626 2837 909 2916 videntur,
942 2862 971 2902 a
1000 2846 1259 2903 conluvie
1289 2862 1474 2901 rerum
1497 2846 1633 2902 dicti
1673 2839 1682 2924 Ι
1720 2852 1785 2905 21
1815 2846 1963 2919 fuyit
1991 2863 2100 2918 ego
2131 2863 2236 2920 pro
2265 2840 2434 2926 suyitfl

626 2933 693 2987 25
720 2925 951 2984 Verrius
972 2930 1209 2984 Flaccus
1234 2971 1247 2984 .
1268 2970 1281 2984 .
1299 2929 1596 3000 probavit.
1615 2968 1628 2983 .
1650 2929 1778 2986 huic
1805 2931 2117 2987 adsentiens
2145 2930 2437 3001 Scaliger;

627 3011 697 3066 de
710 3011 915 3068 Verrio
944 3012 1147 3068 Flacco
1174 3018 1231 3068 et
1254 3012 1460 3069 Granio
1482 3012 1684 3069 Flacco
1708 3013 1976 3085 intelligit
1991 3013 2188 3072 Odofr.
2206 3014 2404 3069 Muller
2425 3009 2436 3090 Ι

763 3173 857 3238 92)
885 3174 1063 3241 Neque
1096 3177 1231 3227 enim
1269 3177 1323 3225 in
1362 3189 1570 3226 censum
1592 3177 1806 3226 veniunt
1836 3179 2230 3244 magistratuum
2265 3192 2438 3228 sacer-

627 3242 901 3308 dotumque
936 3245 1280 3326 commentarii
1299 3281 1314 3305 ,
1355 3252 1412 3294 ut
1449 3243 1706 3310 Auyurum
1744 3246 1882 3330 liari-
1895 3247 2032 3312 apud
2060 3247 2341 3331 Yarronem
2369 3245 2436 3295 de

626 3311 764 3444 ἓρὲα
772 3311 1433 3440 5222330213313222233?
1452 3314 2032 3448 &iffiffflafsskqffss
2060 3315 2192 3433 {232
2222 3312 2437 3449 33²3&

624 3444 797 3579 ggnks
819 3447 1089 3566 Ιὲηθῗῦωὸθ
1134 3450 1418 3514 appellatus
1460 3449 1646 3500 Rerum
1683 3450 1970 3502 divinarum
1999 3450 2438 3514 humanarumque
