2700 4234
1009 359 1068 407 c,
1117 360 1489 410 CALIGULA.
2126 351 2243 412 123

225 516 584 594 Transitque
617 514 688 575 ad
709 514 1019 574 Antoniam
1041 516 1226 576 aviam
1258 524 1318 574 et
1339 514 1813 575 undevicensimo
1839 517 2044 576 aetatis
2070 534 2239 595 anno,

227 601 457 661 accitus
491 596 753 677 Capreas
789 616 822 658 a
863 597 1119 676 Tiberio,
1155 615 1268 658 uno
1299 607 1473 677 atque
1506 599 1715 659 eodem
1745 598 1839 658 die
1868 608 2064 677 togam
2096 618 2235 660 sum·

225 681 349 764 psit
373 681 730 761 barbamque
758 683 973 761 posuit,
1004 683 1128 741 sine
1149 681 1270 742 ullo
1293 681 1517 742 honore
1544 683 1732 762 qualis
1756 684 2081 761 contigerat
2102 685 2241 744 tiro-

227 769 390 828 cinio
437 766 677 826 fratrum
722 768 866 826 eius.
954 765 1064 825 Hic
1108 765 1370 826 omnibus
1404 766 1626 826 insidiis
1654 774 1965 846 temptatus
2006 767 2241 829 elicien-

163 871 192 910 s
223 855 372 912 tium
413 850 862 929 cogentiumque
892 867 958 910 se
1003 848 1076 910 ad
1107 849 1398 929 querelas,
1438 850 1651 911 nullam
1680 869 1944 930 umquam
1976 854 2239 913 occasio-

219 953 365 995 nem
395 933 575 1010 dedit,
608 933 846 1012 perinde
871 933 1180 994 obliter'ato
1205 950 1437 993 suorum
1466 952 1605 994 casu
1630 952 1699 994 ac
1732 937 1782 995 si
1812 935 1949 994 nihil
1977 932 2241 1015 cuiquam

219 1018 576 1088 accidisset3
598 1035 748 1096 quae
769 1035 914 1077 vero
937 1019 1067 1096 ipse
1093 1026 1413 1097 pateretur,
1437 1017 1763 1078 incredibili
1788 1018 2241 1080 dissimulatione

215 1103 629 1174 transmittens
655 1103 915 1180 tantique
945 1103 1003 1161 in
1033 1119 1200 1160 avum
1233 1109 1290 1160 et
1329 1104 1425 1180 qui
1465 1103 1625 1162 iuxta
1655 1111 1819 1162 erant
1851 1101 2150 1182 obsequii,
2180 1113 2243 1164 ut

215 1205 353 1248 non
383 1186 664 1245 immerito
701 1187 774 1245 sit
803 1185 1036 1262 dictum,
1081 1203 1194 1246 nec
1225 1202 1472 1246 servum
1508 1185 1823 1246 meliorem
1850 1186 2042 1247 ullum
2062 1233 2078 1263 ,
2129 1206 2243 1248 nec

137 1293 196 1334 ιο
225 1269 606 1332 deteriorem
641 1269 952 1330 dominum
989 1269 1208 1346 fuisse.
1276 1269 1549 1330 Naturam
1576 1272 1767 1342 tamen
1798 1288 2034 1332 saevam
2066 1279 2238 1350 atque
2259 1275 2317 1328 ll

221 1352 586 1436 probrosam
615 1371 689 1413 ne
717 1362 855 1413 tunc
890 1352 1121 1431 quidem
1152 1352 1415 1412 inhibere
1448 1362 1701 1433 poterat,
1733 1355 1868 1433 quin
1902 1363 1959 1413 et
1992 1353 2237 1415 animad-

221 1436 602 1499 versionibus
634 1439 958 1516 poenisque
987 1436 1059 1497 ad
1089 1436 1434 1517 supplicium
1468 1436 1727 1497 datorum
1758 1437 2125 1517 cupidissime
2157 1439 2238 1498 in·

223 1529 526 1598 teresset,
577 1529 636 1580 et
678 1539 900 1598 ganeas
944 1528 1118 1599 atque
1149 1520 1432 1580 adulteria
1476 1521 1881 1599 capillamento
1928 1521 2149 1582 celatus
2182 1529 2241 1580 et

223 1615 405 1666 veste
433 1604 613 1682 longa
641 1603 912 1664 noctibus
945 1603 1154 1682 obiret,
1181 1622 1252 1664 ac
1285 1606 1589 1665 scaenicas
1612 1604 1857 1665 saltandi
1882 1604 2239 1683 canendique

142 1715 206 1756 15
229 1699 394 1750 artes
439 1687 860 1748 studiosissime
907 1697 1243 1767 appeteret:
1307 1687 1481 1748 facile
1533 1687 1592 1748 id
1634 1707 1773 1748 sane
1814 1686 2051 1747 Tiberio
2094 1689 2238 1767 pati·

231 1781 394 1849 ente,
443 1774 491 1831 si
539 1790 650 1851 per
692 1771 798 1832 has
843 1772 1214 1833 mansuefieri
1258 1781 1468 1852 posset
1512 1772 1700 1832 ferum
1751 1774 1873 1831 eius
1924 1772 2237 1849 ingenium.

232 1855 409 1933 Quod
441 1857 854 1933 sagacissimus
879 1874 1064 1916 senex
1093 1857 1172 1916 ita
1209 1854 1451 1935 prorsus
1484 1864 1893 1936 perspexerat,
1926 1863 1987 1915 ut
2018 1855 2236 1934 ali-quo-

229 1939 797 2028 tiens-praedicaret,
834 1939 1010 2000 exitio
1042 1957 1146 1999 suo
1179 1940 1543 2018 omniumque
1584 1940 1783 2002 Gaium
1829 1941 2033 2000 vivere
2071 1949 2129 1999 et
2172 1958 2236 2000 se

227 2023 510 2084 natricem
547 2025 866 2103 [serpentis
895 2023 953 2082 id
982 2023 1194 2102 genus]
1229 2024 1292 2084 P.
1332 2025 1404 2085 R.
1444 2024 1864 2086 Phaethontem
1894 2024 2025 2084 orbi
2052 2033 2235 2084 terra·

145 2125 208 2166 ιο
227 2125 356 2167 rum
388 2105 658 2166 educare.

350 2190 484 2250 Non
527 2192 605 2250 ita
642 2190 821 2251 multo
867 2199 1002 2272 post
1035 2190 1252 2250 Iuniam
1287 2189 1627 2251 Claudillam
1664 2193 1742 2253 Μ.
1778 2192 1959 2252 Silani
1995 2191 2233 2252 nobilis·
2256 2205 2321 2258 12

231 2275 357 2334 simi
388 2275 498 2332 viri
525 2273 594 2333 F.
633 2275 792 2334 duxlt
825 2292 1083 2334 uxorem.
1139 2273 1366 2334 Deinde
1399 2292 1582 2352 augur
1606 2277 1663 2334 in
1692 2277 1887 2336 locum
1921 2275 2117 2335 fratris
2148 2277 2236 2335 sui

225 2357 405 2418 Drusi
438 2357 783 2435 destinatus,
827 2360 986 2437 prius
1021 2377 1189 2437 quam
1234 2359 1678 2435 inauguraretur
1724 2359 1796 2419 ad
1843 2359 2235 2438 pontificatum

227 2441 526 2502 traductus
557 2451 646 2501 est
681 2443 891 2520 insigni
926 2443 1256 2502 testimonio
1302 2443 1537 2519 pietatis
1573 2451 1745 2521 atque
1789 2442 2031 2520 indolis,
2085 2460 2233 2518 cum,

155 2541 210 2581 25
231 2525 466 2584 deserta
495 2525 872 2604 desolataque
904 2525 1145 2604 reliquis
1191 2525 1464 2586 subsidiis
1494 2527 1644 2604 aula,
1689 2527 1901 2587 Seiano
1944 2528 2055 2586 iam
2102 2535 2236 2585 tunc

230 2617 512 2686 suspecto
535 2626 674 2669 mox
697 2619 754 2668 et
778 2626 1092 2688 oppresso,
1119 2611 1192 2669 ad
1223 2627 1387 2689 spem
1413 2611 1807 2670 successionis
1836 2611 2108 2691 paulatim
2138 2609 2233 2670 ad-

227 2701 586 2752 moveretur.
672 2693 853 2768 Quam
900 2710 1014 2772 quo
1062 2695 1248 2771 magis
1293 2694 1690 2772 confirmaret,
1731 2697 1941 2754 amissa
1970 2694 2129 2755 Iunia
2160 2712 2269 2769 ex,

228 2783 419 2856 partu,
447 2773 692 2836 Enniam
719 2775 1021 2854 Naeviam,
1052 2777 1342 2838 Macronis
1378 2795 1637 2855 uxorem,
1679 2779 1774 2856 qui
1796 2787 1919 2837 tum
1950 2777 2232 2856 praetori-

229 2859 358 2920 anis
392 2859 726 2919 cohortibus
749 2868 1043 2939 praeerat,
1071 2860 1405 2920 sollicitavit
1430 2861 1500 2921 ad
1531 2870 1810 2941 stuprum,
1842 2860 2139 2939 pollicitus
2175 2869 2233 2919 et

153 2956 212 2997 ao
227 2943 648 3003 matrimonium
689 2961 880 3021 suum,
923 2946 972 3002 si
1014 2945 1233 3023 potitus
1273 2945 1515 3023 imperio
1565 2945 1796 3014 fuisset:
1843 2944 2031 3022 deque
2064 2962 2133 3004 ea
2163 2962 2229 3002 re

229 3035 288 3085 et
317 3027 444 3085 iure
478 3026 720 3087 iurando
768 3035 828 3087 ct
871 3028 1264 3107 chirographo
1307 3029 1479 3087 cavit.
1567 3029 1681 3089 Per
1723 3028 1872 3088 hanc
1914 3029 2231 3087 insinuatus

225 3109 514 3186 Macroni,
545 3128 772 3170 veneno
805 3109 1098 3193 Tiberium
1129 3111 1443 3188 adgressus
1475 3121 1593 3190 est,
1636 3121 1697 3172 ut
1726 3111 1955 3191 quidam
1992 3111 2229 3189 opinan-

227 3203 338 3271 tur,
372 3195 731 3272 spirantique
764 3193 950 3254 adhuc
993 3195 1218 3255 detrahi
1249 3195 1476 3255 anulum
1507 3205 1597 3273 et,
1642 3195 1911 3274 quoniam
1945 3195 2229 3274 suspicio-

225 3295 357 3336 nem
388 3279 692 3338 retinentis
730 3277 933 3355 dabat,
969 3280 1262 3358 pulvinum
1292 3279 1461 3338 iussit
1488 3281 1657 3357 inici,
1704 3289 1876 3358 atque
1909 3280 2080 3341 etiam
2108 3279 2230 3340 fau-

163 3373 216 3415 ιτ»
230 3377 333 3419 ces
363 3378 536 3422 manu
567 3379 670 3422 sua
698 3364 1016 3441 oppressit,
1050 3363 1284 3439 liberto,
1318 3364 1416 3440 qui
1449 3362 1525 3422 ob
1557 3368 1921 3424 atrocitatem
1953 3365 2233 3425 facinoris

226 3442 689 3522 exclamaverat,
735 3447 1043 3506 confestim
1080 3447 1140 3506 in
1183 3464 1417 3506 crucem
1456 3455 1609 3509 acto.
1709 3444 1837 3506 Nec
1885 3446 2159 3510 abhorret
2200 3466 2230 3505 a

221 3529 494 3605 veritate,
526 3545 653 3588 cum
678 3529 790 3588 sint
819 3530 1047 3609 quidam
1073 3539 1367 3605 auctores,
1398 3529 1587 3608 ipsum
1612 3540 1819 3610 postea
1865 3533 1977 3591 etsi
2005 3548 2119 3590 non
2155 3530 2228 3588 de

225 3612 524 3690 perfecto,
549 3621 794 3672 atcerte
819 3613 890 3673 de
917 3615 1173 3691 cogitato
1200 3611 1487 3691 quondam
1519 3614 1829 3692 parricidio
1864 3614 2225 3693 professum;
