2700 4234
991 296 1048 342 c,
1097 295 1469 344 CALIGULA.
2117 286 2232 348 131

203 451 526 514 Drusillam
571 448 922 529 appellatam
943 493 960 525 ,
1001 467 1112 528 per
1157 451 1405 509 omnium
1446 449 1683 511 dearum
1723 453 1941 532 templa
1991 454 2237 514 circum-

211 539 454 612 ferens,
511 533 810 596 Minervae
845 535 1073 610 gremio
1109 534 1386 612 imposuit
1415 533 1797 614 alendamque
1836 545 1895 596 et
1938 537 2233 597 instituen-

213 621 350 682 dam
396 615 837 688 commendavit.
923 615 1054 677 Nec
1113 616 1233 676 ullo
1286 618 1541 678 firmiore
1594 618 1809 679 indicio
1863 621 1952 679 sui
2002 623 2235 680 seminis

212 722 356 766 esse
404 701 683 763 credebat
735 717 901 779 quam
959 701 1240 778 feritatiS,
1299 719 1447 781 quae
1504 701 1589 762 illi
1650 721 1881 783 quoque
1924 712 2079 764 tanta
2124 707 2237 764 iam

146 815 180 856 5
210 798 353 848 tunc
387 796 544 862 erat,
601 795 664 844 ut
705 784 932 844 infestis
967 783 1164 862 digitis
1211 802 1316 845 ora
1366 794 1424 844 et
1456 786 1663 847 oculos
1710 787 1877 846 simul
1921 785 2235 847 ludentium

180 872 510 932 ‘infantium
538 869 884 928 incesseret.
971 867 1132 928 Leve
1166 886 1236 928 ac
1271 867 1544 946 frigidum
1589 871 1661 930 sit
1694 869 1783 930 his
1812 869 2061 948 addere,
2118 889 2230 951 quo
2249 875 2318 930 26

203 957 580 1035 propinquos
619 952 951 1031 amicosque
996 961 1170 1030 pacto
1212 954 1589 1030 tractaverit,
1633 953 2029 1015 Ptolemaeum
2069 956 2233 1032 regis

200 1038 388 1100 Iubae
420 1037 628 1113 filium,
682 1035 1090 1096 consobrinum
1132 1054 1324 1114 suum,
1376 1039 1536 1117 (erat
1571 1039 1723 1097 enim
1758 1047 1816 1098 et
1857 1039 1907 1098 is
1936 1037 2013 1100 M.
2048 1038 2230 1099 Anto·

203 1125 290 1182 nii
343 1139 419 1180 ex
463 1120 680 1179 Selene
730 1119 846 1180 filia
891 1119 1123 1198 nepos).
1173 1129 1231 1179 et
1283 1121 1340 1180 in
1398 1121 1597 1198 primis
1647 1122 1834 1200 ipsum
1872 1122 2229 1200 Macronem,

120 1225 184 1267 ιο
207 1209 402 1286 ipsam
433 1202 712 1279 Enniam,
775 1202 1069 1264 adiutores
1111 1204 1368 1281 imperii:
1430 1204 1636 1283 quibus
1680 1205 1942 1265 omnibus
1989 1225 2097 1285 pro
2131 1224 2229 1265 ne-

209 1287 582 1350 cessitudinis
613 1288 739 1348 iure
771 1304 996 1366 proque
1020 1288 1353 1346 meritorum
1395 1290 1583 1365 gratia
1632 1299 1870 1350 cruenta
1905 1307 2065 1350 mors
2097 1307 2229 1369 per-

208 1371 410 1433 soluta
439 1379 546 1430 est.

339 1454 534 1516 Nihilo
562 1457 930 1516 reverentior
955 1455 1224 1515 leniorve
1254 1474 1400 1534 erga
1438 1465 1728 1535 senatum,
1770 1458 2048 1537 quosdam
2079 1478 2227 1520 sum-

203 1541 318 1600 mis
347 1538 665 1600 honoribus
701 1539 932 1599 functos
985 1537 1055 1600 ad
1100 1538 1369 1600 essedum
1417 1540 1527 1600 sibi
1566 1559 1806 1601 currere
1851 1551 2088 1620 togatos
2118 1547 2230 1622 pe?

127 1623 739 1703 maliquot-pass'uum
773 1622 960 1698 milia,
1022 1631 1081 1682 et
1115 1625 1381 1684 caenanti
1425 1623 1597 1684 modo
1649 1624 1721 1685 ad
1762 1624 2016 1702 pluteum
2048 1627 2225 1687 modo

206 1706 294 1770 ad·
318 1706 502 1786 pedes
536 1717 695 1768 stare
731 1707 1064 1768 succinctos
1099 1706 1277 1768 linteo
1311 1725 1522 1785 passus
1558 1717 1677 1778 est;
1724 1708 1871 1768 alios
1905 1727 2033 1768 cum
2078 1709 2227 1771 clam

203 1792 626 1867 interemisset,
667 1791 846 1852 citare
877 1790 1057 1852 nihilo
1089 1791 1274 1852 minus
1307 1800 1369 1850 ut
1395 1793 1565 1854 vivos
1597 1794 2035 1871 perseveravit,
2087 1812 2224 1871 pau-

206 1892 313 1936 cos
342 1883 480 1953 post
507 1875 632 1935 dies
665 1874 990 1935 voluntaria
1021 1883 1208 1935 morte
1235 1877 1464 1954 perisse
1492 1879 1779 1936 mentitus
1872 1873 2225 1937 Consulibus

206 1958 404 2021 oblitis
437 1957 508 2018 de
541 1958 718 2020 natali
749 1976 854 2018 suo
885 1957 1122 2019 edicere
1166 1957 1477 2037 ‘abrogavit
1516 1960 1942 2038 magistratum,
2000 1961 2223 2040 fuitque

122 2060 318 2126 20per
350 2041 594 2102 triduum
635 2044 760 2102 sine
802 2061 1016 2102 summa
1047 2051 1338 2121 potestate
1378 2063 1477 2104 res
1527 2062 1585 2124 p.
1624 2045 2009 2119 Quaestorem
2060 2055 2223 2105 suum

201 2131 262 2191 in
300 2127 696 2190 coniuratione
742 2129 1089 2186 nominatum
1137 2127 1491 2204 flagellavit,
1562 2137 1728 2188 veste
1780 2127 2041 2189 detracta
2089 2128 2220 2187 sub-

201 2216 472 2292 iectaque
501 2211 739 2271 militum
769 2210 1046 2289 pedibuS‚
1085 2228 1200 2290 quo
1236 2212 1398 2272 firme
1434 2211 1798 2273 verberaturi
1830 2211 2185 2271 insisterent.

329 2297 514 2357 Simili
569 2293 844 2374 superbia
903 2294 1299 2374 violentiaque
1362 2303 1595 2355 ceteros
1644 2296 1914 2355 tractavit
1965 2294 2218 2361 ordines.

199 2381 559 2461 Inquietatus
610 2380 840 2440 fremitu
890 2379 1139 2456 gratuita
1189 2380 1246 2438 in
1301 2379 1461 2439 circo
1506 2378 1640 2439 loca
1692 2377 1765 2438 de
1814 2376 2003 2438 media
2046 2387 2220 2438 nocte

123 2465 649 2542 zzoccupantium,
704 2463 886 2523 omnis
915 2462 1163 2522 fustibus
1195 2461 1421 2540 abegit;
1468 2462 1598 2522 elisi
1626 2480 1734 2540 per
1760 2480 1889 2522 eum
1924 2461 2220 2522 tumultum

199 2549 410 2626 viginti
464 2547 708 2627 amplius
767 2548 993 2625 equites
1039 2547 1113 2607 R.
1157 2545 1395 2606 totidem
1448 2555 1779 2624 matronae,
1832 2564 2013 2625 super
2058 2546 2217 2606 innu-

195 2632 419 2692 m'eram
457 2631 680 2692 turbam
739 2638 1012 2690 ceteram.
1102 2630 1401 2690 Scaenicis
1456 2629 1635 2708 ludis,
1690 2631 1839 2690 inter
1882 2629 2117 2708 plebem
2160 2638 2220 2690 et

199 2716 456 2796 equitem
492 2732 724 2776 causam
755 2712 1171 2775 discordiarum
1199 2732 1453 2792 serens,
1513 2714 1775 2774 decimas·
1807 2708 2081 2774 matu'rius
2119 2712 2215 2775 da·

198 2800 334 2877 bat,
387 2809 449 2861 ut
492 2799 786 2879 equestria
828 2798 898 2858 ab
949 2798 1142 2858 infimo
1187 2815 1418 2877 quoque
1464 2806 1907 2875 occuparentur.
1986 2796 2191 2858 Gladia

125 2885 355 2944 sotorio
405 2901 672 2960 munere,
718 2881 983 2942 reductis
1028 2881 1310 2942 interdum
1368 2881 1812 2960 flagrantissimo
1873 2879 2002 2940 sole
2046 2880 2215 2957 velis,

196 2969 384 3029 emitti
419 2985 758 3047 quemquam
786 2965 1022 3026 vetabat
1063 2975 1408 3046 remotoque
1437 2963 1729 3026 ordinario
1765 2972 2077 3043 apparatu,
2130 2972 2213 3023 ta-

194 3052 349 3112 bidis
389 3051 535 3112 feris
577 3050 894 3111 vilissimos
924 3051 1206 3128 senioque
1247 3050 1553 3110 confectos
1587 3046 1977 3125 gladiatores,
2006 3048 2043 3084 *
2073 3063 2213 3126 quo-

198 3154 311 3215 que
342 3137 681 3215 paegniaris
709 3141 909 3214 patres
934 3133 1273 3194 familiarum
1301 3142 1475 3194 notos
1509 3131 1613 3192 sed
1640 3132 1884 3208 insignis
1917 3129 2213 3190 debilitate

197 3220 388 3300 aliqua
425 3220 696 3298 corporis
740 3216 1052 3279 obiciebat.
1139 3217 1232 3277 Ac
1265 3233 1716 3295 nonnumquam,
1770 3213 2000 3275 horreis
2043 3231 2209 3294 prae-

126 3330 176 3372 35
199 3304 410 3382 clusis,
465 3303 688 3384 populo
727 3302 936 3363 famem
967 3301 1189 3362 indixit.

322 3389 641 3450 Saevitiam
692 3388 912 3464 ingenii
956 3406 1066 3465 per
1111 3385 1258 3446 haec
1314 3386 1559 3446 maxime
1598 3382 1866 3444 ostendit.
1958 3379 2099 3442 Cum
2140 3381 2292 3445 ad27

193 3475 460 3551 saginam
491 3473 748 3545 ferarum
777 3473 997 3532 muneri
1038 3477 1512 3550 praeparatarum
1542 3468 1729 3528 carius
1759 3464 2017 3545 pecudes
2056 3482 2210 3525 com-

187 3568 576 3637 pararentur,
631 3573 707 3616 ex
763 3555 952 3618 noxiis
1008 3550 1306 3615 laniandos
1366 3550 1658 3613 adnotavit
1710 3559 1769 3610 et
1801 3546 2208 3694 ocpstodiarum
