2700 4234
479 276 1040 343 nurnnniwnuu
1081 288 1446 337 murionum
1485 285 1889 348 RELIQUIAE.
2062 271 2181 335 291

179 444 442 516 homines
498 456 668 511 exuta
722 444 958 507 feritate
1016 444 1298 505 rationem
1346 442 1505 503 vitae
1566 440 1789 503 habere
1851 441 2191 521 coepissent

181 556 362 620 seque
391 554 459 595 ac
491 534 636 594 deos
667 550 806 592 suos
838 546 1050 605 nosse,
1086 527 1297 588 cultum
1318 526 1608 587 modicum
1638 544 1709 609 ac
1732 542 2060 585 sermonem
2088 543 2189 584 ne·

180 622 494 683 cessarium
539 616 846 678 commenti
891 612 1036 690 sibi,
1080 613 1379 689 utriusque
1423 612 1907 690 magnificentiam
1951 609 2024 669 ad
2052 607 2188 669 reli-

176 709 410 785 gionem
441 702 679 763 deorum
709 716 942 759 suorum
977 698 1484 773 excogitaverunt.
1531 695 1717 773 Igitur
1738 703 1798 754 ut
1821 693 2037 772 templa
2070 691 2189 753 illis

30 812 32 831 ε
133 788 441 850 sdomibus
489 784 824 865 pulchriora
868 789 926 841 et
955 779 1263 840 simulacra
1299 778 1651 859 corporibus
1694 778 1977 869 ampliora
2006 776 2187 837 facie-

176 873 346 949 hant,
393 872 473 931 ita
513 869 750 947 eloquio
794 866 966 925 etiam
1010 865 1176 942 quasi
1225 866 1565 941 augustiore
1608 860 1983 923 honorandos
2023 870 2187 940 puta-

174 965 384 1016 verunt
428 952 743 1031 laudesque
789 966 988 1010 eorum
1019 956 1078 1007 et
1105 946 1304 1007 verbis
1345 947 1761 1008 illustrioribus
1801 954 1861 1005 et
1887 944 2185 1005 iucundio-

173 1040 337 1101 ribus
367 1038 617 1098 numeris
649 1034 998 1094 extulerunt.
1059 1030 1124 1091 Id
1163 1048 1351 1108 genus
1396 1032 1529 1111 quia
1558 1032 1743 1091 forma
1787 1028 2031 1109 quadam
2063 1029 2185 1090 effi-

177 1125 361 1199 citur,
413 1138 562 1201 quae
607 1109 878 1195 ποιότης
921 1115 1165 1189 dicitur,
1210 1131 1421 1193 poema
1462 1116 1779 1175 vocitatum
1822 1123 1912 1173 est
1944 1114 2187 1194 eiusque

30 1172 33 1305 j
105 1230 156 1273 ιο
175 1209 418 1269 lictores
449 1212 681 1284 poetae.
740 1197 1030 1297 Isidorus
1059 1198 1297 1277 etymol.
1329 1206 1385 1276 8,
1421 1208 1483 1260 7.·

313 1290 389 1341 De
414 1288 542 1355 ipsis
565 1286 730 1354 poetis
755 1285 892 1351 apud
914 1284 1277 1348 Hieronymum
1300 1291 1575 1349 supersunt
1606 1280 1759 1333 haec:

305 1356 370 1417 Τ.
395 1356 589 1418 Livius
619 1353 1046 1431 tragoediarum
1073 1353 1326 1430 scriptor
1351 1350 1541 1411 clarus
1570 1350 1848 1428 habetur,
1880 1351 1975 1429 qui
2002 1348 2078 1409 ob
2101 1350 2185 1409 in-

173 1442 335 1521 genii
370 1442 632 1500 meritum
673 1455 706 1497 a
725 1437 888 1498 Livio
920 1435 1286 1512 Salinatore,
1319 1436 1482 1494 cuius
1512 1434 1735 1496 liberos
1769 1432 2087 1511 erudiebat,
2119 1433 2185 1493 li-

173 1526 402 1587 bertate
434 1523 677 1584 donatus
709 1529 799 1581 est
828 1536 888 1580 a.
925 1527 1063 1580 567.
1098 1525 1236 1579 568.
1497 1516 1501 1522 ’

30 1626 32 1645 1
102 1625 152 1665 ιε
302 1608 560 1668 Naevius
603 1605 860 1665 comicus
907 1603 1117 1664 Uticae
1159 1602 1434 1679 moritur,
1486 1599 1687 1682 pulsus
1715 1601 1898 1662 Roma
1929 1600 2187 1660 factione

171 1692 454 1753 nobilium
481 1708 554 1749 ac
583 1689 902 1767 praecipue
929 1684 1299 1747 Metellorum
1330 1702 1391 1745 a.
1424 1693 1768 1745 551-553,

306 1773 538 1834 Plautus
571 1790 647 1831 ex
673 1770 910 1833 Umbria
952 1770 1219 1831 Sarsinas
1248 1769 1475 1830 Romae
1504 1770 1771 1839 moritur;
1806 1769 1903 1847 qui
1934 1766 2202 1848 propter'

171 1874 440 1918 annonae
490 1853 884 1915 difficultatem
933 1853 1004 1913 ad
1053 1852 1237 1914 molas
1289 1853 1615 1914 manuarias
1662 1854 1869 1932 pistori
1912 1871 1978 1912 se
2020 1852 2181 1913 loca-

169 1950 374 2017 verat,
427 1938 506 1999 ibi
553 1938 820 2017 quotiens
861 1936 933 1996 ab
963 1954 1146 2016 opere
1189 1944 1459 2014 vacaret,
1518 1934 1787 2009 ,scribere
1839 1935 2067 1998 fabulas
2112 1953 2184 1997 ac

97 2047 152 2091 ιο
168 2024 438 2085 vendere
469 2022 676 2082 solitus
707 2036 767 2080 a.
801 2028 938 2081 553.
967 2029 1106 2081 554.

302 2106 374 2181 Q.
399 2106 618 2167 Ennius
647 2112 822 2184 poeta
845 2102 1079 2163 Tarenti
1108 2106 1393 2174 nascitur;
1427 2108 1524 2184 qui
1549 2124 1583 2165 a
1607 2103 1831 2164 Catone
1865 2111 2179 2183 quaestore

163 2193 414 2253 Romam
441 2187 751 2249 translatus
779 2186 1058 2249 habitavit
1084 2188 1141 2246 in
1170 2195 1367 2249 monte
1390 2188 1721 2263 Aventino,
1752 2204 1934 2267 parco
1974 2187 2102 2247 adm
2114 2204 2179 2247 o·

166 2276 308 2335 dum
349 2282 573 2351 sumptu
614 2278 918 2332 contentus
957 2272 1213 2331 etunius
1242 2272 1492 2333 ancillae
1526 2272 1845 2333 ministerio
1889 2270 2185 2331 cti-513·-

165 2366 294 2419 515
315 2399 332 2415 .
359 2400 374 2415 .
399 2401 414 2415 .
438 2356 658 2415 Ennius
681 2361 858 2434 poeta
873 2355 1242 2432 septuaginta
1265 2358 1449 2417 maior
1472 2357 1635 2416 annis
1656 2353 1953 2415 articulari
1974 2354 2180 2415 morbo

85 2460 140 2501 25
165 2442 360 2521 perit,
404 2438 664 2517 sepultus
702 2439 760 2496 in
794 2436 1089 2515 Scipionis
1129 2448 1497 2500 monumento
1536 2441 1631 2499 via
1661 2438 1857 2517 Appia
1884 2440 2033 2499 intra
2064 2440 2179 2518 pri-

111 2568 116 2570 -
159 2541 322 2585 mum
347 2522 417 2583 ab
441 2520 585 2582 urbe
606 2520 924 2581 miliarium.
978 2520 1222 2595 Quidam
1251 2541 1388 2585 ossa
1411 2527 1535 2585 eius
1556 2523 1799 2585 Rudiam
1821 2540 1896 2584 ex
1918 2520 2178 2585 laniculo

157 2606 448 2669 translata
473 2604 756 2666 affirmant
786 2621 845 2665 a.
877 2612 1219 2667 586-589,

298 2690 514 2750 Statius
573 2687 867 2750 Caecilius
925 2690 1353 2751 comoediarum
1401 2692 1658 2771 scriptor
1689 2690 1879 2752 clarus
1909 2689 2177 2769 habetur,

157 2776 406 2852 natione
439 2768 692 2833 Insuber
722 2772 921 2835 Gallus
964 2782 1023 2833 et
1051 2773 1222 2834 Ennii
1251 2777 1493 2854 primum
1526 2774 1981 2836 contubernalis.
2038 2774 2175 2849 Qui-

79 2875 134 2917 30
161 2860 305 2920 dam
345 2855 840 2919 Mediolanensem
885 2857 1094 2917 ferunt.
1153 2857 1418 2919 Mortuus
1463 2867 1552 2919 est
1588 2877 1736 2919 anno
1767 2856 2177 2938 postmortem

147 2943 339 3005 Ennii
373 2950 430 3001 et
457 2943 610 3001 iuxta
639 2939 952 3001 Ianiculum
981 2941 1242 3020 sepultus
1270 2960 1331 3003 a.
1366 2951 1503 3004 575.

289 3024 578 3086 Pacuvius
632 3024 1024 3085 Brundusinus
1068 3027 1495 3104 tragoediarum
1542 3027 1796 3106 scriptor
1852 3025 2045 3087 clarus
2075 3026 2174 3087 ha-

147 3110 371 3182 betur,
417 3106 583 3167 Ennii
625 3116 840 3187 poetae
885 3126 959 3167 ex
1005 3108 1122 3169 filia
1168 3127 1385 3189 nepos,
1428 3110 1689 3188 vixitque
1723 3109 1944 3171 Romae
1980 3110 2176 3189 quoad

146 3194 450 3273 picturam
496 3192 762 3251 exercuit
801 3210 870 3251 ac
913 3192 1141 3253 fabulas
1183 3194 1530 3269 venditavit,
1596 3194 1807 3255 deinde
1862 3193 2174 3256 Tarentum

71 3291 124 3332 35
150 3287 573 3352 transgressus
606 3291 798 3353 prope
825 3278 1248 3354 nonagenarius
1278 3277 1431 3339 diem
1462 3276 1605 3339 obiit
1635 3294 1696 3338 a.
1732 3287 1865 3341 600.
1884 3288 2035 3357 Δ601.

52 3428 58 3433 ,
289 3357 359 3419 P.
395 3356 702 3418 Terentius
743 3357 1249 3437 Karthaginiensis
1290 3360 1723 3422 comoediarum
1752 3364 2038 3443 scriptor,
2088 3362 2171 3424 ob

141 3442 458 3521 ingenium
494 3450 553 3501 et
595 3442 836 3503 tonnam
871 3443 1143 3505 libertate
1187 3444 1463 3523 donatus,
1508 3447 1567 3506 in
1596 3446 1853 3509 Arcadia
1899 3448 2168 3513 moritur:

141 3526 254 3609 qui
288 3525 534 3606 primam
557 3524 831 3587 Andriam
893 3535 1200 3609 antequam
1235 3527 1520 3591 'aedilibus
1552 3530 1867 3675 νουᾱῗξξι,
1906 3527 2129 3593 Caecili
