2700 4234
1015 343 1075 392 c
1123 342 1499 392 camum.
1617 335 1626 342 ·
2141 329 2260 395 139

250 499 402 560 niam
438 499 863 577 processisset,
924 496 1247 558 admonitus
1300 496 1373 557 de
1426 496 1752 577 supplendo
1801 515 2041 558 numero
2092 497 2258 561 Bata-

249 584 489 658 vorum,
535 598 686 659 quos
751 581 906 640 circa
968 598 1034 640 se
1100 580 1382 658 habebat,
1447 580 1835 666 expeditionis
1884 581 2259 644 Germanicae

248 668 524 746 impetum
555 667 739 764 cepit3
784 681 972 742 neque
1005 663 1253 742 distulit,
1298 627 1405 725 se’d
1433 652 1764 742 legionibus
1807 674 1866 725 et
1895 666 2122 726 auxiliis
2158 684 2258 727 un-

250 750 425 829 dique
457 749 702 826 excitis,
754 747 1061 808 dilectibus
1091 748 1301 827 ubique
1332 749 1710 809 acerbissime
1739 749 1915 826 actiS,
1957 758 2258 810 contracto

200 857 229 896 5
252 842 313 894 et
344 835 527 893 omnis
561 833 799 911 generis
842 840 1163 892 commeatu
1196 841 1409 911 quanto
1441 849 1744 910 numquam
1777 842 1980 911 antea,
2039 835 2150 893 iter
2176 834 2258 892 in-

246 935 493 994 gressus
523 924 617 975 est
647 915 1019 994 confecitque
1058 915 1232 976 modo
1276 925 1392 976 tam
1433 915 1772 976 festinanter
1813 925 1871 975 et
1915 917 2152 995 rapide,
2198 925 2260 975 ut

246 1000 656 1080 praetorianae
711 999 984 1060 cohortes
1039 1009 1241 1060 contra
1292 1017 1512 1061 morem
1561 1002 1728 1077 signa
1766 1001 2033 1060 iumentis
2077 1001 2259 1079 impo-

170 1135 193 1141 ,
244 1102 392 1143 nere
424 1091 484 1142 et
522 1084 601 1144 ita
645 1081 920 1161 subsequi
958 1091 1341 1161 cogerentur,
1394 1083 1675 1143 interdum
1720 1083 1867 1143 adeo
1904 1085 2166 1161 segniter
2202 1092 2260 1143 et

247 1166 539 1242 delicate,
611 1174 671 1225 ut
730 1166 1054 1245 octaphoro
1111 1166 1457 1244 veheretur,
1497 1177 1670 1246 atque
1722 1186 1755 1228 a
1807 1169 2260 1246 propinquarum

167 1273 229 1314 ιο
247 1250 479 1310 urbium
508 1247 683 1328 plebe
708 1250 863 1310 verri
896 1249 1005 1309 sibi
1043 1251 1169 1312 vias
1208 1258 1268 1310 et
1311 1253 1630 1330 conspergi
1673 1260 1922 1330 propter
1955 1251 2258 1329 pulverem

249 1336 544 1415 exigeret.

378 1409 690 1496 Postquam
727 1424 915 1478 castra
958 1418 1176 1494 attigit,
1222 1425 1282 1476 ut
1314 1436 1380 1477 se
1413 1435 1606 1478 acrem
1645 1435 1716 1478 ac
1744 1436 2012 1478 severum
2054 1417 2342 1483 ducem44

202 1501 623 1580 ostenderet,
668 1500 933 1579 legatos,
970 1502 1067 1600 qui
1102 1501 1313 1561 auxilia
1355 1502 1540 1560 serius
1571 1520 1647 1560 ex
1686 1500 1932 1561 diversis
1975 1501 2124 1561 locis
2159 1501 2255 1562 ad-

251 1586 570 1663 duxerant,
618 1603 744 1645 cum
774 1585 1087 1662 ignominia
1117 1585 1354 1655 dimisit;
1402 1593 1460 1644 at
1490 1586 1548 1643 in
1579 1586 1840 1644 exercitu
1866 1585 2257 1661 recensendo,

168 1696 231 1738 15
253 1669 551 1750 plerisque
591 1669 986 1729 centurionum
1009 1669 1242 1730 maturis
1269 1669 1398 1745 iam,
1437 1677 1495 1728 et
1536 1667 1828 1728 nonnullis
1858 1676 1988 1728 ante
2032 1669 2255 1745 paucis-

250 1756 433 1815 simos
472 1771 639 1832 quam
673 1753 1113 1813 consummaturi
1157 1761 1356 1812 essent
1390 1750 1535 1827 dies,
1579 1751 1796 1830 primos
1829 1751 1984 1830 pilos
2027 1751 2255 1827 ademit,

250 1845 521 1898 causatus
567 1837 785 1897 senium
832 1838 1107 1915 cuiusque
1158 1844 1216 1895 et
1267 1835 1746 1904 imbecillitatem
1797 1843 2123 1895 ceterorum
2174 1837 2254 1894 in-

250 1921 483 1999 crepita
529 1919 861 1998 cupiditate,
909 1919 1209 1980 commoda
1252 1921 1529 1979 emeritae
1569 1919 1801 1979 militiae
1834 1918 1904 1980 ad
1955 1927 2254 1979 sescento-

247 2023 379 2065 rum
401 2004 437 2040 *
478 2003 686 2064 milium
730 2021 1001 2064 summam
1042 2003 1269 2064 recidit.
1358 2002 1514 2062 Nihil
1563 2011 1749 2063 autem
1801 2002 2044 2082 amplius
2090 2016 2256 2082 quam

160 2111 227 2156 20
247 2088 519 2150 Adminio
571 2085 936 2164 Cynobellini
980 2087 1379 2148 Britannorum
1427 2087 1591 2164 regis
1636 2087 1787 2163 filio,
1837 2087 1934 2165 qui
1969 2085 2169 2164 pulsus
2223 2104 2258 2148 a

244 2181 417 2254 patre
452 2190 576 2232 cum
612 2173 824 2249 exigua
852 2189 1021 2231 manu
1048 2171 1471 2249 transfugerat,
1515 2172 1572 2229 in
1604 2132 1955 2229 deditionem
1985 2177 2252 2247 recepto,

246 2257 413 2336 quasi
463 2257 733 2317 universa
791 2254 996 2316 tradita
1048 2254 1267 2332 insula,
1336 2254 1675 2331 magnificas
1732 2253 1974 2314 Romam
2033 2252 2256 2312 litteras

244 2339 434 2416 misit,
492 2339 723 2400 monitis
769 2338 1262 2417 speculatoribuS,
1305 2347 1368 2398 ut
1408 2337 1677 2397 vehiculo
1725 2334 1799 2396 ad
1841 2336 2028 2396 forum
2072 2352 2256 2413 usque

248 2432 311 2482 et
343 2424 552 2486 curiam
584 2422 1027 2502 pertenderent,
1073 2441 1184 2483 nec
1213 2423 1322 2483 nisi
1353 2424 1411 2481 in
1443 2419 1588 2481 aede
1618 2419 1818 2482 Martis
1849 2437 1920 2481 ac
1950 2419 2256 2498 frequente

159 2530 229 2572 25
250 2515 455 2566 senatu
491 2506 823 2568 consulibus
853 2504 1163 2567 traderent.

377 2589 544 2668 Mox,
590 2590 895 2651 deficiente
942 2589 1081 2649 belli
1122 2592 1390 2666 materia,
1437 2605 1660 2668 paucos
1698 2587 1772 2648 de
1815 2585 2076 2648 custodia
2117 2584 2337 2649 Ger-45

244 2691 453 2734 manos
510 2675 673 2734 traici
720 2673 1025 2752 occulique
1081 2681 1239 2733 trans
1280 2673 1542 2735 Rhenum
1591 2672 1785 2749 iussit,
1827 2689 1899 2731 ac
1959 2669 2070 2730 sibi
2122 2678 2259 2749 post

246 2756 548 2837 prandium
582 2773 750 2836 quam
777 2757 1287 2817 tumultuosissime
1321 2755 1532 2818 adesse
1569 2755 1796 2817 hostem
1819 2753 2086 2814 nuntiari.
2128 2753 2258 2828 Quo

247 2841 443 2917 facto,
497 2841 781 2941 proripuit
828 2859 893 2901 se
938 2859 1067 2902 cum
1110 2842 1309 2902 amicis
1341 2848 1400 2901 et
1443 2849 1608 2918 parte
1645 2839 1898 2918 equitum
1942 2839 2256 2916 praetoria-

154 2941 457 2989 aonorum
508 2926 563 2984 in
607 2925 928 3003 proximam
984 2923 1220 3001 silvam,
1286 2925 1681 3002 truncatisque
1728 2920 2033 2982 arboribus
2093 2928 2152 2979 et
2199 2920 2257 2979 in

244 3006 480 3068 modum
522 3015 896 3087 tropaeorum
932 3006 1256 3086 adornatis,
1306 3006 1378 3068 ad
1421 3007 1630 3068 lumina
1677 3022 1985 3081 reversus,
2056 3018 2257 3063 eorum

244 3090 481 3171 quidem
515 3093 611 3169 qui
645 3092 830 3151 secuti
861 3107 976 3151 non
1019 3100 1216 3151 essent
1257 3090 1612 3152 timiditatem
1653 3098 1713 3150 et
1752 3089 2041 3167 ignaviam
2077 3087 2255 3147 corri-

244 3175 403 3255 puit,
445 3175 686 3235 comites
730 3183 916 3236 autem
960 3183 1017 3234 et
1052 3175 1372 3254 participes
1411 3175 1690 3234 victoriae
1737 3189 1892 3233 novo
1934 3187 2156 3249 genere
2185 3187 2257 3232 ac

242 3259 478 3319 nomine
534 3275 875 3319 coronarum
912 3256 1175 3334 donavit,
1232 3276 1376 3336 quas
1427 3256 1724 3318 distinctas
1769 3255 1910 3316 solis
1971 3273 2042 3316 ac
2086 3255 2256 3316 lunae

154 3363 225 3407 35
247 3341 629 3421 siderumque,
649 3343 851 3419 specie
884 3337 1309 3418 exploratorias
1338 3339 1676 3420 appellavit.
1762 3341 1985 3402 Rursus
2021 3338 2256 3400 obsides

245 3425 532 3506 quosdam
565 3423 851 3485 abductos
880 3443 914 3484 e
944 3424 1224 3485 litterario
1254 3424 1392 3486 ludo
1423 3424 1687 3503 clamque
1726 3423 2116 3504 praemissos,
2159 3422 2256 3482 de-

242 3519 409 3571 serto
448 3517 698 3588 repente
743 3508 1047 3587 convivio,
1094 3527 1221 3570 cum
1261 3510 1518 3589 equitatu
1557 3510 1853 3569 insecutus
1895 3506 2076 3568 veluti
2122 3522 2256 3584 pro·

241 3594 426 3672 fugos
468 3611 541 3654 ac
578 3592 974 3672 reprehensos
1030 3593 1087 3652 in
1149 3595 1369 3654 catenis
1425 3591 1683 3660 reduxit3
1737 3592 1798 3651 in
1858 3591 1974 3652 hoc
2024 3604 2257 3669 quoque
