2700 4234
483 267 601 330 180
685 279 743 328 o.
772 278 1071 328 sumom
1101 277 1356 338 Teano.
1394 278 1484 325 nr.
1515 278 1678 326 νιΤΑ
1715 276 2082 326 castinum
2118 278 2255 325 Lm.
2283 278 2378 327 v1.

481 435 833 494 sissimorum
862 442 1184 511 temporum
1214 441 1374 508 sunt,
1419 432 1554 508 cogi
1585 433 1639 490 in
1679 449 1845 491 unum
1872 449 2110 506 annum,
2143 431 2482 510 quibusdam

483 519 654 578 etiam
682 518 933 592 iteratis,
976 517 1176 591 iussit,
1206 525 1265 575 et
1298 515 1602 592 Olympiae
1634 530 1867 593 quoque
1903 523 2136 593 praeter
2174 525 2480 575 consuetu-

482 602 669 663 dinem
720 601 997 660 musicum
1050 615 1239 676 agona
1301 599 1601 659 commisit.
1689 599 1781 658 Ac
1839 617 1914 658 ne
1959 597 2093 676 quid
2139 600 2294 658 circa
2333 598 2483 659 haec

484 693 826 764 occupatum
857 692 1131 744 avocaret
1162 682 1545 758 detineretve,
1583 699 1710 741 cum
1737 683 2069 760 praesentia
2101 683 2225 740 eius
2249 681 2480 742 urbicas

482 787 581 866 rqs
610 786 792 925 eogere
823 785 855 826 a
886 765 1097 826 liberto
1128 765 1297 826 Helio
1324 766 1759 909 admonqretur,
1789 767 2101 909 {escripstit
2128 764 2216 824 his
2247 763 2477 910 vlerbis:
2500 781 2526 822 ⁵

664 851 909 912 uamvis
950 868 1114 910 nunc
1162 856 1325 910 tuum
1367 849 1543 909 consi
1567 848 1689 908 ium
1729 849 1788 909 si
1857 856 1915 909 ct
1955 865 2032 909 vo
2061 867 2159 908 um
2201 867 2270 908 ce
2295 849 2482 910 ariter

484 934 717 997 reverti
742 951 854 1009 mc,
893 940 1095 995 tamen
1120 932 1389 993 suadere
1422 938 1481 991 et
1511 940 1734 1010 optare
1762 932 1974 1010 potius
2005 929 2225 1008 debes,
2261 938 2332 992 ut
2356 929 2478 992 Ne·

486 1037 638 1082 rone
668 1017 891 1098 diynus
926 1024 1225 1078 revertar.

614 1099 893 1162 Cantante
933 1118 1028 1176 eo,
1066 1119 1137 1160 ne
1167 1102 1500 1160 necessaria
1533 1099 1760 1178 quidem
1795 1117 1967 1159 causa
2000 1098 2292 1158 excedere
2325 1098 2482 1160 thea-

489 1196 579 1247 tro
608 1185 821 1245 licitum
855 1193 961 1244 est.
1048 1183 1249 1262 Itaque
1284 1191 1343 1242 et
1380 1184 1586 1242 enixae
1618 1182 1895 1261 quaedam
1928 1183 1983 1241 in
2019 1181 2371 1261 spectaculis
2401 1182 2478 1242 di·
2501 1199 2554 1241 ιο

491 1277 712 1345 cuntur,
748 1277 806 1328 et
836 1267 995 1327 multi
1030 1267 1220 1326 taedio
1254 1265 1516 1326 audiendi
1549 1265 1948 1344 laudandique,
1983 1265 2194 1326 clausis
2238 1266 2483 1343 oppido-

488 1370 610 1412 rum
644 1351 847 1431 portis‚
879 1360 975 1410 aut
1003 1351 1193 1411 furtim
1223 1349 1529 1410 desiluisse
1561 1348 1633 1408 de
1661 1366 1822 1409 muro
1858 1357 1950 1409 aut
1992 1358 2176 1408 morte
2224 1349 2484 1409 simulata

489 1437 692 1496 funere
716 1432 871 1494 elati.
930 1435 1112 1510 Quam
1138 1443 1323 1494 autem
1350 1433 1575 1514 trepide
1599 1435 1886 1510 anxieque
1911 1434 2241 1508 certaverit,
2276 1441 2486 1510 quanta

492 1519 950 1579 adversariorum
982 1517 1384 1593 aemulatione,
1422 1534 1534 1596 quo
1565 1526 1718 1576 metu
1743 1516 2007 1593 iudicum,
2033 1520 2132 1574 vix
2164 1515 2322 1575 credi
2357 1525 2484 1594 pot-

493 1612 601 1664 est.
686 1600 1110 1678 Adversarius,
1154 1603 1315 1679 quasi
1342 1601 1516 1680 plane
1563 1599 1910 1661 conditionis
1951 1598 2238 1676 eiusdem,
2281 1598 2484 1658 obser·
2508 1619 2559 1661 15

493 1704 654 1763 vare,
703 1693 969 1764 captare,
1016 1685 1287 1746 infamare
1328 1694 1598 1760 secret0,
1659 1700 2076 1761 nonnumquam
2117 1701 2192 1743 ex
2238 1697 2488 1742 occursu

494 1769 814 1831 maledictis
845 1769 1165 1845 incessere,
1218 1787 1287 1829 ac
1330 1770 1380 1827 si
1421 1768 1517 1847 qui
1561 1775 1683 1827 arte
1730 1767 2180 1846 praecellerent,
2225 1782 2485 1826 conrum-

498 1871 638 1933 pere
674 1853 843 1912 etiam
871 1850 1117 1912 solebat.
1205 1851 1434 1910 Iudices
1464 1860 1650 1910 autem
1683 1851 1840 1929 prius
1869 1869 2036 1929 quam
2068 1852 2356 1928 inciperet
2394 1868 2484 1909 re-

495 1937 895 1996 verentissime
927 1933 1366 2012 adloquebatur,
1404 1933 1609 1994 omnia
1639 1950 1707 1992 se
1731 1933 2031 2012 facienda
2067 1933 2326 2012 fecisse,
2376 1931 2490 1993 sed

497 2023 769 2082 eventum
794 2017 859 2079 in
883 2035 1071 2078 manu
1101 2035 1237 2078 esse
1266 2016 1620 2088 Fortunae,·
1662 2017 1803 2078 illos
1831 2023 1902 2078 ut
1926 2018 2228 2096 sapientis
2270 2023 2328 2077 ct
2372 2017 2480 2078 do·
2505 2031 2558 2070 ‘20

498 2110 630 2165 ctos
652 2100 826 2164 viros
849 2101 1116 2180 fortuita
1138 2101 1360 2162 debere
1380 2101 1710 2162 excludere
1727 2126 1753 2170 ,·
1786 2109 1978 2179 atque,
2012 2111 2073 2160 ut
2095 2100 2334 2162 auderet
2355 2100 2488 2159 hor·

498 2185 779 2262 tantibuS,
827 2187 1101 2264 aequiore
1144 2188 1327 2246 animo
1373 2184 1708 2261 recedebat,
1751 2203 1819 2244 ac
1861 2204 1933 2245 ne
1974 2187 2061 2245 sic
2103 2184 2332 2264 quidem
2365 2185 2491 2244 sine

501 2269 909 2345 sollicitudine,
946 2272 1386 2330 taciturnitatem
1417 2269 1809 2348 pudoremque
1845 2269 2196 2347 quorundam
2243 2286 2350 2347 pro
2395 2269 2489 2326 tri-

415 2355 651 2420 24stitia
695 2361 753 2412 et
792 2352 1145 2430 malignitate
1186 2371 1437 2431 arguens
1484 2361 1910 2431 suspectosque
1957 2352 2066 2412 sibi
2119 2352 2336 2412 dicens.
2424 2348 2492 2409 In

504 2435 777 2504 certando
793 2453 937 2496 vero
952 2438 1029 2496 ita
1043 2437 1162 2514 legi
1193 2436 1560 2513 oboediebat,
1579 2444 1638 2494 ut
1664 2453 1965 2514 numquam
1989 2455 2270 2496 excreare
2296 2452 2490 2509 ausus,
2512 2452 2566 2492 25

502 2519 769 2580 sudorem
800 2536 1029 2598 quoque
1058 2520 1265 2580 frontis
1312 2519 1551 2580 brachio
1598 2518 1961 2596 detergeret3
2007 2528 2177 2599 atque
2219 2520 2390 2578 etiam
2436 2519 2495 2576 in

500 2604 726 2680 tragico
752 2601 996 2680 quodam
1022 2612 1172 2679 actu,
1200 2621 1325 2662 cum
1356 2603 1611 2683 elapsum
1634 2603 1899 2663 baculum
1923 2606 2038 2664 cito
2063 2605 2495 2681 resumpsisset,

506 2684 747 2766 pavidus
778 2694 835 2745 et
862 2693 1121 2746 metuens
1151 2705 1223 2746 ne
1258 2686 1333 2747 ob
1369 2686 1637 2746 delictum
1671 2687 1981 2747 certamine
2013 2696 2495 2760 summoveretur,

505 2786 618 2829 non
640 2755 806 2829 a‘liter
832 2771 1195 2831 confirmatus
1219 2780 1308 2830 est
1331 2789 1498 2850 quam
1518 2770 1814 2831 adiurante
1833 2770 2156 2850 hypocrita,
2182 2789 2297 2831 non
2322 2772 2497 2830 anim-

504 2853 810 2915 adversum
859 2853 914 2914 id
968 2855 1119 2914 inter
1178 2854 1562 2915 exultationes
1619 2854 2216 2935 succlamationesque
2271 2853 2496 2933 populi.
2521 2868 2572 2909 30

505 2938 807 2998 Victorem
842 2946 1029 2998 autem
1066 2956 1131 2996 se
1161 2938 1289 3016 ipse
1315 2937 1751 3016 pronuntiabat;
1786 2956 1896 3016 qua
1928 2937 2000 2998 de
2032 2956 2204 2999 causa
2235 2947 2294 2997 et
2328 2953 2500 3016 prae-

508 3021 679 3081 conio
708 3019 919 3100 ubique
952 3020 1261 3081 contendit.
1349 3020 1441 3081 Ac
1483 3038 1557 3080 ne
1603 3022 1761 3080 cuius
1805 3020 2040 3082 alterius
2078 3021 2506 3081 hieronicarum

505 3103 782 3163 memoria
825 3111 921 3163 aut
963 3105 1271 3181 vestigium
1327 3111 1554 3164 extaret
1611 3121 1875 3182 usquam,
1930 3105 2187 3166 subverti
2240 3114 2299 3164 et
2349 3120 2505 3163 unco

506 3185 652 3246 trahi
685 3185 950 3265 abicique
981 3189 1037 3246 in
1072 3186 1307 3248 latrinas
1346 3188 1593 3246 omnium
1632 3196 1848 3248 statuas
1897 3198 1956 3249 et
2003 3190 2282 3268 imagines
2323 3191 2506 3266 impe-

508 3269 675 3328 ravit.
764 3268 1069 3348 Aurigavit
1108 3287 1337 3350 quoque
1381 3269 1765 3350 plurifariam,
1820 3270 2100 3352 Olympiis
2142 3288 2285 3331 vero
2334 3272 2577 3331 etiam-‘1⁵

508 3351 929 3431 decemiugem,
970 3355 1226 3433 quamvis
1268 3353 1326 3413 id
1375 3355 1559 3433 ipsum
1599 3354 1657 3413 in
1696 3373 1840 3433 rege
1869 3355 2208 3417 Mithradate
2250 3356 2511 3416 carmine

510 3433 758 3512 quodam
800 3454 907 3497 suo
949 3436 1449 3516 reprehendisset3
1499 3437 1604 3498 sed
1646 3456 1928 3503 excussus
1971 3458 2140 3502 curru
2184 3458 2254 3500 ac
2307 3457 2511 3499 rursus

510 3519 822 3596 repositus,
856 3537 981 3579 cum
1018 3518 1335 3598 perdurare
1368 3538 1483 3581 non
1513 3531 1737 3618 posset,
1771 3523 1986 3583 destitit
2011 3531 2143 3585 ante
2168 3523 2510 3592 decumum

2640 3915 2680 4158 μιᾳ-’,ζ
