2700 4234
428 311 510 375 58
586 325 646 374 c.
687 324 988 372 sumom
1032 324 1290 383 TRANQ.
1323 325 1419 370 DE
1450 325 1616 371 vrrs
1650 324 2021 372 CAEsAmm
2053 325 2195 374 Lm.
2238 328 2317 374 11.

426 487 594 558 rent,
626 487 718 541 ter
748 488 808 540 ct
843 478 1054 539 vicies.
1107 477 1390 556 Fecitque
1432 495 1855 555 nonnumquam
1885 480 2114 540 vicatim
2156 499 2227 540 ac
2264 478 2445 559 pluri-

427 565 536 625 bus
581 565 811 644 scaenis
855 580 964 640 per
1007 563 1254 642 omnium
1296 563 1619 638 linguarum
1664 562 1978 623 histriones
2026 563 2059 600 '⁵‘
2093 564 2127 600 '¹‘
2154 563 2187 600 '³‘
2228 582 2344 624 non
2386 567 2447 624 in

353 647 366 673 ³
424 651 557 710 foro
593 647 802 724 mode,
844 664 954 706 nec
996 647 1052 706 in
1095 645 1547 724 amphitheatro,
1592 646 1697 706 sed
1743 654 1803 705 et
1844 647 1902 705 in
1946 649 2105 707 circo
2154 649 2304 725 etjn
2338 647 2445 708 Se-

426 735 570 812 ptis,
614 740 673 790 et
718 729 1027 810 aliquando
1072 729 1213 788 nihil
1260 738 1497 808 praeter
1537 731 1906 790 venationem
1938 731 2147 802 edidit;
2194 731 2445 792 athletas

428 833 685 897 quoque,
719 816 999 877 extructis
1030 814 1086 872 in
1118 831 1324 892 campo
1348 812 1557 874 Martio
1590 813 1871 874 sedilibus
1899 814 2141 893 ligneis3
2174 817 2308 875 item
2338 833 2439 875 na·
2466 831 2499 870 ⁵

351 961 358 968 ,
424 901 559 962 vale
590 899 908 979 proelium,
942 898 1098 957 circa
1135 896 1389 956 Tiberim
1423 907 1629 958 cavato
1660 897 1823 975 solo,
1868 900 1923 958 in
1956 917 2071 976 quo
2106 918 2259 959 nunc
2295 897 2441 959 Gae-

425 1003 616 1047 sarum
646 1001 848 1044 nemus
879 991 988 1041 est.
1055 981 1275 1056 Quibus
1301 981 1507 1041 diebus
1539 981 1813 1042 custodes
1856 983 1913 1041 in
1954 982 2100 1043 urbe
2132 983 2442 1062 disposuit,

423 1087 498 1128 ne
549 1065 787 1128 raritate
837 1066 1252 1126 remanentium
1306 1065 1741 1143 grassatoribus
1795 1065 2050 1127 obnoxia
2102 1075 2281 1127 esset.
2376 1066 2443 1126 In

427 1155 586 1214 circo
637 1153 871 1228 aurigas
919 1166 1308 1228 cursoresque
1355 1157 1414 1210 et
1460 1149 1833 1210 confectores
1874 1150 2160 1228 ferarum,
2210 1159 2268 1210 et
2298 1169 2441 1211 non·

423 1253 730 1314 numquam
782 1253 858 1292 ex
897 1233 1254 1294 nobilissima
1302 1233 1629 1311 iuventute,
1678 1235 1971 1312 produxit.
2046 1236 2163 1296 Sed
2208 1244 2265 1294 et
2296 1234 2441 1295 Tro·
2467 1250 2522 1293 m

422 1323 514 1381 iae
549 1321 732 1380 lusum
765 1316 943 1377 edidit
969 1317 1439 1394 frequentissime
1474 1319 1753 1378 maiorum
1786 1319 2183 1396 minorumque
2228 1337 2441 1398 puero-

424 1422 582 1480 rum,
617 1402 798 1480 prisci
827 1401 1145 1479 decorique
1178 1403 1357 1461 moris
1390 1403 1760 1478 existimans,
1803 1403 1996 1462 clarae
2038 1404 2237 1481 stirpis
2278 1402 2443 1462 indo-

425 1489 541 1548 lem
572 1489 657 1546 sic
687 1494 1020 1547 notescere.
1069 1485 1132 1544 In
1166 1484 1282 1545 hoc
1312 1485 1537 1545 ludicro
1568 1485 1817 1545 Nonium
1848 1485 2238 1565 Asprenatem
2270 1486 2442 1564 lapsu

426 1571 780 1632 debilitatum
813 1587 990 1630 aureo
1022 1578 1231 1647 torque
1255 1569 1493 1631 donavit
1520 1587 1846 1648 passusque
1888 1578 1978 1630 est
2020 1570 2207 1650 ipsum
2242 1578 2441 1649 poste-

423 1673 642 1733 rosque
696 1654 974 1732 Torquati
1023 1654 1182 1714 ferre
1242 1671 1589 1730 cognomen.
1682 1654 1823 1714 Mox
1878 1655 2049 1713 linem
2110 1655 2252 1714 fecit
2301 1652 2441 1714 talia
2465 1667 2517 1710 ιε

421 1739 669 1814 edendi,
700 1737 904 1796 Asinio
935 1737 1200 1797 Pollione
1234 1745 1469 1798 oratore
1502 1739 1763 1814 graviter
1800 1736 2203 1816 invidioseque
2246 1739 2303 1796 in
2344 1756 2442 1797 cu-

424 1825 510 1884 ria
544 1831 750 1901 questo
782 1820 1092 1880 Aesernini
1121 1822 1355 1900 nepotis
1387 1823 1474 1881 sui
1507 1839 1731 1899 casum,
1775 1823 1872 1900 qui
1904 1831 1961 1881 et
1991 1823 2121 1901 ipse
2156 1839 2289 1881 crus
2322 1821 2441 1880 fre-

423 1914 613 1984 gerat.

550 1988 643 2048 Ad
671 1990 937 2048 scenicas
963 2004 1199 2065 quoque
1224 1997 1282 2048 et
1299 1987 1679 2064 gladiatorias
1705 2006 1921 2068 operas
1938 1997 1998 2048 et
2017 1988 2307 2068 equitibus
2318 1989 2437 2049 Ro-

423 2073 605 2134 manis
637 2071 945 2151 aliquando
975 2089 1116 2130 usus
1146 2081 1255 2149 est,
1283 2089 1485 2133 verum
1517 2074 1678 2151 prius
1702 2091 1871 2152 quam
1902 2082 2137 2132 senatus
2171 2072 2437 2132 consulto
2458 2089 2515 2130 20

425 2157 888 2218 interdiceretur.
958 2155 1173 2216 Postea
1217 2156 1360 2214 nihil
1398 2175 1539 2216 sane
1584 2168 1992 2235 praeterquam
2034 2156 2439 2216 adulescentu-

425 2243 540 2302 lum
569 2240 631 2300 L.
668 2239 848 2300 Icium
878 2241 1125 2300 honeste
1155 2248 1347 2300 natum
1383 2241 1669 2319 exhibuit,
1714 2249 1929 2302 tantum
1969 2249 2030 2300 ut
2070 2240 2438 2322 ostenderet;

427 2324 585 2404 quod
623 2334 749 2385 erat
783 2323 1040 2403 bipedali
1081 2325 1300 2402 minor,
1355 2324 1629 2385 librarum
1687 2324 2105 2404 septemdecim
2158 2342 2227 2384 ac
2272 2324 2441 2382 vocis

425 2413 758 2470 immensae.
843 2407 1104 2484 Quodam
1145 2417 1334 2468 autem
1378 2409 1631 2468 muneris
1678 2408 1771 2469 die
1801 2406 2142 2468 Parthorum
2176 2405 2439 2485 obsideS,

425 2504 562 2554 tunc
595 2493 836 2571 primum
865 2493 1110 2567 missos,
1141 2508 1250 2569 per
1277 2491 1521 2552 mediam
1558 2511 1791 2553 arenam
1822 2493 1893 2552 ad
1914 2491 2325 2572 'spectaculum
2354 2493 2437 2550 in·
2460 2507 2515 2550 25

427 2578 586 2637 duxit
637 2593 934 2653 superque
986 2593 1050 2634 se
1102 2575 1384 2637 subsellio
1438 2577 1695 2636 secundo
1764 2576 2096 2636 collocavit.
2196 2574 2442 2635 Solebat

427 2663 598 2721 etiam
641 2659 784 2719 citra
825 2659 1293 2738 spectaculorum
1338 2659 1500 2737 dies,
1548 2662 1597 2720 si
1642 2659 1871 2739 quando
1916 2659 2052 2738 quid
2092 2660 2441 2719 invisitatum

429 2744 777 2823 dignumque
811 2744 1047 2820 cognitu
1092 2741 1396 2804 advectum
1440 2752 1631 2821 esset,
1676 2744 1733 2803 id
1778 2753 1941 2804 extra
1992 2744 2249 2804 ordinem
2296 2759 2439 2820 quo-

425 2828 571 2888 libet
602 2828 739 2888 loco
775 2828 1109 2906 publicare:
1151 2836 1211 2887 ut
1237 2828 1672 2889 rhinocerotem
1702 2828 1855 2907 apud
1885 2828 2098 2906 Septa,
2142 2827 2338 2904 tigrim
2382 2827 2439 2885 in

427 2930 672 2989 scaena,
705 2930 952 2990 anguem
989 2912 1401 2990 quinquaginta
1433 2911 1754 2972 cubitorum
1785 2929 1895 2990 pro
1934 2911 2187 2972 comitio.
2460 2931 2512 2982 sq

553 2994 784 3055 Accidit
811 2997 1024 3056 votivis
1051 2993 1441 3074 Circensibus,
1474 3003 1535 3056 ut
1561 3005 1868 3074 correptus
1894 2995 2203 3055 valitudine
2227 2993 2441 3054 lectica

430 3079 648 3140 cubans
679 3088 876 3140 tensas
913 3079 1256 3150 deduceret;
1303 3098 1505 3140 rursus
1537 3080 1945 3141 commissione
1977 3079 2275 3154 ludorum,
2315 3079 2439 3156 qui—

427 3164 535 3224 bus
566 3162 848 3224 theatrum
874 3163 1139 3225 Marcelli
1181 3163 1514 3242 dedicabat,
1558 3165 1755 3223 evenit
1795 3173 1855 3223 ut
1884 3163 2095 3224 laxatis
2124 3161 2308 3223 sellae
2343 3179 2440 3221 cu-

426 3248 570 3307 rulis
600 3248 981 3326 compagibus
1012 3248 1247 3309 caderet
1279 3249 1536 3327 supinus.
1605 3246 1898 3327 Nepotum
1931 3265 2167 3326 quoque
2206 3262 2442 3307 suorum

427 3348 664 3390 munere
707 3350 832 3390 cum
882 3341 1310 3392 consternatum
1354 3333 1552 3394 ruinae
1588 3341 1741 3392 metu
1778 3330 2057 3411 populum
2095 3330 2349 3390 retinere
2382 3337 2445 3391 et
2462 3353 2515 3395 35

431 3414 776 3474 confirmare
817 3415 975 3475 nullo
1025 3415 1198 3476 modo
1239 3424 1473 3496 posset,
1516 3416 1742 3476 transiit
1785 3435 1820 3476 e
1864 3416 2000 3476 loco
2046 3433 2151 3475 suo
2179 3422 2351 3491 atque
2384 3414 2443 3472 in

431 3517 501 3560 ea
532 3506 699 3578 parte
731 3499 1022 3578 consedit,
1061 3518 1210 3579 quae
1242 3511 1518 3580 suspecta
1546 3502 1790 3560 maxime
1819 3509 1962 3560 erat.
2010 3521 2014 3527 ·

343 3585 413 3641 44
521 3592 528 3596 ’
559 3581 875 3662 Spectandi
908 3585 1368 3645 confusissimum
1400 3603 1469 3646 ac
1502 3584 1910 3645 solutissimum
1938 3601 2159 3643 morem
2186 3581 2447 3640 correxit
