2700 4234
1008 329 1067 376 e.
1113 329 1485 381 CALIGULA.
2143 325 2255 386 121

263 481 546 558 gistanum
594 481 974 559 abstinuisse,
1016 485 1171 563 quod
1221 486 1372 564 apud
1418 486 1665 548 Parthos
1707 491 1883 549 iustiti
1928 493 2106 553 instar
2149 502 2257 553 est.

260 565 480 625 Romae
514 565 763 644 quidem,
812 583 938 625 cum
970 567 1039 627 ad
1069 569 1305 646 primam
1336 571 1542 630 famam
1575 571 1900 633 valitudinis
1930 577 2165 636 attonita
2202 584 2260 636 et
2288 583 2322 636 6

260 656 479 708 maesta
519 650 723 710 civitas
766 653 1059 728 sequentis
1088 653 1317 712 nuntios
1353 655 1746 732 opperiretur,
1783 665 1842 715 et
1869 666 2114 736 repente
2146 661 2256 719 iam

260 733 494 811 vesperi
516 734 753 793 incertis
775 734 1105 795 auctoribus
1131 736 1499 796 convaluisse
1523 737 1751 798 tandem
1767 740 2254 819 precrebruisset,

211 818 474 896 spassim
522 834 648 876 cum
696 816 997 877 luminibus
1036 827 1095 878 et
1138 821 1385 880 vIctimis
1427 821 1483 879 in
1525 818 1870 900 Capitolium
1913 841 2270 884 concursum·

255 910 344 960 est
376 919 449 960 ac
492 918 679 979 paene
727 901 999 962 revolsae
1044 903 1243 982 templi
1275 905 1470 981 foreS,
1514 923 1588 964 ne
1615 904 1750 984 quid
1781 907 2086 984 gestientis
2118 917 2257 970 vota

250 984 502 1044 reddere
546 993 901 1062 moraretur,
948 988 1406 1065 expergefactus
1436 1006 1470 1047 e
1514 1005 1716 1048 somno
1761 988 2027 1050 Tiberius
2061 1001 2254 1069 gratu·

250 1067 491 1128 lantium
522 1067 767 1128 vocibus
798 1077 968 1148 atque
1000 1069 1250 1149 undique
1285 1073 1736 1133 concinentium:

404 1151 607 1212 Salva
633 1151 857 1230 Roma,
888 1154 1074 1214 s'alva
1104 1155 1345 1232 patria,
1379 1156 1594 1216 salvus
1625 1162 1718 1216 est
1739 1155 2159 1218 Germanicus.

176 1255 226 1298 ιο
248 1235 329 1296 Et
358 1245 425 1296 ut
468 1236 687 1295 demum
734 1236 852 1296 fato
898 1238 1152 1297 functum
1192 1238 1380 1318 palam
1427 1239 1638 1299 factum
1691 1248 1810 1316 est,
1861 1257 1976 1299 non
2030 1241 2251 1302 solatiis

244 1320 421 1396 ullis,
465 1336 579 1380 non
610 1319 813 1380 edictis
845 1320 1090 1381 inhiberi
1132 1322 1320 1382 luctus
1353 1322 1618 1402 publicus
1651 1323 1868 1402 potuit,
1916 1324 2250 1404 duravitque

246 1405 427 1465 etiam
461 1421 568 1483 per
595 1404 779 1464 festos
810 1403 1153 1465 Decembris
1191 1407 1406 1466 mensis
1443 1405 1586 1465 dies.
1673 1406 1850 1466 Auxit
1877 1407 2128 1485 gloriam
2151 1408 2248 1468 de·

242 1489 641 1566 sideriumque
691 1488 944 1548 defuncti
989 1498 1047 1548 et
1102 1491 1382 1550 atrocitas
1432 1491 1846 1568 insequentium
1907 1499 2248 1570 temporum,

244 1573 475 1633 cunctis
523 1589 635 1630 nec
677 1580 897 1632 temere
940 1573 1306 1654 opinantibus
1348 1575 1678 1633 reverentia
1708 1574 1832 1633 eius
1864 1592 1934 1633 ac
1970 1585 2122 1634 metu
2156 1595 2246 1635 re·

172 1675 221 1715 15
242 1673 513 1736 pressam
559 1654 754 1716 Tiberi
798 1657 1135 1732 saevitiam,
1196 1674 1343 1735 quae
1385 1674 1523 1717 mox
1567 1658 1842 1735 eruperit.
1929 1657 2138 1718 Habuit
2191 1660 2249 1718 in
2275 1665 2308 1720 7

237 1740 610 1800 matrimonio
643 1738 1048 1819 Agrippinam,
1078 1739 1153 1800 Μ.
1190 1740 1497 1820 Agrippae
1527 1749 1584 1800 et
1610 1739 1790 1800 Iuliae
1821 1741 2028 1817 filiam,
2070 1751 2128 1800 et
2172 1759 2247 1801 ex

238 1843 311 1885 ea
344 1841 563 1884 novem
605 1823 827 1883 liberos
870 1823 1025 1884 tulit:
1088 1841 1327 1901 quorum
1368 1823 1482 1884 duo
1534 1823 1785 1885 infantes
1835 1823 2021 1884 adhuc
2073 1828 2244 1904 rapti,

235 1926 391 1968 unus
423 1909 535 1967 iam
565 1925 921 1987 puerascens
955 1908 1165 1984 insigni
1195 1907 1530 1983 festivitate,
1567 1909 1726 1967 cuius
1763 1909 2017 1985 effigiem
2049 1908 2246 1969 habitu

238 1991 550 2070 Cupidinis
579 1991 634 2049 in
658 1990 801 2051 aede
836 1988 1198 2071 Capitolinae
1230 1993 1480 2052 Veneris
1509 1990 1668 2050 Livia
1703 1990 2011 2070 dedicavit,
2046 1991 2243 2070 Augu-

165 2095 215 2134 20
240 2085 371 2136 stus
395 2077 457 2134 in
490 2074 756 2135 cubiculo
790 2092 895 2136 suo
928 2078 1197 2155 positam,
1240 2077 1623 2154 quotiensque
1653 2075 1949 2153 introiret,
1997 2093 2244 2136 exoscu-

234 2160 501 2228 labatur;
536 2160 721 2218 ceteri
757 2160 1105 2238 superstites
1133 2161 1281 2239 patri
1314 2159 1563 2234 fuerunt,
1603 2167 1724 2218 tres
1756 2177 1932 2218 sexus
1965 2159 2243 2236 feminini,

234 2244 571 2322 Agrippina
595 2241 849 2303 Drusilla
887 2242 1115 2319 Livilla,
1164 2243 1437 2302 continuo
1479 2242 1726 2302 triennio
1762 2250 1960 2311 natae;
2007 2241 2246 2302 totidem

232 2345 455 2404 mares,
502 2325 665 2386 Nero
710 2335 768 2386 et
804 2327 1026 2386 Drusus
1062 2335 1119 2386 et
1154 2324 1222 2388 G.
1260 2324 1500 2388 Caesar.
1560 2324 1855 2385 Neronem
1896 2334 1955 2384 et
1999 2325 2246 2385 Drusum

234 2420 479 2472 senatus
512 2410 747 2471 Tiberio
786 2412 1116 2472 criminante
1140 2410 1341 2471 hostes
1373 2407 1659 2470 iudicavit.

163 2510 214 2549 25
370 2493 441 2554 C.
466 2492 688 2555 Caesar
714 2503 879 2555 natus
913 2504 1002 2554 est
1025 2493 1209 2572 pridie
1241 2493 1333 2554 Kl.
1365 2494 1528 2572 Sept.
1562 2501 1726 2572 patre
1759 2510 1866 2552 suo
1898 2501 1956 2552 et
1995 2491 2060 2554 G.
2091 2491 2242 2553 Fon·
2273 2501 2308 2557 8

233 2579 356 2638 teio
404 2576 697 2658 Capitone·
732 2595 887 2638 coss.
954 2579 1070 2640 Ubi
1114 2587 1277 2640 natus
1324 2579 1426 2654 sit,
1473 2579 1754 2637 incertum
1791 2576 2098 2637 diversitas
2129 2585 2240 2637 tra-

232 2662 495 2723 dentium
529 2665 687 2724 facit.
748 2659 869 2722 CN.
904 2662 1177 2722 Lentulus
1219 2660 1550 2723 Gaetulicus
1580 2660 1775 2721 Tiburi
1807 2663 2064 2738 genitum
2099 2661 2240 2720 scri-

232 2746 343 2823 bit,
388 2747 609 2818 Plinius
652 2746 954 2808 Secundus
995 2748 1053 2806 in
1092 2745 1404 2823 TreveriS,
1470 2746 1603 2806 vico
1653 2743 2016 2804 Ambitarvio
2067 2763 2241 2823 supra

236 2826 651 2900 Confluente83
686 2830 841 2892 addit
874 2831 1043 2890 etiam
1075 2835 1185 2909 p'ro
1220 2838 1584 2908 argumento,
1618 2846 1750 2888 aras
1780 2827 1861 2887 ibi
1899 2826 2126 2888 ostendi
2159 2828 2240 2886 in-

160 2915 531 2992 aoscriptas:
564 2914 651 2975 ob
693 2913 1167 2993 Agrippinae
1221 2915 1716 2993 puerperium.
1805 2911 2100 2971 Versiculi
2140 2912 2240 2970 im·

228 3007 485 3077 perante
516 3015 654 3058 mox
684 3016 757 3058 eo
793 2997 1070 3075 divulgati
1096 2996 1247 3076 apud
1279 2996 1554 3057 hibernas
1575 2995 1848 3073 legiones
1872 3003 2241 3075 procreatum

228 3081 525 3143 indicant:
1438 3089 1442 3093 ’
1819 3089 1824 3094 “

494 3169 568 3227 In
598 3173 800 3226 castris
840 3175 1023 3236 natue,
1043 3171 1251 3240 patriis
1278 3172 1520 3224 nutritus
1559 3170 1618 3224 iu
1657 3171 1848 3238 amia,

446 3294 453 3300 -
658 3253 784 3310 Iam
826 3255 1097 3324 designati
1119 3254 1400 3324 principis
1439 3267 1598 3308 omen
1631 3257 1772 3308 erat.

158 3335 367 3412 asEgo
413 3337 477 3394 in
520 3335 667 3394 actis
702 3333 840 3393 Anti
883 3332 1096 3392 editum
1129 3333 1385 3392 invenio.
1475 3329 1832 3392 Gaetulicum
1871 3328 2090 3390 refellit
2125 3328 2235 3388 Pli-

227 3420 362 3479 nius
408 3418 579 3498 quasi
623 3418 915 3477 mentitum
956 3434 1066 3496 per
1106 3414 1524 3491 adulationem,
1565 3423 1626 3474 ut
1669 3413 1740 3475 ad
1783 3413 1981 3474 laudes
2014 3413 2237 3472 iuvenis

225 3502 609 3579 gloriosique
640 3501 919 3580 principis
949 3499 1162 3579 aliquid
1197 3501 1368 3559 etiam
1401 3515 1477 3557 ex
1505 3497 1648 3557 urbe
1677 3496 1916 3558 Herculi
1945 3514 2112 3557 sacra
2143 3513 2235 3555 su-

223 3594 440 3663 meret,
478 3581 832 3662 abusumque
856 3582 1153 3644 audentius
1185 3581 1508 3659 mendacio,
1543 3580 1696 3660 quod
1730 3589 1861 3641 ante
1883 3597 2086 3640 annum
2109 3577 2235 3636 fere
