2700 4234
458 225 578 314 154
666 263 727 312 ο.
762 262 1063 312 sus-‘rom
1097 263 1354 323 TRANQ.
1391 263 1485 308 DE
1517 263 1681 309 vrrA
1713 261 2083 344 CAESABUM
2113 265 2252 313 ΜΒ.
2287 267 2351 314 v.

453 419 655 480 aedem
686 417 1041 478 adoreretur.
1133 414 1626 495 conspiraverunt
1656 424 1843 476 autem
1874 416 1946 476 ad
1975 435 2073 477 res
2104 435 2289 478 novas
2319 418 2452 481 Gal-

452 503 542 563 lus
573 502 807 562 Asinius
843 510 903 560 et
930 501 1185 561 Statilius
1218 499 1538 577 Corvinus,
1578 500 1855 561 Pollionis
1897 518 1968 560 ac
1996 501 2284 562 Messalae
2322 520 2450 564 ora·
2556 575 2565 583 ,

450 595 638 646 torum
679 595 979 664 nepotess
1006 587 1311 663 assumptis
1359 583 1751 663 compluribus
1791 583 2015 644 libertis
2055 586 2236 663 ipsius
2278 595 2450 665 atque

452 672 658 730 servis.
742 667 963 728 Bellum
1008 669 1181 729 civile
1224 665 1406 727 movit
1447 667 1649 728 Furius
1695 665 1969 727 Camillus
2015 668 2448 746 Scribonianus,

448 753 767 814 Delmatiae
798 752 1055 830 legatum
1087 769 1285 811 verum
1317 753 1463 812 intra
1496 753 1749 830 quintum
1783 750 1932 811 diem
1977 769 2301 832 oppressus
2337 762 2450 829 est,
2475 769 2502 810 s

450 834 813 914 legionibus,
854 853 1003 914 quae
1044 843 1462 895 sacramentum
1508 843 1894 911 mutaverant,
1940 836 1998 894 in
2044 837 2450 914 paenitentiam

449 921 737 998 religione
771 920 1105 996 conversis,
1135 927 1459 998 postquam,
1501 919 1830 979 denuntiato
1855 919 1928 979 ad
1961 937 2173 979 novum
2201 921 2447 999 impera-

448 1014 635 1064 torem
670 1004 897 1079 itinere,
934 1020 1070 1063 casu
1101 1001 1347 1081 quodam
1379 1021 1448 1062 ac
1477 1003 1744 1063 divinitus
1773 1019 1964 1081 neque
1996 1004 2223 1082 aquilae
2254 1004 2450 1062 ornari

448 1105 637 1168 neque
670 1088 835 1164 signa
866 1085 1117 1146 convelli
1148 1087 1486 1165 moverique
1518 1094 1845 1164 potuerunt.

369 1179 435 1235 14
572 1169 917 1231 Consulatus
941 1187 1117 1249 super
1140 1170 1436 1248 pristinum
1467 1179 1734 1248 quattuor
1758 1171 1970 1246 gessit;
2002 1188 2076 1229 ex
2101 1169 2308 1248 quibus
2331 1170 2444 1231 duo
2471 1185 2518 1226 lo

445 1255 665 1335 primos
693 1255 954 1331 iunctim,
1010 1255 1309 1332 sequentis
1350 1271 1458 1332 per
1489 1252 1878 1330 intervallum,
1923 1263 2126 1331 quarto
2159 1271 2444 1332 quemque

445 1355 628 1414 anno,
678 1345 1055 1396 semenstrem
1090 1337 1495 1413 novissimum,
1545 1336 1876 1396 bimenstris
1911 1345 2170 1413 ceteros,
2217 1340 2444 1396 tertium

440 1430 659 1497 autem,
713 1436 867 1502 novo
916 1421 1071 1480 circa
1117 1421 1442 1499 principem
1483 1421 1788 1500 exemplu,
1847 1423 1904 1480 in
1944 1420 2134 1480 locum
2164 1421 2445 1481 demortui

442 1505 738 1566 suffectus.
777 1503 873 1563 Ius
906 1513 965 1563 et
987 1503 1189 1563 consul
1221 1513 1281 1563 et
1305 1513 1468 1564 extra
1490 1503 1771 1565 honorem
1794 1503 2248 1564 laboriosissime
2281 1503 2443 1580 dixit,

442 1591 613 1650 etiam
643 1591 761 1648 suis
792 1605 1139 1666 suorumque
1174 1587 1376 1648 diebus
1403 1588 1805 1664 sollemnibuS,
1836 1605 2256 1666 nonnumquam
2275 1587 2444 1648 festis
2470 1610 2518 1652 15

443 1690 675 1752 quoque
705 1673 1013 1752 antiquitus
1037 1679 1093 1731 et
1116 1671 1585 1748 religiosis.,Nec
1610 1689 1843 1750 semper
1865 1674 2225 1752 praescripta
2248 1671 2448 1748 legum

442 1765 709 1831 secutus,
770 1754 1029 1815 duritiam
1068 1754 1439 1815 lenitatemve
1477 1755 1775 1815 multarum
1821 1773 1897 1814 ex
1935 1754 2088 1814 bono
2131 1765 2191 1815 et
2229 1773 2443 1833 aequ0,

442 1839 685 1918 perinde
724 1847 786 1897 ut
828 1837 1205 1914 adficeretur,
1250 1837 1583 1898 moderatus
1612 1847 1730 1908 est;
1775 1855 1902 1898 nam
1933 1847 1991 1898 et
2017 1839 2118 1916 iis,
2166 1840 2260 1918 qui
2292 1837 2447 1916 apud

441 1922 702 2002 privatos
736 1919 957 1980 iudices
994 1921 1122 1999 plus
1162 1921 1416 2000 petendo
1459 1921 1704 1982 formula
1755 1921 2140 1999 excidissent,
2193 1923 2446 1981 restituit

440 2006 732 2080 actiones,
777 2012 835 2064 et
872 2007 930 2063 in
960 2005 1178 2064 maiore
1212 2004 1412 2065 fraude
1462 2006 1792 2080 convictos,
1835 2003 2144 2080 legitimam
2190 2023 2444 2083 poenam
2463 2027 2515 2068 20

356 2097 421 2151 15
438 2105 861 2168 supergressus
893 2087 963 2148 ad
993 2086 1210 2146 bestias
1244 2087 1660 2148 condemnavit.
1702 2087 1766 2146 In
1799 2087 2214 2165 cognoscendo
2251 2098 2444 2148 autem

436 2192 506 2235 ac
541 2171 913 2233 decernendo
940 2173 1081 2231 mira
1112 2172 1390 2232 varietate
1415 2171 1580 2232 animi
1613 2172 1746 2248 fuit,
1786 2170 1956 2232 modo
1983 2172 2442 2250 circumspectus

438 2265 497 2318 et
535 2273 754 2332 sagax,
800 2255 1079 2316 interdum
1120 2255 1478 2315 inconsultus
1528 2273 1596 2316 ac
1643 2273 1964 2334 praesepe,
2016 2272 2442 2334 nonnumquam

435 2339 679 2401 frivolus
716 2341 1038 2418 amentique
1068 2339 1287 2398 similis.
1346 2338 1488 2399 Cum
1521 2338 1787 2398 decurias
1816 2357 2008 2398 rerum
2057 2347 2189 2398 actu
2219 2357 2440 2418 expun-

434 2432 635 2502 geret,
674 2441 829 2498 eum,
860 2425 955 2502 qui
996 2422 1344 2483 dissimulata
1374 2424 1677 2483 vacatione
1709 2429 1876 2503 qnam
1909 2421 2196 2482 beneficio
2219 2421 2436 2482 libero·
2459 2431 2512 2472 ²⁵

432 2524 557 2566 rum
585 2504 839 2566 habebat
864 2505 1277 2584 responderat,
1310 2516 1370 2566 ut
1394 2507 1658 2585 cupidum
1683 2506 1968 2567 iudicandi
1997 2506 2234 2576 dimisit;
2269 2506 2440 2566 alium

431 2587 857 2668 interpellatum
910 2588 983 2649 ab
1024 2589 1371 2650 adversariis
1421 2590 1491 2650 de
1533 2592 1770 2671 propria
1811 2591 1943 2669 lite,
2012 2599 2438 2669 negantemque

435 2674 787 2751 cognitionis
818 2690 970 2750 rem,
1021 2672 1123 2734 sed
1157 2673 1410 2734 ordinari
1449 2676 1588 2734 iuris
1620 2693 1781 2752 esse,
1829 2693 2010 2752 agere
2041 2693 2268 2736 causam
2299 2692 2438 2735 con-

431 2757 623 2818 festim
659 2756 811 2836 apud
842 2775 906 2816 se
954 2759 1177 2835 coegit,
1218 2759 1484 2837 proprio
1523 2759 1765 2839 negotio
1806 2758 2226 2820 documentum
2255 2758 2436 2818 datu-

430 2859 598 2917 rum,
633 2858 820 2920 quam
856 2858 1089 2922 aequus
1117 2837 1311 2902 tudem
1338 2843 1404 2902 in
1443 2843 1646 2904 alieno
1682 2843 1924 2924 neqotio
1963 2841 2213 2920 futurus
2251 2847 2432 2902 esset.
2459 2867 2508 2909 30

429 2923 722 2985 Feminam
750 2942 869 2985 non
894 2935 1309 3003 agnoscentem
1339 2927 1516 2987 lilium
1548 2945 1738 3004 suum,
1767 2926 1935 2987 dubia
1955 2927 2238 3004 utrimque
2267 2944 2438 3002 argu-

429 3018 748 3068 mentorum
779 3009 926 3086 fide,
961 3009 1032 3070 ad
1065 3010 1494 3071 confessionem
1522 3011 1796 3091 compulit
1827 3009 2044 3070 indicto
2077 3011 2436 3070 matrimonio

428 3092 672 3151 iuvenis.
752 3091 1110 3153 Absentibus
1162 3091 1474 3154 secundum
1524 3103 1864 3174 praesentes
1920 3093 2194 3154 facillime
2241 3093 2436 3170 dabat,

428 3175 587 3235 nullo
622 3173 889 3254 delectu,
938 3177 1184 3256 culpane
1215 3179 1342 3256 quis
1378 3197 1447 3238 an
1493 3179 1680 3258 aliqua
1716 3180 2073 3238 necessitate
2118 3185 2436 3237 cessasset.
2689 3171 2692 3236 ἰ

429 3256 831 3318 Proclamante
855 3260 1125 3340 quodam,
1153 3259 1572 3339 praecidendas
1591 3260 1827 3322 falsario
1847 3279 2077 3338 manus,
2105 3262 2435 3321 carnificem
2455 3278 2503 3321 35
2690 3245 2692 3338 l

430 3344 617 3400 statim
671 3343 849 3401 acciri
908 3361 1035 3404 cum
1078 3343 1384 3405 machaera
1443 3363 1757 3424 mensaque
1821 3345 2073 3405 lanionia
2134 3345 2434 3422 flagitavit.
2690 3346 2692 3365 '

437 3419 873 3500 Peregrinitatis
914 3444 1103 3504 reum,
1165 3436 1290 3488 orta
1327 3429 1479 3488 inter
1519 3430 1840 3490 advocatos
1882 3429 1997 3489 levi
2045 3431 2434 3506 contentione,

426 3511 759 3581 totagumne
784 3526 855 3568 an
877 3509 1186 3588 palleatum
1216 3510 1414 3571 dicere
1441 3531 1670 3574 causam
1697 3519 2024 3594 oporteret,
2050 3514 2212 3590 quasi
2239 3512 2435 3591 aequi·
