2700 4234
987 301 993 306 ·
1062 291 1412 342 nummus.
2095 290 2216 352 113

204 444 507 525 nepotibus
554 462 831 522 parsurus
867 444 1155 522 creditur,
1188 464 1317 506 cum
1350 456 1410 508 et
1445 449 1644 510 Gaium
1677 461 2014 531 suspectum
2038 453 2215 516 habe-

203 539 317 606 ret,
365 537 426 588 et
469 527 763 588 Tiberium
814 537 875 589 ut
927 547 1005 589 ex
1052 528 1338 591 adulterio
1399 543 1750 614 conceptum
1783 548 2212 615 aspernaretur.

200 613 319 673 Nec
358 611 639 672 abhorret
682 631 715 674 a
754 631 931 683 vero;
984 631 1230 692 namque
1268 615 1582 678 identidem
1618 617 1861 697 felicem
1900 619 2216 684 Priamum

198 697 479 774 vocabat,
517 696 687 776 quod
715 697 1043 776 superstes
1065 699 1331 759 omnium
1361 718 1618 762 suorum
1653 703 1976 764 emitis-eet.

154 797 177 835 ε
312 783 499 856 Quam
535 783 687 842 inter
726 782 875 842 baec
917 798 1033 841 nou
1070 782 1245 843 modo
1296 786 1518 844 invisus
1567 805 1637 847 ac
1669 787 2066 868 detestabilis,
2111 791 2304 858 sed63

192 864 595 946 praetrepidus
618 883 851 945 quoque
876 874 1049 946 atque
1074 867 1247 927 etiam
1270 869 1637 931 contumeliis
1665 870 1954 932 obnoxius
1977 875 2211 952 vixerit,

190 951 361 1011 multa
404 947 618 1010 indicia
647 959 795 1009 sunt.
861 949 1223 1028 Haruspices
1252 961 1489 1014 secreto
1526 972 1596 1014 ac
1628 958 1755 1014 sine
1785 956 2032 1017 testibus
2073 975 2210 1018 con·

188 1035 296 1094 suli
339 1035 545 1094 vetuit.
602 1033 812 1094 Vicina
840 1051 986 1094 vero
1016 1033 1144 1092 urbi
1176 1036 1416 1097 oracula
1448 1040 1618 1099 etiam
1647 1039 1932 1101 dissicere
1969 1051 2213 1102 conatus

188 1129 307 1196 est,
352 1117 460 1178 sed
498 1119 800 1178 maiestate
839 1117 1345 1198 Praenestinarum
1395 1123 1637 1182 sortium
1682 1125 1916 1183 territus
1970 1125 2211 1202 destitit,

125 1221 171 1260 ιο
190 1220 319 1265 cum
357 1201 697 1279 obsignatas
742 1201 1144 1281 devectasque
1168 1203 1411 1264 Romam
1446 1222 1562 1264 non
1591 1209 1958 1286 repperisset
1984 1211 2042 1267 in
2075 1228 2216 1271 arca

184 1288 299 1348 nisi
340 1286 527 1347 relata
568 1304 767 1346 rursus
810 1285 881 1345 ad
910 1286 1206 1366 templum.
1268 1287 1458 1364 Unum
1487 1299 1544 1350 et
1573 1291 1814 1351 alterum
1845 1293 2210 1368 consulares,

186 1370 405 1432 oblatis
436 1371 753 1449 provinciis
782 1387 900 1430 non
928 1375 1102 1430 ausus
1130 1389 1163 1430 a
1192 1389 1259 1430 se
1288 1370 1597 1451 dimittere,
1629 1393 1813 1455 usque
1843 1392 1917 1435 eo
1949 1375 2210 1454 detinuit,

184 1455 382 1516 donec
432 1471 818 1515 successores
869 1464 1007 1534 post
1060 1455 1283 1534 aliquot
1338 1474 1524 1516 annos
1564 1460 1972 1536 praesentibus
2012 1460 2209 1530 daret;

185 1559 313 1600 cum
366 1539 599 1599 interim
641 1547 913 1599 manente
964 1539 1145 1600 officii
1186 1540 1354 1601 titulo
1401 1541 1576 1602 etiam
1617 1542 1924 1620 delegaret
1965 1544 2212 1624 plurima

118 1645 162 1686 15
180 1623 449 1701 assidue,
498 1641 647 1702 quae
692 1622 778 1683 illi
825 1641 933 1702 per
972 1623 1206 1700 legatos
1249 1632 1309 1683 et
1353 1624 1646 1685 adiutores
1687 1643 1824 1686 suos
1866 1628 2211 1706 exequenda

182 1716 486 1794 curarent..
530 1706 747 1767 Nurum
787 1724 857 1769 ac
892 1716 1143 1786 nepotes
1181 1726 1488 1788 numquam
1529 1709 1697 1770 aliter
1727 1718 1866 1788 post
1894 1710 2298 1783 damnatio-64

178 1811 311 1853 nem
342 1810 515 1872 quam
546 1800 847 1852 catenatos
876 1789 1203 1870 obsutaque
1232 1792 1444 1853 lectica
1476 1793 1614 1853 loco
1641 1795 1851 1871 movit,
1898 1794 2207 1874 prohibitis

176 1896 287 1956 per
333 1876 577 1936 militem
622 1875 813 1936 obviis
862 1893 933 1936 ac
975 1874 1293 1936 viatoribus
1332 1879 1637 1957 respicere
1669 1895 1911 1957 usquam
1938 1879 2035 1938 vel
2071 1897 2209 1940 con·

177 1964 421 2022 sistere.
1008 1985 1015 1990 ·

109 2067 159 2105 20
306 2045 583 2105 Seianum
623 2063 722 2104 res
766 2062 951 2106 novas
994 2045 1365 2122 molientem,
1411 2047 1669 2125 quamvis
1704 2047 1816 2106 iam
1859 2055 1917 2107 et
1959 2046 2294 2118 natalem65

178 2131 305 2190 eius
336 2128 579 2210 publice
614 2129 905 2191 celebrari
937 2138 995 2188 et
1023 2130 1309 2206 imagines
1340 2147 1550 2190 aureas
1577 2130 1693 2190 ooli
1719 2132 1937 2209 passim
1960 2129 2206 2208 videret,

137 2215 275 2309 μὴ
310 2214 547 2275 tandem
584 2221 643 2272 et
672 2222 799 2274 astu
827 2215 1014 2291 magis
1042 2231 1112 2274 ac
1145 2212 1282 2272 dolo
1315 2231 1484 2292 quam
1512 2214 1820 2293 principali
1861 2215 2207 2275 auctoritate

176 2299 490 2359 subvertit.
551 2296 699 2357 Nam
729 2299 917 2376 primo
936 2343 954 2375 ,
1002 2305 1063 2357 ut
1106 2315 1139 2357 a
1166 2315 1232 2356 se
1260 2314 1370 2375 per
1399 2299 1662 2376 speciem
1689 2297 1931 2357 honoris
1967 2296 2207 2358 dimitte·

175 2392 301 2461 ret,
338 2383 641 2459 collegam
670 2381 780 2441 sihi
804 2381 1123 2480 adsumpsit
1149 2383 1207 2440 in
1238 2382 1436 2460 quinto
1461 2380 1796 2457 consulatu,
1834 2398 2003 2460 quem
2025 2381 2207 2460 longo'

107 2475 156 2514 2⁵
177 2467 499 2528 intervallo
534 2465 749 2526 absens
780 2466 855 2526 ob
884 2465 940 2526 id
974 2466 1162 2544 ipsum
1194 2474 1560 2544 susceperat.
1622 2464 1845 2525 Deinde
1877 2483 1984 2544 spe
2024 2464 2208 2542 affini-

176 2553 315 2612 tatis
356 2570 428 2614 ac
458 2549 803 2612 tribuniciae
832 2552 1141 2630 potestatis
1175 2549 1485 2627 deceptum
1514 2551 1908 2629 inopinantem
1947 2549 2206 2623 crimina·

172 2644 267 2695 tus
300 2645 395 2696 est
428 2633 699 2715 pudenda
726 2633 1171 2712 miserandaque
1202 2636 1497 2710 oratione,
1534 2652 1661 2693 cum
1691 2625 1978 2694 inter‘alia
2009 2642 2206 2713 patres

178 2721 559 2799 conscriptos
601 2728 979 2799 precaretur,
1028 2720 1322 2778 mitterent
1357 2717 1601 2780 alterum
1634 2735 1667 2778 e
1699 2717 2067 2793 consulibus,
2111 2719 2206 2795 qui

174 2822 245 2863 se
287 2821 493 2863 senem
536 2812 594 2862 et
637 2803 824 2863 solum
854 2805 910 2862 in
942 2810 1320 2882 conspectum
1355 2819 1558 2861 eorum
1588 2818 1714 2861 cum
1747 2801 1942 2880 aliquo
1975 2799 2209 2860 militari

104 2913 156 2954 30
182 2887 487 2964 praesidio
514 2887 887 2966 perduceret.
945 2888 1045 2946 Sic
1076 2903 1311 2964 quoque
1350 2885 1618 2945 diflidens
1650 2885 2060 2963 tumultumque
2087 2902 2204 2942 me-

177 2980 388 3048 tuens,
431 2970 677 3032 Drusum
716 2979 1023 3051 nepotem,
1070 2987 1241 3048 quem
1282 2969 1532 3030 vinculis
1571 2969 1759 3029 adhuc
1796 2968 2017 3029 Romae
2067 2984 2206 3028 con·

173 3056 432 3132 tinebat,
465 3056 633 3134 solvi,
667 3057 715 3115 si
750 3073 849 3116 res
879 3063 1189 3134 posceret,
1232 3053 1554 3132 ducemque
1588 3053 1856 3112 constitui
1883 3068 2205 3130 praecepe-

174 3148 286 3200 rat.
352 3138 593 3219 Aptatis
633 3140 804 3200 etiam
842 3138 1083 3218 navibus
1128 3137 1198 3198 ad
1244 3155 1635 3217 quascumque
1668 3136 1938 3213 legiones
1969 3133 2206 3195 medita-

172 3223 349 3284 batur
390 3224 589 3301 fugam
611 3270 628 3300 ,
672 3221 1145 3302 speculabundus
1190 3240 1267 3281 ex
1300 3221 1580 3282 altissima
1611 3238 1755 3300 rupe
1790 3217 2103 3279 identidem
2131 3219 2206 3278 si·

104 3325 160 3367 35
181 3325 334 3383 gna,
384 3325 564 3386 quae,
609 3327 684 3368 ne
728 3307 908 3367 nuntii
955 3312 1344 3382 morarentur,
1403 3304 1530 3365 tolli
1565 3303 1806 3385 procul,
1851 3312 1910 3362 ut
1953 3303 2206 3383 quidque

175 3389 405 3452 factum
450 3391 639 3468 foret,
674 3391 1067 3451 mandaverat.
1144 3391 1362 3449 Verum
1393 3396 1452 3449 et
1487 3406 1773 3468 oppressa
1808 3389 2205 3448 coniuratione

177 3474 401 3536 Seiani·
426 3474 605 3536 nihilo
654 3475 921 3535 securior
960 3483 1055 3534 aut
1097 3474 1490 3550 constantior,
1535 3490 1644 3551 per
1666 3489 1878 3533 novem
1909 3475 2208 3550 proximos

175 3575 425 3619 menses
466 3575 582 3620 non
620 3575 901 3639 egressus
930 3556 1224 3634 esav-illa,
1257 3575 1405 3635 quae
1435 3564 1679 3618 vocatur
1707 3555 1898 3700 Iovisg

270 3663 593 3703 sumemus.
