2700 4234
944 305 1157 355 mvus
1196 307 1422 356 ‘lu-rus.
2065 298 2192 360 237

228 465 515 526 statuarum
544 470 603 521 et
631 460 937 537 imaginum
968 462 1093 522 eius
1120 461 1478 523 multitudine
1508 481 1580 524 ac
1613 464 1789 524 titulis
1833 481 1940 542 per
1982 472 2190 524 utram-

230 565 327 628 que
352 546 727 626 provinciam.

334 631 471 692 Post
500 627 787 709 stipendia
814 627 949 688 foro
980 645 1221 708 operam
1251 629 1428 707 dedit,
1457 629 1760 692 honestam
1801 632 1986 708 magis
2018 650 2189 710 >quam

222 715 520 792 assiduam,
566 711 889 791 eodemque
927 721 1193 792 tempore
1251 715 1595 776 Arrecinam
1629 714 1976 790 Tertullam,
2024 725 2189 794 patre

180 807 304 878 ⁵eq.
341 798 411 858 R.
459 797 565 857 sed
606 796 913 876 praefecto
958 796 1245 875 quondam
1300 799 1793 876 praetorianarum
1846 798 2188 876 cohortium,

220 882 365 942 duxit
392 897 635 941 uxorem
656 880 795 940 etin
818 878 1127 942 defunctae
1149 881 1346 941 locum·
1366 881 1638 942 Marciam
1659 881 1972 942 Furnillam
1995 883 2190 962 splen-

219 965 319 1026 didi
346 967 609 1044 generis;
642 981 770 1024 cum
804 981 937 1043 qua,
968 964 1191 1024 sublata
1222 965 1358 1041 filia,
1391 964 1696 1026 divortium
1725 966 1885 1026 fecit.

334 1049 423 1110 Ex
466 1057 815 1128 quaesturae
846 1047 1054 1109 deinde
1084 1047 1310 1109 honore
1340 1049 1562 1126 legioni
1595 1052 2001 1130 praepositus,
2033 1051 2190 1112 Tari-

217 1137 383 1198 cheas
412 1143 470 1194 et
500 1133 789 1195 Gamalam
820 1131 995 1194 urbes
1026 1131 1278 1194 Iudaeae
1312 1130 1694 1194 validissimas
1734 1135 1792 1193 in
1843 1143 2192 1214 potestatem

148 1235 201 1278 ιο
217 1219 471 1298 redegit,
508 1234 660 1297 equo
706 1215 949 1296 quadam
990 1217 1120 1278 acie
1156 1217 1262 1277 sub
1296 1216 1602 1276 feminibus
1633 1221 1848 1278 amisso
1887 1219 2191 1298 alteroque

214 1307 499 1380 inscenso,
536 1303 696 1362 cuius
729 1309 928 1361 rector
963 1303 1121 1361 circa
1154 1319 1219 1360 se
1254 1299 1532 1362 dimicans
1565 1301 1940 1362 occubuerat.

328 1386 507 1448 Galba
536 1403 674 1444 mox
702 1393 939 1445 tenente
969 1403 1093 1444 rem
1128 1403 1186 1463 p.
1219 1386 1430 1444 missus
1461 1383 1533 1445 ad
1574 1384 1999 1464 gratulandum,
2053 1405 2190 1466 qua·
2220 1395 2254 1447 5

214 1491 319 1553 qua
354 1473 466 1530 iret
509 1468 797 1529 convertit
836 1469 1101 1530 homines
1120 1513 1135 1544 ,
1186 1469 1350 1548 quasi
1397 1468 1723 1548 adoptionis
1770 1471 1955 1548 gratia
1997 1487 2192 1531 arces·

214 1564 449 1616 seretur.
548 1551 666 1613 Sed
723 1551 822 1612 ubi
863 1552 1079 1613 turbari
1125 1571 1327 1612 rursus
1375 1561 1582 1634 cuncta
1637 1556 1851 1632 sensit,
1914 1552 2066 1614 redit
2119 1572 2198 1614 ex

144 1653 195 1694 15
214 1639 449 1714 itinere,
481 1635 755 1715 aditoque
784 1636 1041 1716 Paphiae
1074 1638 1325 1697 Veneris
1357 1635 1626 1714 oraculo,
1673 1635 1804 1696 dum
1841 1636 1914 1697 de
1956 1639 2194 1714 naviga-

212 1724 363 1783 tione
394 1721 678 1796 consulit,
712 1721 881 1780 etiam
912 1719 985 1780 de
1016 1721 1244 1801 imperii
1277 1739 1386 1800 spe
1428 1721 1796 1782 confirmatus
1840 1729 1949 1781 est.
2019 1719 2194 1782 Cuius

209 1806 373 1865 brevi
408 1819 683 1883 compos,
724 1811 783 1862 et
814 1802 884 1864 ad
917 1803 1364 1882 perdomandam
1389 1805 1658 1866 Iudaeam
1685 1804 1957 1882 relictus,
2001 1805 2193 1865 novis·

209 1891 352 1949 sima
374 1887 911 1962 Hierosolymorum
932 1890 1370 1966 oppugnatione
1393 1887 1700 1948 duodecim
1724 1898 2194 1968 propugnatores

210 1971 443 2033 totidem
474 1971 809 2049 sagittarum
838 1971 1093 2031 confecit
1122 1971 1361 2049 ictibus,
1409 1973 1682 2052 cepitque
1715 1989 1786 2033 ea
1826 1973 2002 2033 natali
2043 1973 2196 2032 filiae

132 2066 190 2107 2⁰
208 2073 349 2116 suae
381 2063 537 2116 tanto
566 2054 802 2114 militum
832 2053 1045 2132 gaudio
1076 2073 1147 2116 ac
1176 2057 1404 2133 favore,
1431 2065 1492 2116 ut
1521 2058 1576 2115 in
1606 2055 1991 2133 gratulatione
2015 2059 2195 2136 impe-

204 2149 458 2200 ratorem
486 2155 615 2198 eum
646 2139 1137 2200 consalutaverint
1166 2147 1225 2198 et
1253 2138 1498 2200 subinde
1541 2138 1923 2200 decedentem
1961 2141 2196 2220 provin-

208 2226 296 2284 cia
332 2222 706 2300 detinuerint,
762 2222 1105 2302 suppliciter
1135 2241 1247 2282 nec
1286 2240 1403 2282 non
1443 2231 1504 2282 et
1538 2223 1840 2284 minaciter
1875 2223 2194 2300 efflagitan-

202 2318 327 2384 tes,
370 2313 467 2367 aut
516 2315 847 2366 remaneret
904 2307 1001 2366 aut
1062 2324 1260 2366 secum
1314 2308 1500 2366 omnis
1564 2307 1785 2386 pariter
1856 2306 2210 2369 abduceret.-

200 2389 373 2454 Unde
404 2399 536 2449 nata
567 2391 823 2469 suspicio
855 2397 964 2466 est,
996 2391 1159 2469 quasi
1195 2390 1534 2451 desciscere
1564 2409 1597 2450 a
1630 2398 1794 2469 patre
1827 2389 2197 2468 Orientisque

118 2484 179 2525 2⁵
202 2490 453 2550 regnum
490 2470 599 2531 sibi
625 2470 921 2532 vindicare
951 2482 1321 2552 temptasset;
1373 2490 1542 2553 quam
1583 2476 1974 2553 suspicionem
2019 2476 2195 2551 auxit,

200 2564 515 2636 postquam
539 2555 947 2616 Alexandriam
973 2566 1180 2636 petens
1203 2559 1260 2616 in
1290 2556 1694 2618 consecrando
1719 2558 1872 2638 apud
1886 2558 2198 2638 Memphim

195 2643 361 2701 bove
389 2639 583 2720 Apide
616 2639 873 2700 diadema
915 2642 1201 2718 gestavit,
1244 2641 1316 2701 de
1347 2657 1511 2701 more
1545 2641 1776 2720 quidem
1808 2645 2038 2721 rituque
2084 2643 2197 2720 pri-

195 2742 343 2784 scae
376 2724 709 2802 religionis3
744 2724 849 2784 sed
878 2741 996 2784 non
1017 2725 1378 2804 deerant‘qui
1403 2727 1638 2805 sequius
1663 2727 2199 2804 interpretarentur.

197 2808 401 2883 Quare
438 2808 718 2868 festinans
760 2809 819 2868 in
846 2807 1089 2884 Italiam,
1118 2827 1245 2868 cum
1271 2810 1541 2886 Regium,
1575 2809 1707 2870 dein
1741 2809 2018 2870 Puteolos
2061 2826 2199 2870 one-

108 2905 171 2946 so
192 2891 355 2952 raria
386 2908 537 2951 nave
566 2891 908 2971 appulisset,
942 2892 1184 2953 Romam
1216 2892 1351 2952 inde
1393 2892 1690 2952 contendit
1735 2891 2202 2972 expeditissimus

190 2976 643 3054 inopinantique
675 2975 857 3055 patri,
890 2975 1051 3036 velut
1078 2993 1330 3054 arguens
1357 2993 1648 3038 rumorum
1689 2975 1762 3036 de
1803 2995 1868 3036 se
1908 2978 2198 3036 temerita-

187 3069 337 3134 tem,
387 3055 538 3120 Vem‘
568 3059 768 3137 inquit,
792 3065 1003 3136 pater,
1038 3061 1195 3120 veni.
1255 3061 1464 3140 Neque
1496 3078 1573 3120 ex
1603 3077 1676 3120 eo
1709 3060 1928 3121 destitit
1967 3060 2200 3140 partici·
2230 3067 2264 3124 6

187 3159 337 3220 pem
375 3151 551 3221 atque
582 3144 750 3204 etiam
781 3150 1030 3203 tutorem
1066 3146 1292 3224 imperii
1332 3162 1534 3222 agere.

328 3224 729 3304 Triumphavit
762 3243 889 3285 cum
928 3236 1095 3305 patre
1138 3245 1558 3308 censuramque
1599 3229 1786 3305 gessit
1823 3245 1968 3304 una,
2014 3227 2200 3288 eidem

98 3321 161 3363 35
188 3309 443 3386 collega
473 3319 533 3370 et
564 3311 621 3369 in
664 3309 965 3371 tribunicia
1007 3320 1299 3391 potestate
1341 3322 1402 3373 et
1438 3314 1498 3372 in
1537 3321 1764 3392 septem
1809 3311 2204 3374 consulatibus

181 3394 339 3461 fuit3
373 3402 733 3473 receptaque
768 3393 840 3454 ad
872 3411 937 3454 se
973 3412 1161 3476 prope
1201 3397 1450 3456 omnium
1490 3396 1814 3457 officiorum
1859 3415 1996 3456 cura
2037 3398 2201 3475 (cum

181 3477 387 3554 patris
419 3479 653 3536 nomine
685 3486 744 3537 et
776 3480 1059 3558 epistolas
1087 3483 1218 3559 ipse
1249 3479 1496 3540 dictaret
1525 3488 1586 3540 et
1631 3481 1822 3541 edicta
1866 3479 2200 3540 conscribe·

177 3567 287 3619 ter
330 3562 748 3641 orationesque
788 3565 847 3623 in
890 3571 1093 3624 senatu
1137 3563 1412 3624 recitaret
1455 3564 1627 3624 etiam
1669 3566 1997 3644 quaestoris
2033 3561 2199 3638 vice)
