2700 4234
502 287 622 349 104
662 298 722 346 c.
762 295 1064 346 sumom
1095 294 1351 355 TRANQ.
1383 295 1480 342 nn
1508 295 1675 342 vuum
1707 295 2076 345 CAESAnnM
2105 299 2245 347 mn.
2275 301 2381 350 111.

498 453 880 536 provinciam,
914 449 1081 510 alteri
1111 450 1541 530 praefecturam
1571 449 1732 510 urbis
1758 450 2068 512 confestim
2095 452 2322 532 detulit,
2355 456 2513 517 codi-

500 537 651 600 cillis
695 552 929 617 quoque
968 534 1416 594 iucundissimos
1459 543 1518 595 et
1555 535 1802 598 omnium
1828 533 2102 596 horarum
2131 537 2352 600 amicos
2379 556 2512 618 pro-

496 625 709 684 fessus.
773 621 967 680 Sestio
998 617 1165 679 Gallo
1186 664 1204 696 ,
1252 617 1566 679 libidinoso
1615 636 1686 680 ac
1739 618 1994 698 prodigo
2048 621 2203 698 seni,
2262 621 2400 682 olim
2439 624 2512 684 ab

493 709 761 785 Augusto
803 705 1120 782 ignominia
1159 711 1361 764 notato
1403 711 1462 762 et
1495 721 1528 762 a
1558 720 1623 762 se
1654 711 1786 762 ante
1823 720 2046 781 paucos
2075 704 2202 764 dies
2237 706 2390 785 apud
2419 726 2510 768 se·

490 801 685 852 natum
710 789 1019 867 increpito,
1051 805 1289 847 caenam
1312 804 1383 847 ea
1409 787 1548 864 lege
1579 787 1856 862 condixit,
1887 805 1960 846 ne
1993 788 2128 867 quid
2158 807 2237 848 ex
2265 806 2511 852 consue·
2532 809 2556 850 s

490 875 686 937 tudine
730 874 1051 933 immutaret
1084 881 1179 930 aut
1206 871 1499 948 demeret,
1543 879 1721 949 utque
1752 870 1920 930 nudis
1949 872 2161 950 puellis
2191 872 2512 936 ministran-

490 960 641 1020 tibus
666 965 1027 1017 caenaretur.
1060 954 1491 1032 Ignotissimum
1510 963 1856 1034 quaesturae
1885 956 2248 1018 candidatum
2271 958 2511 1020 nobilis-

492 1045 647 1104 simis
689 1042 1021 1119 anteposuit
1053 1039 1127 1100 ob
1163 1049 1395 1120 epotam
1426 1042 1484 1098 in
1518 1041 1820 1116 convivio,
1869 1042 2218 1120 propinante
2247 1059 2349 1119 se,
2395 1045 2516 1102 vini

492 1127 846 1206 amphoram.
936 1123 1166 1184 Asellio
1220 1123 1438 1184 Sabino
1493 1126 1766 1183 sestertia
1819 1122 2068 1186 ducenta
2114 1124 2352 1187 donavit
2405 1144 2510 1206 pro

492 1211 731 1288 dialogo
751 1255 768 1286 ,
817 1209 875 1266 in
920 1224 1036 1288 quo
1065 1207 1251 1268 boleti
1278 1217 1335 1268 et
1360 1207 1644 1268 ficedulae
1675 1217 1734 1268 et
1769 1217 2006 1270 ostreae
2037 1217 2095 1270 et
2135 1209 2285 1269 turdi
2325 1219 2574 1271 certa-1⁰

489 1314 620 1355 men
650 1292 974 1353 induxerat.
1033 1291 1262 1353 Novum
1292 1291 1542 1371 denique
1571 1292 1826 1352 officium
1856 1293 2100 1353 instituit
2137 1311 2171 1354 a
2201 1292 2508 1374 voluptati·

404 1392 475 1446 43
492 1380 626 1455 buS,
656 1376 998 1456 praeposito
1032 1377 1223 1456 equite
1256 1377 1327 1436 R.
1358 1376 1423 1435 T.
1465 1375 1756 1437 Caesonio
1786 1375 2011 1437 Prisco.
2079 1377 2336 1438 Secessu
2367 1396 2510 1438 vero

494 1461 815 1541 Capreensi
858 1462 1027 1522 etiam
1072 1460 1307 1520 sellaria
1347 1462 1743 1538 excogitavit,
1786 1459 1984 1520 sedem
2013 1479 2354 1522 arcanarum
2384 1461 2510 1521 libi·

491 1547 712 1621 dinum,
755 1546 812 1604 in
845 1562 1013 1624 quam
1042 1543 1295 1623 undique
1320 1546 1668 1624 conquisiti,
1698 1544 2019 1623 puellarum
2049 1553 2108 1604 et
2141 1545 2514 1606 exoletorum

491 1645 716 1710 greges
754 1631 1185 1707 monstrosique
1230 1628 1572 1690 concubitus
1615 1638 1984 1708 repertores,
2046 1646 2193 1709 quos
2237 1631 2514 1710 spintrias
2532 1645 2576 1685 ιι

492 1713 859 1794 appellabat,
904 1712 1118 1791 triplici
1150 1714 1303 1772 serie
1337 1714 1579 1789 conexi,
1626 1714 1684 1773 in
1711 1715 1902 1773 vicem
1924 1713 2282 1773 incestarent
2316 1730 2513 1775 coram

490 1801 657 1878 ipso,
690 1806 751 1857 ut
780 1805 1022 1874 aspectu
1046 1796 1372 1858 deficientis
1403 1797 1675 1858 libidines
1701 1797 2008 1858 excitaret.
2069 1794 2350 1858 Cubicula
2386 1797 2512 1877 plu-

489 1883 745 1942 rifariam
790 1879 1075 1959 disposita
1109 1880 1342 1941 tabellis
1373 1899 1445 1942 ac
1474 1881 1686 1958 sigillis
1717 1881 2228 1942 lascivissimarum
2259 1882 2512 1962 pictura-

487 1983 611 2026 rum
652 1973 712 2024 et
758 1965 1067 2040 figurarum
1103 1963 1407 2024 adornavit
1447 1965 1730 2044 librisque
1769 1964 2176 2045 Elephantidis
2218 1967 2510 2043 instruxit,

488 2068 562 2109 ne
596 2050 683 2108 cui
708 2049 766 2106 in
798 2065 982 2126 opera
1013 2046 1237 2108 edenda
1263 2049 1567 2127 exemplar
1596 2051 1912 2128 imperatae
1945 2050 2222 2110 schemae
2250 2050 2508 2110 deesset.
2529 2065 2579 2105 20

488 2135 552 2194 In
598 2132 761 2192 silvis
806 2150 1041 2212 quoque
1086 2151 1158 2192 ac
1204 2133 1538 2193 nemoribus
1576 2135 1793 2212 passim
1825 2135 2116 2194 Venerios
2149 2133 2320 2195 locos
2353 2151 2510 2194 com-

488 2226 713 2277 mentus
745 2225 863 2294 est,
903 2217 1335 2296 prostantisque
1369 2235 1476 2296 per
1502 2227 1664 2278 antra
1693 2227 1750 2278 et
1783 2236 1957 2278 cavas
1984 2235 2166 2296 rupes
2196 2237 2272 2278 ex
2301 2220 2510 2278 utrius·

490 2319 602 2381 que
666 2318 843 2360 sexus
892 2300 1045 2381 pube
1097 2299 1474 2362 Paniscorum
1521 2311 1580 2360 et
1620 2301 2012 2380 Nympharum
2062 2300 2294 2378 habitu,
2357 2320 2550 2382 quae,

489 2385 679 2464 palam
709 2385 817 2444 iam
843 2393 901 2444 et
929 2384 1109 2462 vulgo
1128 2430 1145 2462 ,
1179 2387 1408 2446 nomine
1432 2385 1654 2446 insulae
1685 2385 2022 2463 abutentes,
2060 2383 2512 2464 Caprineum

488 2468 841 2529 dictitabant.
2529 2489 2579 2528 2⁶

398 2554 473 2607 44
610 2552 833 2612 Maiore
861 2550 1048 2612 adhuc
1080 2570 1151 2612 ac
1179 2554 1442 2632 turpiore
1475 2554 1704 2614 infamia
1734 2553 2036 2632 flagravit,
2079 2554 2180 2613 vix
2205 2563 2268 2612 ut
2296 2553 2514 2613 referri

488 2634 785 2712 audirive,
823 2635 1034 2696 nedum
1083 2636 1243 2696 credi
1286 2637 1375 2698 fas
1419 2639 1522 2713 sit,
1570 2639 1733 2716 quasi
1779 2655 1998 2717 pueros
2042 2639 2262 2718 primae
2291 2639 2510 2698 teneri·

486 2719 728 2797 tudinis,
774 2738 921 2799 quos
970 2720 1291 2800 pisciculos
1325 2721 1610 2799 vocabat,
1656 2723 2013 2799 institueret,
2052 2731 2118 2782 ut
2145 2723 2364 2782 natanti
2394 2721 2512 2780 sibi

488 2806 639 2864 inter
666 2805 879 2866 femina
906 2813 1281 2866 versarentur
1308 2823 1382 2866 ac
1410 2804 1693 2882 luderent,
1720 2806 1916 2884 lingua
1944 2823 2258 2884 morsuque
2291 2807 2514 2865 sensim

488 2887 859 2968 adpetentes;
915 2899 1088 2968 atque
1140 2892 1313 2950 etiam
1369 2891 1532 2968 quasi
1584 2890 1836 2950 infantes
1882 2891 2204 2966 firmiores,
2259 2889 2514 2950 necdum
2532 2906 2580 2947 30
2658 2927 2660 2930 >

487 2982 679 3034 tamen
714 2973 867 3033 lacte
905 2973 1219 3052 depulsos,
1264 2975 1484 3051 inguini
1517 2992 1624 3034 ceu
1657 2973 1913 3053 papillae
1951 2974 2322 3042 admoverem
2367 2991 2510 3054 pro-

486 3060 616 3117 nior
660 3072 799 3118 sane
848 3057 919 3118 ad
964 3057 1022 3117 id
1062 3074 1251 3134 genus
1291 3057 1544 3117 libidinis
1590 3067 1650 3117 et
1691 3067 1893 3120 natura
1934 3068 1992 3118 et
2034 3065 2244 3118 aetate.
2309 3057 2513 3132 Quare

486 3141 715 3202 Parrasi
748 3159 981 3222 quoque
1012 3141 1294 3218 tabulam,
1326 3143 1384 3201 in
1419 3159 1530 3222 qua
1559 3141 1864 3219 Meleagro
1895 3141 2168 3203 Atalanta
2193 3158 2298 3201 ore
2329 3141 2512 3202 mori-

486 3234 756 3302 geratur,
788 3226 1043 3304 legatam
1074 3225 1183 3285 sibi
1212 3225 1317 3285 sub
1350 3225 1720 3302 conditione,
1764 3233 1824 3284 ut
1859 3228 1908 3285 si
1940 3232 2282 3303 argumento
2321 3225 2513 3286 offen-

488 3307 721 3372 deretur
744 3309 945 3370 decies
970 3327 1079 3389 pro
1106 3328 1176 3370 ea
1201 3311 1530 3370 sestertium
1543 3311 1862 3389 acciperet,
1878 3327 1994 3369 non
2013 3309 2187 3370 modo
2207 3308 2514 3387 praetulit,
2533 3329 2586 3371 ss

488 3391 593 3452 sed
648 3401 707 3453 et
746 3394 804 3453 in
850 3393 1121 3455 cubiculo
1175 3392 1481 3454 dedicavit.
1548 3393 1756 3454 Fertur
1801 3396 1975 3454 etiam
2015 3395 2073 3452 in
2113 3391 2514 3454 sacrificando

488 3474 773 3553 quondam
809 3485 1014 3555 captus
1047 3477 1199 3537 facie
1230 3478 1472 3536 ministri
1505 3495 1768 3538 acerram
1800 3477 2190 3557 praeferentis
2225 3477 2516 3556 nequisse

486 3556 813 3640 abstinere,
852 3561 987 3639 quin
1020 3578 1208 3639 paene
1238 3559 1473 3620 vixdum
1506 3579 1574 3620 re
1599 3560 1789 3622 divina
1811 3569 2054 3642 peracta
2075 3557 2288 3620 ibidem
2313 3561 2520 3620 statim
