2700 4234
502 319 627 381 242
685 329 745 379 c.
779 329 1079 378 semem
1114 328 1370 388 vnum.
1401 327 1498 374 ms
1527 327 1698 374 vrrA
1734 324 2102 376 cAEsAnnn
2131 329 2270 377 mn.
2297 331 2444 379 vm.

505 485 835 564 transtulit)
886 492 1143 544 ceterum
1192 499 1418 544 omnem
1469 481 1585 541 vim
1635 481 2038 542 dominationis
2095 491 2213 543 tam
2261 483 2508 548 licenter

504 572 790 646 exercuit,
824 577 884 628 ut
911 569 1023 627 iam
1052 575 1166 627 tum
1201 566 1388 646 qualis
1410 566 1634 626 futurus
1655 573 1816 626 esset
1839 565 2198 627 ostenderet.
2251 567 2344 628 Ne
2371 587 2502 631 exe-

505 672 650 734 quar
675 652 925 730 singula,
952 651 1327 711 contractatis
1357 649 1660 710 multorum
1688 649 1998 727 uxoribus,
2022 649 2332 713 Domitiam
2359 653 2501 715 Lon-

502 739 699 817 ginam
736 735 913 796 Aelio
944 735 1173 795 Lamiae
1215 743 1448 813 nuptam
1499 736 1668 794 etiam
1711 736 1769 794 in
1795 735 2215 795 matrimonium
2249 736 2500 816 abduxit,

503 831 675 904 atque
703 837 818 880 uno
850 819 943 879 die
974 836 1155 898 super
1183 817 1314 878 XX.
1348 817 1543 878 officia
1571 817 1788 878 urbana
1829 827 1924 878 aut
1964 820 2280 897 peregrina
2321 820 2498 880 distri·
2517 846 2540 884 ⁵

502 905 645 982 buit,
678 903 907 964 mirari
922 920 993 963 se
1013 902 1382 981 Vespasiano
1407 901 1725 978 dictitante,
1753 902 1922 981 quod
1941 919 2364 964 successorem
2382 922 2500 965 non

439 1013 473 1066 2
502 996 563 1050 et
584 986 711 1049 sibu·
748 988 1027 1048 mitteret.
1115 985 1562 1064 Expeditionem
1611 1003 1844 1065 qnoque
1883 988 1940 1046 in
1987 985 2232 1048 Galliam
2274 987 2498 1048 Germa-

502 1074 742 1152 niasque
769 1089 959 1151 neque
984 1069 1376 1130 necessariam
1405 1077 1464 1128 et
1505 1068 1968 1130 dissuadentibus
2010 1073 2268 1150 paternis
2309 1072 2500 1131 amicis

501 1156 817 1233 inchoavit,
852 1162 1066 1214 tantum
1094 1160 1155 1212 ut
1180 1152 1343 1213 fratri
1389 1169 1455 1212 se
1499 1161 1556 1212 et
1595 1151 1808 1231 opibus
1859 1162 1919 1214 et
1955 1153 2290 1231 dignatione
2335 1154 2499 1216 adae-

582 1249 724 1302 aret.
1376 1249 1392 1268 ⁸
2451 1273 2457 1278 ·
2519 1254 2570 1296 ιο

502 1259 577 1377 ψ
626 1322 715 1382 Ob
744 1321 894 1382 haec
929 1327 1273 1399 correptus,
1318 1337 1435 1400 quo
1464 1323 1653 1398 magis
1693 1329 1754 1380 et
1795 1323 2004 1382 aetatis
2049 1332 2108 1383 et
2157 1323 2500 1386 conditionis

500 1407 929 1483 admoneretur,
959 1403 1253 1464 habitabat
1282 1422 1413 1464 cum
1441 1413 1608 1484 patre
1637 1423 1766 1482 una,
1793 1405 2114 1487 sellamque
2152 1409 2276 1467 eius
2298 1425 2368 1468 ac
2388 1409 2499 1469 fra-

501 1493 640 1567 tris,
684 1491 954 1568 quotiens
998 1486 1335 1567 prodirent,
1405 1487 1616 1548 lectica
1658 1487 2011 1568 sequebatur
2053 1507 2123 1550 ac
2161 1492 2502 1570 triumphum

497 1575 799 1654 utriusque
834 1571 1125 1633 Iudaicum
1156 1587 1310 1650 equo
1342 1569 1478 1632 albo
1515 1573 1814 1632 comitatus
1850 1581 1958 1632 est.
2032 1572 2099 1633 In
2143 1592 2251 1634 sex
2297 1591 2500 1635 consu-

499 1657 713 1720 latibus
742 1658 971 1718 nonnisi
1015 1673 1185 1716 unum
1228 1652 1578 1715 ordinarium
1615 1656 1832 1733 gessit,
1865 1673 2109 1737 eumque
2149 1657 2392 1718 cedente
2431 1678 2500 1720 ac
2519 1685 2569 1725 ιε

502 1743 857 1820 suffragante
886 1741 1085 1800 fratre.
1148 1737 1446 1798 Simulavit
1477 1747 1534 1798 et
1563 1739 1692 1817 ipse
1721 1740 1864 1799 mire
1891 1739 2264 1820 modestiam,
2300 1743 2356 1800 in
2386 1744 2498 1822 pri-

500 1827 727 1904 misque
759 1826 1029 1904 poeticae
1060 1820 1326 1899 studium,
1357 1831 1472 1882 tam
1494 1822 1777 1884 insuetum
1811 1831 1980 1883 antea
2010 1823 2120 1884 sibi
2154 1843 2320 1905 quam
2342 1835 2498 1906 post-

504 1927 574 1969 ea
614 1917 872 1987 spretum
919 1913 978 1966 et
1034 1905 1354 1982 abiectum,
1403 1906 1784 1984 recitavitque
1828 1907 2000 1967 etiam
2049 1907 2302 1986 publice.
2373 1908 2500 1970 Nec

500 2002 691 2053 tamen
721 2007 795 2050 eo
826 1990 1029 2066 setius,
1064 2007 1192 2050 cum
1222 1988 1598 2066 Vologaesus
1629 1989 1970 2050 Parthorum
2005 2006 2114 2052 rex
2153 1993 2364 2053 auxili-a
2405 1993 2499 2053 ad-

499 2092 707 2136 versus
737 2073 963 2135 Alanos
990 2072 1311 2154 ducemque
1344 2073 1586 2133 alterum
1616 2091 1692 2133 ex
1720 2075 2068 2153 Vespasiani
2091 2075 2292 2136 liberis
2319 2076 2498 2156 depo·
2517 2101 2570 2142 20

501 2161 816 2240 poscisset,
848 2159 1001 2219 omni
1032 2174 1148 2238 ope
1182 2156 1478 2217 contendit
1507 2165 1568 2218 ut
1595 2159 1727 2236 ipse
1759 2159 2118 2236 potissimum
2147 2162 2498 2230 mitteretur;

503 2251 563 2304 et
586 2245 719 2323 quia
746 2242 1011 2304 discussa
1042 2258 1141 2302 res
1170 2249 1280 2318 est,
1312 2240 1460 2302 alios
1489 2240 1742 2300 Orientis
1781 2259 1960 2320 reges
2004 2251 2066 2303 ut
2107 2242 2500 2324 idem-postu·

501 2328 691 2390 larent
726 2326 893 2387 donis
922 2343 993 2386 ac
1028 2323 1544 2405 pollicitationibus
1574 2324 1896 2389 sollicitare
1926 2329 2248 2407 temptavit.

524 2433 529 2439 ·
624 2411 795 2472 Patre
826 2410 1123 2485 defuncto,
1150 2409 1251 2469 diu
1281 2417 1586 2469 cunctatus
1611 2426 1682 2468 an
1712 2408 1944 2488 duplum
1979 2411 2308 2471 donativum
2337 2411 2506 2472 militi

502 2495 777 2570 offerret,
818 2511 1120 2572 numquam
1148 2495 1366 2552 iactare
1405 2492 1682 2553 dubitavit
1723 2493 2008 2556 relictum
2035 2513 2104 2556 se
2130 2495 2503 2574 participem
2523 2522 2576 2562 25
2678 2533 2679 2538 κ

500 2577 763 2657 imperii,
792 2577 907 2638 scd
932 2574 1222 2654 fraudem
1254 2583 1610 2638 testamento
1647 2574 1991 2638 adhibitam
1999 2603 2031 2649 ,·
2075 2597 2266 2658 neque
2309 2597 2504 2640 cessa·

502 2664 583 2721 vit
613 2680 692 2721 ex
724 2677 797 2722 eo
828 2660 1066 2722 insidias
1096 2670 1319 2722 struere
1362 2661 1524 2721 fratri
1561 2659 1708 2720 clam
1744 2660 2051 2740 palamque
2071 2707 2090 2738 ,
2139 2661 2329 2742 quoad
2375 2681 2505 2724 cor-

500 2754 729 2824 reptum
756 2746 922 2824 gravi
950 2744 1263 2806 valitudine
1280 2791 1298 2822 ,
1339 2747 1500 2824 prins
1545 2761 1712 2823 quam
1754 2745 1930 2823 plane
1979 2746 2209 2806 efflaret
2239 2747 2506 2824 animam,

500 2846 611 2910 pro
642 2838 869 2889 mortuo
914 2828 1109 2890 deseri
1149 2830 1349 2908 iussit3
1403 2828 1848 2908 defunctumque
1889 2828 2046 2890 nullo
2095 2838 2510 2908 praeterquam

506 2914 965 2979 consecrationis
989 2913 1213 2975 honore
1242 2912 1537 2992 dignatus,
1580 2929 1764 2992 saepe
1795 2915 1967 2974 etiam
2006 2914 2222 2991 carpsit
2247 2911 2514 2993 obliquis
2533 2939 2591 2982 30

504 2997 861 3060 orationibus
894 3006 955 3057 et
984 2997 1211 3058 edictis.

447 3101 483 3156 3
624 3081 783 3144 Inter
808 3083 967 3142 initia
1001 3083 1361 3162 principatus
1393 3079 1608 3142 cotidie
1639 3089 1928 3142 secretum
1971 3081 2082 3140 sibi
2112 3081 2384 3141 horarum
2411 3101 2512 3143 su-

502 3184 663 3228 mere
693 3165 943 3243 solebat,
972 3183 1085 3228 nec
1110 3166 1413 3248 quicquam
1445 3163 1690 3254 amplius
1721 3183 1890 3244 quam
1916 3183 2148 3225 muscas
2173 3174 2413 3244 captare
2437 3185 2518 3226 ac

504 3251 639 3311 stilo
688 3258 1007 3331 praeacuto
1060 3251 1390 3328 configer03
1445 3257 1507 3309 ut
1550 3249 1772 3310 cuidam
1817 3250 2234 3326 interroganti,
2270 3257 2518 3310 essetne

505 3335 632 3412 quis
666 3335 819 3394 intus
850 3351 977 3394 cum
1010 3332 1298 3412 Caesare,
1329 3351 1448 3394 non
1477 3331 1728 3394 absurde
1755 3350 2102 3413 responsum
2143 3334 2216 3392 sit
2255 3351 2288 3392 a
2327 3332 2516 3393 Vibio
2539 3349 2596 3396 35
2678 3335 2679 3374 }

506 3415 738 3497 Crispo,
776 3435 853 3478 ne
880 3435 1156 3480 mascam
1186 3417 1446 3499 quidem.
1504 3416 1731 3478 Deinde
1765 3415 2387 3494 uxorem‘Dcmitiam,
2433 3435 2520 3476 ex

504 3519 616 3580 qua
658 3502 718 3560 in
758 3500 1015 3561 secundo
1062 3519 1167 3562 suo
1220 3502 1522 3564 consulatu
1563 3501 1738 3562 filium
1789 3501 2002 3582 tulerat
2045 3500 2149 3538 *³⁸²*
2204 3499 2522 3578 alteroque

505 3600 655 3643 anno
682 3582 1063 3644 consalutavit
1083 3583 1432 3663 Augustam
1460 3583 1720 3663 eandem,
1746 3584 1970 3647 Paridis
1992 3583 2286 3645 histrionis
2308 3601 2523 3644 amore
