2700 4234
648 312 817 371 LXIV
1327 306 1738 354 PRAEFATIO.

651 470 900 529 bonitate
957 465 1243 525 oeeaeeati
1295 465 1516 521 nimium
1566 465 1619 520 ei
1670 466 2123 536 obsequeremur.
2213 465 2459 523 Eandem

651 552 825 625 igitur
854 553 1040 623 legem
1069 566 1228 622 quam
1262 549 1318 604 in
1353 544 1613 604 Leideusi
1644 548 1807 604 nobis
1836 548 2264 620 scripseramus,
2294 556 2355 604 ut
2384 566 2457 605 ue

651 636 962 709 singularia
1015 640 1398 707 eaptaremus,
1456 631 1559 688 sed
1594 632 1909 688 'eommunia
1960 638 2307 703 tenetentum,
2363 633 2459 689 bie

651 736 870 792 quoque
903 718 1266 775 servavimus.
1323 716 1517 787 ltaque
1548 730 1877 772 eonsensum
1908 713 2140 771 Gudiani
2170 714 2300 771 libri
2333 732 2455 771 eum

651 802 904 860 Leidensi
932 817 1036 876 pro
1067 798 1380 857 firmissimo
1409 799 1649 871 pignore
1678 796 1938 855 lectionis
1967 797 2258 870 pristinae,
2287 797 2346 854 id
2368 804 2457 855 est

649 888 704 943 in
729 885 1089 943 Henoehiano
1119 884 1427 955 archetypo
1460 882 1739 950 inventae,
1768 880 2085 946 habuimus3
2115 880 2210 938 ubi
2233 882 2455 938 dissen-

646 969 755 1027 tire
787 969 1142 1037 videbamus,
1167 968 1223 1023 in
1255 972 1506 1021 neutrum
1534 964 1853 1039 proniores,
1885 965 1977 1020 vel
2010 964 2353 1036 reliquorum
2382 965 2455 1019 li-

648 1053 871 1109 brorum
905 1053 998 1107 vel
1028 1051 1205 1123 ipsius
1249 1049 1334 1104 rei
1375 1049 1593 1105 ratione
1642 1047 1831 1105 habita
1865 1052 2111 1105 veterem
2155 1048 2455 1104 lectionem

648 1136 870 1207 assequi
905 1135 1228 1191 studuimus.

768 1219 918 1275 llaee
948 1224 1009 1287 qt
1037 1217 1250 1289 aliquot
1281 1215 1551 1288 exemplis
1586 1216 1937 1285 confirmem,
1978 1230 2255 1273 eonsensu
2290 1213 2450 1273 eodi-

643 1318 769 1377 ‚eum
798 1301 1086 1358 Leidensis
1122 1306 1178 1355 et
1214 1298 1449 1356 Gudiaui
1485 1298 1733 1355 stabilita
1766 1298 2115 1355 existimavi:
2159 1315 2212 1371 p.
2232 1302 2358 1368 258,
2383 1303 2455 1357 26

643 1384 850 1441 Iaccus
897 1399 1009 1440 non
1045 1383 1379 1455 aspiratum,
1430 1399 1487 1455 p.
1532 1386 1667 1453 260,
1715 1389 1779 1442 15
1820 1381 2005 1438 adhuc
2044 1381 2337 1451 omissum,
2382 1387 2455 1441 30

643 1482 804 1525 suum
837 1468 1118 1523 annalium
1149 1466 1348 1533 Ennii,
1381 1483 1437 1538 p.
1474 1471 1607 1535 262,
1638 1470 1707 1523 24
1746 1464 1811 1521 Is
1840 1467 2097 1537 scripsit,
2133 1482 2185 1538 p.
2221 1469 2354 1535 264,
2382 1471 2457 1525 33

648 1552 947 1621 Catulinae,
980 1568 1038 1623 p.
1054 1556 1178 1619 266,
1210 1558 1239 1609 1
1273 1548 1668 1618 inscribuntur,
1707 1565 1761 1621 p.
1778 1554 1903 1620 268,
1930 1554 1997 1609 21
2025 1548 2455 1618 ostenderemus,

646 1653 704 1707 p.
733 1640 870 1705 271,
914 1640 984 1695 23
1012 1634 1306 1706 optulisset.
1392 1632 1601 1689 Eodem
1632 1648 1907 1689 eonseusu
1947 1649 2002 1705 p.
2032 1638 2167 1702 265,
2211 1638 2281 1693 34
2318 1647 2453 1688 eon-

646 1719 942 1786 didonm,
977 1735 1030 1790 p.
1066 1722 1201 1787 271,
1243 1722 1310 1776 25
1337 1716 1691 1772 conditionem
1720 1717 1904 1789 posui.
1993 1717 2054 1771 lu
2088 1714 2345 1773 dissensu
2380 1716 2453 1771 li-

645 1804 869 1859 brorum
948 1801 1270 1873 plerumque
1339 1800 1657 1857 auctoritati
1712 1800 1999 1857 Leideusis
2014 1794 2087 1874 ⁴⁶)
2150 1799 2455 1856 obsecutus

651 1880 737 1959 (e.
773 1902 822 1942 e.
856 1902 912 1957 p.
929 1890 1048 1945 259,
1081 1888 1145 1944 37
1176 1884 1358 1954 simut,
1389 1901 1441 1956 p.
1472 1889 1595 1954 262,
1631 1889 1699 1943 29
1718 1882 2010 1957 Dictynna,
2036 1886 2103 1944 37
2130 1885 2201 1938 sit
2226 1884 2455 1955 sapien-

647 1970 807 2038 tiam,
839 1985 895 2040 p.
928 1972 1062 2036 269,
1096 1974 1162 2025 10
1192 1972 1553 2038 consuerant,
1600 1972 1669 2027 28
1700 1963 1894 2042 affuit)
1928 1982 2327 2038 nonnumquam
2366 1972 2451 2023 ta-

647 2066 770 2106 men
807 2049 1056 2107 Gudiano
1087 2050 1494 2108 oboediendum
1534 2050 1760 2122 putavi,
1808 2056 1867 2105 ut
1912 2051 1967 2106 in
2006 2050 2123 2107 bis:
2164 2065 2218 2122 p.
2250 2054 2374 2121 257,
2418 2055 2451 2110 7

645 2134 978 2206 adnotatum,
1010 2150 1064 2205 p.
1095 2138 1219 2202 258,
1258 2138 1322 2191 14
1346 2133 1607 2201 Posthac,
1644 2140 1709 2194 19
1733 2132 1983 2206 Laevius,
2017 2149 2076 2206 p.
2104 2139 2227 2202 259,
2260 2140 2328 2193 18
2355 2148 2451 2189 re-

634 2224 785 2290 peto,
823 2234 879 2289 p.
913 2223 1035 2285 260,
1071 2222 1139 2275 25
1163 2218 1546 2287 yrammatica,
1580 2234 1635 2289 p.
1664 2222 1789 2287 263,
1820 2222 1887 2277 16
1918 2218 2099 2288 Ero-t,
2141 2234 2195 2289 p.
2223 2222 2347 2286 264,
2378 2222 2453 2277 36

641 2303 928 2371 superiore
944 2342 961 2372 ,
993 2316 1048 2373 p.
1080 2304 1203 2369 265,
1233 2307 1260 2358 1
1289 2300 1537 2355 Pasicles
1553 2344 1568 2368 ,
1600 2307 1635 2361 3
1664 2305 1719 2356 et
1748 2307 1781 2360 5
1809 2298 2087 2373 Zmyrnae
2119 2305 2175 2356 et
2202 2298 2451 2373 Zmyrna

644 2380 730 2457 (p.
763 2389 898 2455 259,
935 2389 1002 2445 37
1047 2382 1324 2455 Smyrnae
1356 2383 1655 2440 Suetonius
1687 2384 1756 2439 ab
1788 2400 1850 2440 se
1883 2378 2066 2458 dedit)
2113 2400 2171 2456 p.
2202 2388 2337 2453 266,
2382 2388 2453 2441 14

643 2468 832 2537 verbo,
865 2485 918 2540 p.
948 2472 1071 2536 269,
1102 2471 1172 2524 24
1205 2464 1407 2523 Ostiam
1426 2508 1441 2530 ,
1478 2472 1547 2527 32
1570 2469 1976 2538 imposuerunt,
2010 2484 2067 2539 p.
2098 2471 2223 2538 270,
2260 2473 2327 2526 10
2352 2483 2452 2522 or-

643 2546 923 2623 dea'rium,
969 2566 1024 2622 p.
1063 2554 1201 2620 272,
1247 2556 1310 2609 11
1370 2549 1675 2622 Ver-ysaias.
1764 2550 2062 2607 Rarissime
2109 2551 2178 2608 ab
2207 2556 2451 2623 utroque

643 2618 1014 2691 recedendum
1054 2633 1188 2703 fuit,
1246 2634 1391 2688 sieut
1434 2650 1487 2706 p.
1534 2639 1668 2703 263,
1712 2639 1780 2691 22
1828 2632 2053 2689 Memmi
2094 2633 2297 2705 seripsi
2339 2650 2447 2705 pro

559 2788 568 2795 ι
640 2716 932 2785 Memmia,
967 2734 1025 2789 p.
1067 2720 1171 2775 270
1192 2757 1209 2787 ,
1241 2722 1310 2775 26
1339 2716 1410 2771 ab
1445 2734 1549 2789 pro
1578 2734 1613 2770 a
1646 2716 1703 2773 G.
1774 2717 1959 2773 Semel
1987 2734 2041 2789 p.
2074 2722 2215 2787 269,
2256 2724 2323 2775 10
2349 2717 2449 2772 ubi

643 2801 785 2858 alter
813 2806 975 2874 atque
1003 2800 1146 2858 alter
1173 2804 1226 2855 et
1245 2800 1575 2871 praebebat,
1607 2806 1841 2873 uterque
1870 2800 2050 2870 solus,
2075 2816 2105 2855 e
2124 2800 2446 2856 Florentius

645 2884 892 2941 editione
934 2890 990 2940 et
1013 2883 1391 2941 deterioribus
1421 2884 1583 2940 libris
1611 2900 1683 2940 ac
1713 2883 2093 2957 recipiendum
2120 2882 2273 2940 duxi.

642 3076 867 3127 similiter
911 3078 965 3129 iu
999 3078 1245 3131 Vaticano
1281 3078 1417 3130 1518
1462 3078 1677 3143 aliisque
1712 3078 1853 3131 libris
1900 3078 2075 3131 insint.
2146 3078 2379 3142 Namque
2418 3094 2447 3129 e

641 3144 904 3198 Vaticanis
938 3160 1140 3212 quoque
1174 3146 1282 3196 suis
1319 3145 1541 3197 Achilles
1578 3146 1768 3197 Statius
1802 3146 1927 3197 haee
1958 3144 2209 3213 prodidit:
2241 3161 2293 3212 p.
2322 3145 2444 3208 259,

641 3214 704 3264 3·1
743 3213 950 3266 Servius
973 3222 1093 3279 post
1123 3212 1232 3274 hoe,
1260 3231 1311 3281 p.
1350 3214 1469 3275 261,
1504 3214 1537 3265 6
1575 3216 1905 3280 neyleqentt‘a,
1986 3253 1995 3264 .
2034 3212 2153 3275 263,
2193 3214 2259 3268 16
2293 3213 2446 3264 Stra·

639 3282 827 3345 bertus,
861 3298 915 3349 p.
951 3283 1068 3344 264,
1105 3281 1172 3331 33
1207 3285 1483 3347 Catulinae,
1521 3283 1590 3335 36
1618 3286 1895 3345 superiore,
1963 3284 1994 3333 7
2025 3284 2209 3347 perite,
2245 3298 2299 3350 p.
2320 3282 2445 3346 269,

639 3348 708 3402 28
742 3350 919 3415 infuit,
957 3366 1008 3417 p.
1053 3351 1172 3412 272,
1209 3353 1244 3403 4
1281 3353 1531 3412 Cae-stiur,
1574 3352 1631 3402 ll
1680 3353 1964 3417 Verginius.

771 3416 867 3480 46)
897 3416 1138 3470 Eiusdem
1173 3420 1286 3471 libri
1319 3417 1614 3472 auctoritate
1650 3435 1701 3486 p.
1730 3421 1847 3483 264,
1882 3421 1951 3471 25
1973 3420 2210 3484 Epirota,
2246 3420 2315 3470 27
2334 3422 2445 3470 ela-

636 3487 740 3537 rm't
773 3485 976 3548 nititur,
1024 3486 1128 3538 illie
1159 3489 1405 3539 vocabulo
1442 3494 1491 3538 et
1530 3489 1824 3551 subnotato,
1871 3487 1954 3540 hie
1993 3490 2234 3538 inclaruit
2266 3503 2299 3538 a
2330 3502 2445 3539 eor-

633 3560 827 3606 metore
857 3554 1060 3621 scripto.
1136 3556 1260 3606 Item
1288 3572 1341 3623 p.
1382 3556 1512 3617 270,
1547 3558 1614 3607 25
1646 3557 1802 3620 Epidz'
1822 3571 1853 3608 a
1881 3557 2047 3625 prima
2081 3570 2238 3607 mauu
2274 3565 2372 3611 est.
