2700 4234
954 314 1299 364 TIBERms.
2039 308 2120 370 99

147 472 420 530 continuo.
485 468 834 527 Dominus
876 465 1201 546 appellatus
1244 486 1276 528 a
1318 469 1602 548 quodam,
1660 471 2007 533 denuntiavit
2049 491 2123 534 ne

143 571 203 612 se
248 553 485 631 amplius
536 550 917 610 contumeliae
980 567 1152 611 causa
1192 556 1531 612 nominaret.
1600 553 1794 614 Alium
1841 554 2124 616 dicentem

142 653 384 696 sacras
461 636 585 694 eius
656 636 1075 713 occupationes
1144 643 1203 693 et
1269 652 1468 696 rursus
1540 637 1744 714 alium,
1817 647 2125 698 auctore

138 737 205 779 eo
246 727 501 778 senatum
540 737 606 778 se
650 717 873 795 adisse,
918 717 1098 776 verba
1138 727 1359 779 mutare
1403 728 1461 779 et
1492 738 1600 798 pro
1646 731 1887 782 auctore
1928 741 2124 782 suaso-

97 821 305 879 ⁵rem,.
341 819 450 880 pro
495 803 679 862 sacris
730 801 1055 861 laboriosas
1103 800 1300 861 dicere
1348 805 1566 879 coegit.
1645 805 1762 864 Sed
1822 813 1881 864 et
1924 805 2214 873 adver-28

137 904 226 944 sus
256 887 520 944 convicia
556 884 854 962 malosque
895 901 1156 943 rumores
1200 894 1257 945 et
1298 885 1520 946 famosa
1553 886 1625 948 de
1657 902 1722 948 se
1750 906 1820 948 ac
1852 891 1970 948 suis
2004 908 2123 950 car-

134 971 273 1028 mina
304 970 497 1027 firmus
531 985 601 1028 ac
642 969 897 1046 patienS,
948 967 1190 1027 subinde
1223 968 1493 1046 iactabat,
1539 972 1602 1031 in
1638 973 1883 1033 civitate
1926 971 2127 1033 libera

134 1051 391 1132 linquam
411 1057 781 1130 mentemque
802 1049 1037 1111 liberas
1064 1069 1198 1111 esse
1227 1051 1452 1112 debere
1465 1077 1497 1124 ,·
1529 1063 1586 1113 et
1613 1054 1896 1134 quondam
1925 1049 2126 1116 senatu

135 1138 522 1212 cognitionem
558 1135 628 1194 de
668 1136 791 1193 eius
836 1134 990 1194 modi
1024 1134 1351 1195 criminibus
1384 1154 1453 1196 ac
1485 1140 1602 1196 reis
1639 1138 1954 1216 flagitante,
1989 1138 2128 1200 Non

10 1216 27 1237 ·
70 1233 115 1274 10
132 1225 388 1294 tantum,
437 1220 658 1297 inquit,
705 1217 817 1277 otii
852 1215 1178 1293 habemus,
1228 1225 1295 1278 ut
1338 1219 1664 1297 implicare
1700 1239 1816 1282 nos
1842 1222 2128 1300 pluribus

128 1303 381 1380 neqotiis
422 1301 753 1364 debeamus
768 1324 799 1370 ,·
860 1301 920 1360 si
954 1299 1117 1362 hanc
1155 1301 1498 1379 fenestram
1529 1305 1932 1383 aperueritis,
1976 1305 2130 1367 nihil
2169 1363 2178 1370 ,

132 1384 301 1445 aliud
351 1384 457 1463 aqi
478 1384 749 1444 sinetis:
803 1386 1066 1446 omnium
1113 1385 1474 1446 inimicitiae
1513 1387 1632 1448 hoc
1668 1393 1993 1466 praetexto
2043 1388 2131 1450 ad

127 1487 237 1529 nos
285 1467 659 1548 deferentur.
716 1465 893 1526 Extat
942 1476 1001 1526 et
1047 1485 1238 1527 sermo
1277 1470 1401 1528 eius
1445 1471 1502 1529 in
1549 1480 1751 1531 senatu
1793 1473 2124 1549 percivilis:

129 1551 431 1630 Siquidem
468 1553 713 1613 locutus
756 1549 939 1610 aliter
974 1550 1201 1628 fuerit,
1250 1551 1417 1612 dabo
1447 1571 1703 1631 operam
1732 1561 1798 1614 ut
1823 1556 2128 1616 rationem

70 1646 114 1687 ¹⁵
126 1634 428 1712 factorum
457 1652 733 1696 meorum
757 1633 1177 1714 dictorumque
1200 1635 1461 1696 reddam
1473 1661 1504 1707 ,·
1527 1637 1588 1696 si
1604 1639 2122 1716 perseveraverit,

127 1719 185 1778 in
208 1719 395 1779 vicem
427 1735 571 1780 eum
601 1717 811 1778 odero.
1172 1751 1185 1757 -

249 1802 439 1882 Atque
484 1803 635 1862 haec
678 1817 750 1861 eo
782 1799 1129 1861 notabiliora
1158 1811 1358 1879 erant,
1399 1802 1552 1882 quod
1584 1805 1712 1882 ipse
1741 1805 1797 1862 in
1830 1803 2122 1881 appellan-
2142 1817 2210 1874 29

129 1886 209 1944 dis
252 1885 715 1962 venerandisque
768 1893 825 1944 et
870 1884 1113 1961 singulis
1156 1893 1215 1943 et
1244 1887 1531 1945 universis
1565 1903 1754 1966 prope
1785 1896 2127 1946 excesserat

127 1967 469 2030 humanitatis
496 1967 747 2030 modum.
814 1967 1179 2027 Dissentiens
1206 1970 1263 2027 in
1296 1971 1454 2030 curia
1486 1988 1518 2031 a
1550 1969 1620 2045 Q.
1647 1968 1906 2046 Haterio,
1938 1967 2120 2048 19ηο-

64 2063 109 2104 20
126 2068 283 2126 scas,
325 2053 531 2131 inquit,
562 2069 751 2132 roqo,
784 2052 843 2112 si
874 2049 1022 2131 quid
1048 2051 1354 2112 adversus
1385 2059 1442 2112 te
1471 2051 1728 2113 liberius
1754 2053 1916 2114 sicut
1941 2071 2121 2114 sena-

126 2140 216 2193 tor
262 2134 504 2198 dixero.
564 2135 641 2195 Et
691 2135 898 2194 deinde
953 2136 1136 2194 omnis
1178 2135 1526 2214 adloquens:
1579 2134 1737 2196 Dixi
1775 2141 1836 2196 et
1867 2155 2029 2198 nunc
2069 2144 2127 2197 et

124 2234 303 2296 saepe
346 2220 519 2281 alias
553 2218 621 2279 P.
669 2215 736 2278 0.
786 2215 1007 2280 bonum
1046 2225 1104 2278 et
1144 2219 1488 2279 salutarem
1522 2219 1901 2296 principem,
1923 2227 2125 2302 :quem

123 2317 229 2360 vos
254 2308 428 2363 tanta
459 2309 522 2364 et
550 2309 673 2362 tam
706 2299 906 2363 libera
928 2307 1241 2380 potestate
1268 2301 1690 2377 instruxistis,
1719 2302 1968 2362 senatui
1992 2319 2120 2363 ser-

124 2383 247 2444 vire
268 2383 492 2448 debere
530 2392 589 2446 et
614 2385 923 2447 universis
954 2383 1195 2445 civibus
1222 2402 1433 2462 saepe,
1468 2393 1528 2446 et
1551 2385 1910 2464 plerumque
1943 2385 2126 2444 etiam

62 2481 107 2522 2⁵
125 2466 416 2544 sinqulis,·
441 2488 641 2549 neque
671 2469 739 2528 id
766 2468 1005 2528 dixisse
1034 2486 1129 2528 me
1154 2469 1463 2546 paenitet,
1497 2477 1556 2529 et
1583 2467 1780 2529 bonos
1809 2475 1867 2528 et
1893 2485 2126 2552 aequos

127 2555 179 2608 et
201 2549 481 2628 faventes
509 2570 626 2614 vos
653 2550 847 2613 habui
878 2552 1157 2613 dominos
1188 2559 1248 2612 et
1278 2552 1484 2613 adhuc
1512 2551 1732 2613 habeo.

244 2635 388 2708 Quin
418 2639 592 2696 etiam
622 2638 879 2713 speciem
910 2635 1191 2697 libertatis
1221 2636 1499 2714 quandam
1531 2635 1773 2712 induxit,
1811 2644 2208 2698 conserva-30

126 2717 195 2773 tis
220 2721 436 2778 senatui
471 2737 543 2780 ac
574 2717 1001 2796 magistratibus
1033 2727 1091 2777 et
1121 2720 1420 2779 maiestate
1450 2721 1688 2798 pristina
1719 2727 1778 2777 et
1807 2727 2118 2797 potestate.

123 2795 321 2877 Neque
348 2809 459 2862 tam
486 2821 724 2882 parvum
757 2803 1058 2881 quicquam
1093 2820 1280 2881 neque
1310 2811 1424 2862 tam
1461 2818 1727 2879 magnum
1759 2801 1976 2880 publici
2007 2803 2118 2879 pri-

61 2892 107 2933 30
127 2885 353 2960 vatique
381 2887 605 2963 negotii
634 2885 770 2962 fuit,
805 2885 875 2944 de
908 2903 1023 2963 quo
1056 2903 1171 2944 non
1202 2885 1272 2945 ad
1308 2895 1506 2964 patres
1538 2886 1910 2962 conscriptos
1939 2884 2118 2944 refer-

123 2973 307 3027 retur:
336 2967 406 3026 de
437 2967 821 3047 vectigalibus
850 2985 919 3027 ac
951 2967 1337 3046 monopoliis‚
1373 2969 1445 3028 de
1479 2966 1812 3028 extruendis
1853 2968 2117 3027 reficien-

126 3048 281 3107 disve
316 3051 629 3130 operibuS,
672 3053 841 3112 etiam
872 3051 942 3110 de
970 3051 1221 3128 legendo
1253 3052 1347 3111 vel
1383 3051 1813 3112 exauctorando
1843 3051 2021 3110 milite
2051 3067 2119 3108 ac

124 3129 404 3206 legionum
456 3143 515 3194 et
558 3135 899 3195 auxiliorum
938 3133 1368 3213 descriptione,
1411 3135 1658 3214 denique
1705 3133 1909 3212 quibus
1940 3135 2116 3212 impe·

124 3214 261 3272 rium
289 3221 600 3295 prorogari
632 3227 725 3278 aut
756 3217 1211 3279 extraordinaria
1240 3218 1394 3278 bella
1431 3217 1712 3293 mandari,
1755 3217 1887 3296 quid
1919 3213 2118 3296 etqua

63 3295 303 3357 assorma
338 3317 541 3378 regum
585 3302 791 3361 litteris
826 3301 1071 3361 rescribi
1100 3297 1380 3380 placeret.
1437 3301 1801 3361 Praefectum
1843 3301 2000 3377 alae,
2045 3300 2117 3360 de

129 3380 181 3436 vi
213 3388 268 3437 et
293 3383 507 3461 rapinis
539 3402 717 3462 reum,
753 3401 980 3445 causam
1009 3386 1065 3444 in
1092 3393 1292 3444 senatu
1316 3384 1514 3444 dicere
1541 3385 1757 3461 coegit.
1801 3383 2116 3464 Numquam

130 3464 331 3522 curiam
371 3468 479 3526 nisi
518 3468 679 3526 solus
724 3469 981 3536 intravit;
1027 3467 1237 3527 lectica
1271 3466 1555 3547 quondam
1583 3468 1886 3528 introlatus
1913 3485 2114 3544 aeger,

132 3549 360 3608 comites
404 3569 437 3611 a
480 3568 547 3610 se
591 3551 853 3611 removit.
919 3549 1209 3626 Quaedam
1250 3551 1526 3610 adversus
1573 3553 1910 3610 sententiam
1959 3565 2116 3608 suam
2133 3558 2190 3610 31

1705 3633 1786 3693 7*
