2700 4234
527 269 651 334 258
1026 281 1087 329 0.
1120 280 1505 331 sumomus
1544 281 2031 342 rnmomnms

530 438 881 501 Archelaum
920 436 1231 516 Pompeius
1272 434 1572 514 Lenaeus,
1627 435 1780 514 apud
1818 435 2212 522 Philo-comum
2255 438 2541 500 Valerius
2697 399 2700 462 Ι

532 523 681 584 Cato
712 520 1066 600 praedicant.

653 606 1052 666 Instruxerunt
1086 612 1482 682 auxeruntque
1512 601 1585 664 ab
1618 606 1770 664 omni
1801 613 1968 682 part-e
2000 605 2433 682 grammaticam
2467 606 2536 670 L.

532 691 739 752 Aelius
758 687 1083 748 Lanuvinus
1104 705 1407 768 generque
1432 685 1588 746 Aelii
1612 687 1741 747 Ser.
1768 685 2008 748 Clodius
2024 733 2041 766 ,
2066 696 2311 767 uterque
2346 706 2537 767 eques

472 776 641 838 3110.
677 773 951 852 multique
990 789 1059 832 ac
1081 771 1227 832 varii
1265 780 1322 832 et
1357 772 1412 830 in
1437 769 1698 832 doctriua
1735 780 1791 831 et
1831 772 1888 831 in
1920 789 1987 831 re
2024 789 2080 850 p.
2107 790 2267 832 usus.
2325 770 2532 832 Aelius
2553 797 2582 837 ι

536 857 881 938 cognomine
917 854 1133 934 duplici
1164 853 1294 924 suin
1332 873 1460 914 nam
1493 862 1552 914 et
1573 853 1983 932 PraeconinuS,
2022 856 2178 935 quod
2202 865 2370 936 pater
2405 857 2534 916 eius

538 942 909 1022 praeconium
931 937 1184 1015 fecerat,
1210 937 1559 1014 vocabatur,
1585 947 1644 998 et
1664 939 1809 999 Stilo
1827 985 1844 1018 ,
1869 939 2026 1016 quod
2049 939 2344 1002 orationes
2367 939 2532 1000 nobi-

536 1026 755 1087 lissimo
788 1024 995 1102 cuique
1032 1021 1291 1082 scribere
1321 1020 1580 1092 solebat;
1611 1029 1800 1082 tantus
1830 1025 2184 1102 optimatium
2215 1024 2440 1101 fautor,
2470 1031 2535 1083 ut

536 1107 831 1172 Metellum
864 1105 1225 1166 Numidicum
1266 1107 1324 1165 in
1355 1105 1588 1165 exilium
1633 1108 1937 1167 comitatus
1967 1106 2057 1166 sit.
2089 1109 2356 1185 Servius,
2401 1125 2534 1167 cnm

536 1196 745 1258 librum
775 1191 969 1256 soceri
1001 1189 1249 1250 nondum
1270 1189 1484 1250 editum
1513 1189 1714 1253 fraude
1738 1191 2181 1270 intercepisset,
2219 1201 2276 1252 et
2305 1191 2379 1252 ob
2413 1191 2534 1252 hoc
2554 1213 2612 1256 ιο

532 1278 867 1359 repudiatus
896 1274 1121 1356 pudore
1147 1293 1218 1336 ac
1244 1273 1439 1334 taedio
1462 1275 1815 1334 secessisset
1839 1273 1910 1334 ab
1934 1274 2079 1335 urbe
2095 1320 2113 1352 ,
2147 1277 2204 1335 iu
2229 1276 2533 1354 podagrae

531 1362 793 1424 morbum
826 1358 1061 1428 incidit3
1106 1360 1269 1420 cuius
1296 1359 1600 1438 impatiens
1633 1375 1861 1418 veneno
1894 1357 2004 1417 sibi
2037 1361 2305 1438 perunxit
2345 1359 2536 1438 pedes

534 1455 593 1507 et
621 1445 851 1506 enecuit
878 1444 988 1521 ita,
1020 1451 1080 1502 ut
1105 1451 1271 1522 parte
1299 1460 1369 1503 ea
1394 1444 1666 1522 corporis
1691 1442 1856 1520 quasi
1887 1451 2254 1520 praemortua
2281 1445 2533 1502 viveret.

656 1527 910 1590 Posthac
954 1527 1141 1605 magis
1172 1544 1242 1587 ac
1276 1526 1462 1603 magis
1505 1533 1564 1584 et
1593 1527 1776 1603 gratia
1821 1535 1880 1584 et
1922 1543 2058 1586 cura
2092 1529 2232 1586 artis
2261 1527 2533 1602 increvit,

536 1625 595 1676 ut
624 1631 698 1674 ne
725 1611 1026 1673 clarissimi
1056 1609 1286 1689 quidem
1314 1610 1424 1669 viri
1449 1609 1822 1669 abstinuerint
1853 1627 1968 1688 quo
1991 1611 2176 1670 minus
2204 1619 2265 1670 et
2291 1612 2406 1690 ipsi
2426 1609 2528 1670 ali·
2553 1628 2607 1670 ιε

538 1697 674 1779 quid
715 1695 787 1757 de
832 1714 902 1757 ea
944 1694 1298 1771 scriberent,
1348 1702 1525 1772 utque
1565 1692 1924 1772 temporibus
1969 1693 2308 1773 quibusdam
2355 1711 2534 1774 super

537 1782 739 1860 viginti
770 1779 1039 1840 celebres
1070 1778 1309 1838 scholae
1342 1777 1524 1837 fuisse
1547 1777 1604 1835 in
1635 1776 1777 1836 urbe
1807 1776 2128 1848 tradantur:
2168 1779 2352 1858 pretia
2386 1789 2530 1837 vero

498 1864 1040 1944 grammaticorum
1080 1870 1231 1921 tanta
1274 1860 1699 1938 mercedesque
1737 1869 1850 1920 tam
1889 1879 2161 1939 maguae,
2205 1871 2266 1921 ut
2303 1869 2532 1922 constet

534 1948 811 2009 Lutatium
838 1943 1197 2024 Daphnidem
1218 1991 1234 2020 ,
1286 1962 1454 2023 quem
1486 1943 1734 2004 Laevius
1757 1944 2030 2005 Melissus
2061 1962 2169 2023 per
2215 1945 2530 2007 cavillatio-

536 2048 668 2092 nem
690 2029 934 2090 nominis
958 2027 1149 2088 Panos
1177 2045 1410 2106 agasma
1435 2027 1602 2105 dicit,
1631 2026 1806 2088 Dcc.
1830 2028 2060 2089 milibus
2087 2047 2368 2090 nummum
2392 2046 2425 2087 a
2455 2029 2528 2103 Q.
2547 2047 2598 2088 20

538 2113 746 2176 Catulo
780 2121 1029 2192 emptum
1060 2130 1131 2171 ac
1162 2111 1329 2171 brevi
1353 2113 1754 2173 manumissum
1773 2157 1790 2188 ,
1820 2111 2214 2194 L.‚Apuleium
2245 2112 2319 2174 ab
2342 2111 2532 2174 Elicio

540 2198 784 2261 Calvino
820 2199 1015 2276 equite
1036 2197 1295 2256 Romano
1320 2195 1644 2275 praedivite
1676 2195 2087 2274 quadringenis
2110 2199 2310 2257 annuis
2347 2195 2533 2258 *con-

538 2285 745 2345 ductos
775 2281 986 2341 multos
1019 2279 1312 2341 edoceret.
1367 2279 1512 2339 Nam
1544 2281 1599 2338 in
1630 2281 1964 2357 provincias
1985 2297 2220 2360 quoque
2251 2297 2533 2358 gramma-

538 2371 654 2429 tica
688 2372 1129 2445 penetraverat,
1164 2381 1235 2424 ac
1267 2363 1526 2423 nonnulli
1550 2362 1622 2422 de
1653 2365 1971 2424 notissimis
2001 2364 2340 2442 doctoribus
2364 2381 2532 2442 pere-

538 2469 648 2531 gre
692 2449 1042 2523 docuerunt,
1092 2449 1337 2507 maxime
1378 2447 1436 2505 in
1467 2445 1651 2508 Gallia
1695 2447 1953 2524 Togata;
1999 2449 2150 2508 inter
2182 2465 2330 2527 quos
2363 2447 2598 2508 Octa-25

537 2536 666 2593 vius
688 2531 919 2592 Teucer
952 2539 1012 2590 et
1032 2530 1389 2593 Pescennius
1420 2528 1626 2590 Iaccus
1661 2539 1718 2590 et
1743 2530 1967 2610 Oppius
1997 2529 2249 2603 Chares;
2285 2532 2382 2592 hic
2412 2532 2535 2610 qui-

538 2618 669 2678 dem
702 2615 775 2676 ad
818 2613 1069 2674 ultimam
1112 2623 1358 2675 aetatem
1377 2659 1394 2690 ,
1441 2624 1498 2674 et
1546 2631 1670 2674 cum
1729 2616 1838 2675 iam
1875 2632 1990 2674 non
2043 2617 2311 2693 ingressu
2359 2615 2535 2676 modo

538 2701 889 2762 deficeretur
918 2697 1024 2759 sed
1056 2707 1115 2758 et
1138 2699 1287 2758 visu.

490 2803 525 2856 4
666 2783 1005 2863 Appellatio
1033 2783 1538 2860 grammaticorum
1567 2780 1791 2843 Graeca
1831 2783 2240 2843 consuetudine
2272 2784 2534 2853 invaluit:

542 2867 648 2932 sed
670 2867 831 2928 initio
850 2867 1085 2928 litterati
1101 2867 1476 2928 vocabantur.
1516 2865 1822 2926 Cornelius
1850 2883 2081 2945 quoque
2097 2866 2302 2945 Nepos
2331 2866 2536 2928 libello
2554 2891 2604 2933 30

542 2970 657 3035 quo
703 2953 1001 3030 distinguit
1036 2950 1343 3011 litteratum
1379 2948 1450 3008 ab
1487 2949 1741 3028 erudito,
1771 2951 2056 3011 litteratos
2099 2950 2328 3030 quidem
2357 2951 2536 3028 vulgo

540 3037 829 3120 appellari
870 3037 951 3096 ait
986 3051 1091 3094 eos
1128 3035 1226 3113 qui
1256 3033 1472 3112 aliquid
1507 3033 1816 3112 diligenter
1851 3042 1910 3094 et
1957 3043 2124 3094 acute
2169 3035 2538 3114 scienterque

543 3123 771 3201 possint
794 3130 887 3181 aut
912 3118 1111 3180 dicere
1134 3107 1234 3178 au!
1254 3116 1538 3190 scribere,
1573 3126 1827 3178 ceterum
1861 3119 2102 3197 proprie
2126 3120 2213 3178 sic
2237 3119 2539 3198 appellan-

540 3206 649 3266 dos
685 3213 988 3283 poetarum
1010 3204 1396 3280 interpretes,
1421 3202 1515 3279 qui
1537 3221 1568 3261 a
1597 3200 1836 3262 Graecis
1860 3203 2216 3279 grammatici
2240 3205 2534 3263 nominen-

538 3298 651 3349 tur.
676 3288 935 3349 Eosdem
960 3287 1317 3346 litteratores
1342 3287 1635 3347 vocitatos
1653 3284 1903 3346 Messala
1921 3284 2207 3346 Corvinus
2223 3288 2279 3345 in
2292 3287 2536 3366 quadam
2553 3307 2600 3350 ss

542 3372 793 3450 epistola
823 3369 1104 3446 ostendit,
1134 3387 1263 3430 non
1285 3387 1424 3430 esse
1445 3367 1570 3430 sibi
1597 3368 1797 3429 dicens
1818 3387 1948 3430 rem
1968 3373 2101 3431 cam
2131 3369 2323 3432 Furio
2347 3369 2532 3432 Biba-

540 3455 703 3531 cu10,
738 3471 816 3515 ne
842 3472 980 3516 cum
1010 3450 1229 3513 Ticida
1259 3452 1502 3531 quidem
1533 3458 1642 3513 aut
1667 3452 2014 3516 litteratore
2045 3452 2282 3515 Catone
2293 3479 2325 3526 ,·
2358 3455 2532 3532 signi·

536 3539 677 3599 fleat
699 3537 849 3596 enim
874 3535 1026 3599 haud
1050 3534 1222 3595 dubie
1245 3535 1541 3596 Valerium
1565 3534 1870 3616 Catonem,
1901 3546 2133 3618 poetam
2158 3537 2321 3598 simul
2348 3555 2529 3618 gram·
2683 3581 2688 3773 Ι
