2700 4234
921 324 1338 373 PRAEFATIO.
1745 324 2025 375 Lxxxnl

207 486 442 559 singulis
484 484 680 543 verbis
716 484 806 540 vel
849 484 918 539 de
963 484 1229 540 universo
1271 498 1484 553 genere
1530 482 1784 542 iudicare
1831 486 2017 543 licent.

208 568 599 641 Distinguendi
633 566 780 623 enim
818 573 945 624 sunt
979 568 1047 623 ab
1085 565 1326 637 integris
1370 564 1533 623 libris
1563 584 1705 639 quos
1746 568 2017 642 inpressa
2102 600 2107 605 ·

208 653 459 725 exemplu
501 652 754 708 referunt
789 650 831 705 ii
872 650 1132 719 codices,
1181 648 1275 721 qui
1319 650 1557 721 amplius
1600 652 1826 710 dimidiu
1858 656 2021 725 purte

205 736 502 794 breviores
542 740 701 803 sunt,
729 733 1036 789 Parisinum
1065 734 1192 789 dieo
1221 736 1384 803 7977,
1414 736 1789 806 Bonnensem‚
1827 736 2022 792 Mona-

207 836 462 889 eensmn,
510 812 942 893 Vaticanum72).
1028 817 1074 872 li
1123 815 1268 872 enim
1315 817 1449 873 libri
1491 818 1560 874 de
1592 824 1661 879 69
1698 819 2021 889 versieulis,

205 920 344 975 quos
383 903 444 958 in
482 907 680 959 nostro
724 902 980 974 exemplo
1014 898 1233 957 Horatii
1277 900 1394 957 vita
1436 902 1822 974 complectitur
1842 944 1859 973 ‚
1908 918 2019 959 non

210 989 331 1060 plus
369 1003 532 1057 quam
565 992 636 1045 30
674 990 1061 1054 servaverunt,
1108 983 1377 1040 excidere
1406 985 1561 1056 passi
1593 987 1766 1042 verba
1803 1004 1861 1059 p.
1891 991 2019 1056 297,

212 1079 274 1130 15
308 1071 592 1141 Augustus
622 1074 680 1123 et
717 1084 862 1139 quae
894 1074 1200 1139 sequuntur
1229 1083 1408 1138 usque
1440 1069 1510 1124 ad
1539 1085 1594 1140 p.
1626 1074 1751 1139 298,
1785 1078 1847 1127 ll
1884 1070 2019 1127 Gae-

207 1170 320 1219 sar,
351 1160 468 1210 tum
497 1159 570 1213 23
595 1152 895 1222 domusque
921 1182 1008 1193 --
1035 1156 1101 1211 27
1136 1152 1432 1217 tenebatur,
1472 1158 1759 1224 postremo
1788 1160 1861 1213 30
1892 1158 2022 1224 post

215 1266 298 1277 -
329 1244 400 1297 33
426 1237 662 1292 tabulas·
747 1234 880 1291 Tam
924 1237 1152 1291 brevem
1185 1234 1401 1291 Horatii
1436 1235 1605 1292 vitum
1638 1233 1881 1293 fortasse
1914 1236 2015 1292 ali-

218 1319 342 1391 quis
397 1319 890 1391 interpolationum
931 1319 1267 1390 quarundam
1313 1334 1521 1375 memor
1583 1319 2018 1392 antiquissimum

216 1410 273 1458 et
318 1401 608 1473 genuinam
646 1408 834 1476 putet;
885 1419 1076 1458 verum
1117 1402 1168 1458 si
1216 1402 1479 1474 proprius
1522 1418 1638 1458 rem
1684 1404 2017 1475 inspexerit,

212 1486 419 1543 omissa
449 1486 832 1559 deprehendet
861 1502 927 1541 ea
959 1501 1102 1556 quae
1135 1484 1375 1541 omnium
1404 1484 1623 1541 minime
1652 1487 1853 1542 abesse
1884 1502 2018 1559 pos-

213 1564 442 1645 sunt⁷⁸)‚
476 1576 672 1625 eontra
701 1575 964 1642 suspecta
1002 1568 1185 1625 omnia
1218 1568 1573 1624 tenacissime
1604 1576 1847 1625 servata.
1906 1570 2018 1626 Itu-

209 1670 315 1725 qne
355 1670 424 1710 eu
465 1652 716 1709 brevitas
762 1652 1000 1709 librario
1031 1651 1199 1709 alieni
1233 1652 1500 1721 debetur,
1548 1652 1641 1721 qui
1680 1651 1867 1708 inutili
1903 1653 2018 1708 sei-

207 1738 342 1793 lieet
388 1737 694 1794 verborum
746 1734 1059 1807 prolixitati
1101 1734 1409 1791 omittendo
1450 1734 1776 1790 medendum
1819 1734 2017 1791 existi-

208 1822 390 1877 mavit.

331 1904 658 1975 Sequuntur
690 1916 756 1959 ea
789 1903 950 1972 locu,
983 1917 1124 1972 quae
1153 1901 1210 1957 in
1240 1901 1403 1958 libris
1438 1901 1616 1958 minus
1648 1902 1793 1959 bene
1823 1918 1887 1959 se
1918 1904 2020 1959 hu-

204 1989 337 2044 bere
371 1988 502 2042 visu
547 1991 692 2041 sunt.

206 2133 336 2185 1701
378 2130 598 2183 Carolus
631 2132 732 2204 Fffl!
767 2133 1010 2183 nonnulle
1050 2133 1278 2199 protulit.
1316 2150 1387 2170 ὸ-
1422 2131 1535 2183 Non
1568 2135 1832 2183 numeravi
1866 2135 2020 2185 eolle-

203 2203 274 2267 gii
309 2199 698 2252 Gemblaeensis
729 2202 955 2251 codicem
989 2200 1399 2265 antiquissimum
1417 2237 1433 2262 ‚
1478 2201 1531 2250 in
1571 2214 1671 2265 quo
1708 2200 2020 2254 Pulmannus

202 2271 416 2321 eandem
449 2268 614 2318 vitam
649 2270 900 2334 reperisse
933 2285 990 2319 se
1022 2270 1110 2321 ait.

335 2336 433 2401 72)
473 2334 613 2385 Haec
644 2338 714 2386 itu
747 2337 898 2402 plane
933 2338 1007 2387 uti
1040 2338 1298 2402 perscribo
1331 2338 1386 2387 in
1409 2336 1641 2387 Parisino
1674 2337 1801 2388 libro
1835 2353 1892 2389 se
1928 2336 2021 2390 ha·

201 2410 317 2459 bere
374 2406 528 2456 seito.
603 2404 732 2454 Nam
781 2405 844 2455 de
887 2405 1098 2469 reliquis
1145 2406 1228 2456 res
1277 2406 1433 2471 paulo
1476 2405 1739 2456 obscurior
1790 2414 1883 2457 est.
1960 2408 2017 2459 In

199 2473 464 2527 Bonnensi
499 2487 690 2539 magna
723 2474 811 2523 illa
839 2474 1019 2523 lacuna
1042 2474 1248 2525 omnino
1287 2474 1465 2524 eadem
1500 2473 1765 2535 indicatur,
1804 2474 1899 2527 sed
1926 2490 2019 2527 ex-

198 2553 374 2595 trema*
391 2542 522 2593 inde
557 2556 588 2591 a
621 2542 864 2592 vocabulo
915 2544 1182 2607 domusque
1213 2557 1378 2609 panea
1418 2542 1507 2593 illa
1550 2550 1600 2593 et
1642 2556 1791 2593 erm
1836 2544 2018 2597 abesse

200 2613 368 2663 omnia
413 2610 674 2661 dicuntur.
747 2612 806 2660 In
842 2610 1132 2661 Monacensi
1177 2611 1304 2662 libro
1348 2616 1367 2643 θ
1386 2610 1601 2662 deficere
1640 2611 1861 2663 mediam
1906 2612 2015 2665 fere

199 2688 395 2746 partem
408 2678 424 2707 ’
457 2678 708 2730 Kirehner
734 2694 786 2744 p.
817 2678 886 2729 43
916 2686 1128 2731 testatus
1158 2688 1250 2729 est.
1320 2681 1397 2731 De
1425 2679 1661 2730 Vaticani
1691 2678 1887 2732 lacunis
1912 2680 2017 2731 Fen

201 2745 327 2799 nihil
362 2747 606 2808 tradidit,
657 2749 750 2798 sed
780 2753 883 2797 tam
930 2748 1109 2797 allatae
1154 2763 1219 2797 ex
1269 2758 1415 2814 parte
1456 2748 1727 2813 superstite
1773 2747 2014 2800 lectiones

202 2831 354 2881 quam
379 2830 488 2867 non
515 2815 698 2866 allatae
733 2817 790 2865 in
817 2816 1046 2881 partibus
1074 2816 1367 2881 interceptis
1404 2815 1539 2877 (sine
1573 2822 1775 2865 auctore
1811 2832 1865 2883 p.
1889 2817 2013 2881 297,

201 2888 269 2935 24
299 2888 539 2949 ingerere
571 2884 978 2935 commemoravit
990 2884 1173 2947 Ritter)
1205 2899 1320 2933 eum
1356 2883 1541 2934 librum
1570 2881 1811 2935 mutilatis
1836 2898 2015 2935 noeen-

202 2954 420 3005 eendum
455 2949 575 3003 esse
605 2961 844 3019 arguunt.

335 3020 434 3086 73)
488 3020 620 3071 Nam
655 3036 830 3073 eorum
865 3035 993 3085 quae
1035 3021 1088 3070 in
1132 3020 1298 3085 prima
1334 3022 1517 3071 lacuna
1550 3020 1847 3074 exciderunt
1884 3020 2014 3087 (non

200 3089 526 3155 improbante
562 3089 775 3150 crinita,
821 3087 914 3139 cfr.
958 3090 1127 3139 adnot.
1163 3086 1277 3153 68.)
1314 3088 1589 3140 Horatiana
1632 3088 2015 3159 seholinsupra

201 3173 252 3223 p.
287 3158 420 3219 296,
479 3156 550 3209 35
599 3165 649 3207 et
703 3157 774 3209 39
825 3157 902 3207 bis
938 3158 1234 3208 nominatim
1268 3158 1577 3208 mentionem
1628 3157 1872 3211 fecerunt.
1942 3158 2020 3209 Ne

202 3233 500 3291 postremus
540 3227 744 3290 quidem
772 3226 916 3276 loeus
955 3224 1284 3291 excipiendus
1315 3235 1395 3277 est
1409 3264 1424 3288 ‚
1467 3226 1549 3276 eui
1591 3240 1695 3277 non
1744 3226 2019 3279 omissione

203 3294 294 3344 sed
335 3293 697 3346 emendatione
735 3294 1138 3345 subveniendum
1171 3309 1286 3345 esse
1323 3294 1511 3346 iudico.
1584 3295 1839 3346 Vitiosum
1870 3294 2017 3346 -enim

202 3362 327 3413 illud
355 3378 545 3414 nonum
580 3363 774 3415 scribae
808 3377 910 3413 non
941 3361 1180 3413 Suetonio
1211 3363 1423 3429 imputo,
1463 3378 1577 3413 enm
1612 3372 1662 3415 et
1683 3364 2019 3428 Hieronymus

201 3431 376 3481 LVII
405 3438 554 3483 reete
586 3432 770 3482 babeat
799 3438 848 3481 et
877 3432 930 3482 in
961 3431 1062 3481 alie
1083 3430 1275 3481 Horatii
1309 3433 1429 3495 vita,
1470 3447 1599 3497 quae
1626 3449 1690 3483 ex
1714 3432 2019 3484 Suetonium

198 3508 448 3566 excerpta
503 3506 583 3551 est
636 3498 912 3563 (Kirehner
961 3514 1079 3550 nov.
1133 3507 1327 3563 quaest.
1389 3516 1444 3565 p.
1502 3502 1603 3567 44)
1660 3504 2020 3567 septuaqeeeno

203 3582 312 3631 rep
329 3572 382 3621 ti
397 3584 489 3619 mo
525 3568 767 3633 seriptum
797 3568 878 3622 sit.

1525 3640 1593 3693 f*
