2700 4234
486 319 604 384 182
672 334 731 381 c.
765 332 1065 380 sumom
1100 331 1355 391 TRANQ.
1387 332 1482 378 ms:
1515 332 1682 378 vrrA
1718 331 2083 380 casuum
2113 333 2252 380 ΜΒ.
2279 334 2370 380 v1.

484 507 650 570 quam
701 495 907 567 postea
949 484 1185 565 publico
1232 504 1297 546 se
1344 484 1483 544 illud
1522 483 1704 546 horae
1745 487 1868 545 sine
1913 485 2154 545 tribunis
2199 487 2484 547 commisit

482 571 693 654 procul
724 579 783 630 et
814 569 1044 630 occulte
1074 568 1577 647 subsequentibus.
1644 566 1898 628 Interdiu
1929 585 2161 648 quoque
2194 569 2342 631 clam
2369 587 2476 647 ge-

482 656 719 724 statoria
751 652 899 715 sella
930 652 1155 714 delatus
1184 655 1241 712 in
1272 652 1570 728 theatrum,
1602 651 1980 712 seditionibus
2005 655 2477 730 pantomimorum

484 758 519 799 e
552 748 715 818 parte
745 739 1053 817 proscaeni
1082 739 1390 814 superiore
1418 736 1662 812 signifer
1689 735 1852 795 simul
1894 754 1964 795 ac
2005 744 2305 814 spectator
2347 736 2477 796 ade·

482 833 599 892 rat;
634 832 692 883 et
720 839 847 882 cum
877 819 949 882 ad
975 837 1175 880 manus
1207 828 1438 879 ventum
1469 828 1628 880 esset
1649 818 2053 898 lapidibusque
2085 829 2143 879 et
2171 820 2476 880 subsellio·
2499 849 2524 886 5

482 925 606 968 rum
637 904 1013 982 fragminibus
1035 903 1470 980 decerneretur,
1499 903 1674 963 multa
1702 905 1910 982 etipse
1934 905 2072 964 iecit
2097 905 2154 962 in
2177 904 2474 983 populum,

397 1013 463 1070 27
484 1000 655 1070 atque
686 991 853 1048 etiam
892 989 1180 1066 praetoris
1218 995 1394 1064 caput
1426 987 1834 1047 consauciavit.
1924 987 2198 1047 Paulatim
2229 1002 2369 1047 vero
2393 989 2475 1046 in-

484 1071 918 1134 valescentibus
949 1072 1125 1146 vitiis,
1156 1069 1436 1130 iocularia
1463 1079 1523 1130 et
1551 1070 1807 1130 latebras
1841 1071 2031 1131 omisit
2061 1071 2330 1150 nullaque
2358 1070 2446 1130 dis

483 1155 785 1218 simulandi
812 1173 949 1215 cura
980 1154 1048 1215 ad
1087 1155 1305 1214 maiora
1336 1151 1524 1231 palam
1557 1155 1764 1232 erupit.

608 1240 826 1320 Epulas
855 1257 888 1298 a
917 1237 1107 1298 medio
1141 1236 1236 1297 die
1274 1236 1344 1297 ad
1366 1237 1608 1298 inediam
1631 1246 1862 1298 noctem
1888 1237 2281 1316 protrahebat,
2314 1238 2471 1298 refo—
2495 1251 2546 1292 ιο

481 1334 571 1384 tus
602 1324 833 1401 saepius
867 1322 1067 1382 calidis
1100 1323 1335 1400 piscinis
1375 1339 1444 1380 ac
1488 1329 1750 1400 tempore
1791 1322 2013 1382 aestivo
2059 1323 2298 1391 nivatis;
2343 1339 2475 1380 cae-

481 1407 813 1484 nitabatque
843 1422 1260 1484 nonnumquam
1292 1413 1353 1464 et
1392 1406 1449 1476 in
1491 1404 1752 1482 publico,
1793 1405 2122 1465 naumachia
2171 1405 2478 1483 praeclusa

480 1491 577 1552 vel
603 1491 823 1551 Martio
851 1507 1056 1568 campo
1100 1488 1194 1548 vel
1240 1489 1399 1548 circo
1441 1490 1710 1564 maximo,
1755 1491 1906 1549 inter
1943 1498 2265 1549 scortorum
2302 1491 2480 1549 totius

480 1575 639 1635 urbis
690 1583 748 1632 et
798 1573 1220 1634 ambubaiarum
1268 1573 1600 1632 ministeria.
1689 1572 1972 1648 Quotiens
2010 1572 2225 1633 Ostiam
2279 1572 2477 1633 Tiberi

481 1659 763 1720 deflueret
792 1666 886 1717 aut
914 1656 1187 1717 Baianum
1219 1657 1400 1716 sinum
1432 1657 1984 1735 praeternavigaret,
2023 1656 2341 1735 dispositae
2368 1674 2477 1734 per
2501 1678 2552 1717 ιε

481 1743 651 1803 litora
700 1750 759 1800 et
828 1743 987 1820 ripas
1051 1740 1424 1800 deversoriae
1479 1739 1752 1800 tabernae
1809 1740 2158 1821 parabantur
2213 1741 2477 1816 insignes

479 1844 667 1904 ganea
701 1833 759 1884 et
787 1833 1171 1885 matronarum
1200 1824 1484 1883 institorio
1532 1840 1713 1903 copas
1755 1825 2086 1884 imitantium
2133 1833 2302 1902 atque
2343 1824 2478 1883 hinc

479 1909 610 1970 inde
639 1907 984 1967 hortantium
1018 1916 1078 1967 ut
1108 1906 1454 1986 appelleret.
1541 1905 1840 1969 Indicebat
1867 1917 1926 1967 et
1947 1906 2320 1968 familiaribus
2345 1926 2475 1968 cae-

478 2009 605 2065 nas,
641 2008 882 2070 quorum
910 1991 1005 2048 uni
1032 1990 1289 2050 mitellita
1320 1989 1671 2068 quadragies
1702 1993 1970 2051 sestertio
1999 1991 2272 2067 constitit,
2308 1991 2477 2050 alteri

480 2074 663 2154 pluris
695 2073 987 2154 aliquanto
1016 2075 1291 2134 rosaria.·
2495 2096 2552 2136 20

409 2187 479 2242 23
606 2159 798 2237 Super
830 2160 1207 2234 ingenuorum
1237 2159 1610 2236 paedagogia
1643 2167 1702 2217 et
1729 2167 2030 2237 nuptarum
2062 2156 2478 2218 concubinatus

479 2242 705 2304 Vestali
747 2243 956 2320 virgini
997 2241 1250 2302 Rubriae
1294 2245 1410 2302 vim
1450 2241 1667 2317 intulit,
1714 2242 1905 2301 Acten
1938 2241 2204 2302 libertam
2247 2239 2478 2321 paulum

476 2327 616 2388 afuit
645 2327 779 2406 quin
812 2327 962 2386 iusto
992 2325 1101 2385 sibi
1142 2326 1500 2386 matrimonio
1543 2327 1942 2402 coniungeret,
1984 2326 2294 2385 summissis
2338 2341 2476 2384 con-

476 2409 765 2470 sularibus
796 2409 931 2469 viris
967 2411 1061 2488 qui
1102 2411 1270 2485 regio
1312 2428 1535 2488 genere
1586 2417 1768 2468 ortam
1820 2410 2184 2486 peierarent;
2237 2426 2476 2487 puerum

476 2495 724 2572 Sporum
758 2493 983 2552 exectis
1018 2491 1261 2552 testibus
1304 2494 1474 2554 etiam
1515 2494 1572 2552 in
1613 2491 1950 2551 muliebrem
1989 2503 2245 2552 naturam
2289 2501 2470 2551 trans·
2493 2514 2546 2554 25

476 2578 727 2652 figurare
759 2583 1019 2651 conatus,
1055 2593 1181 2635 cum
1212 2575 1346 2636 dote
1383 2586 1442 2636 et
1469 2575 1730 2637 flammeo
1762 2593 1882 2654 per.
1903 2575 2206 2637 sollemnia
2248 2578 2465 2654 nuptia-

472 2677 594 2718 rum
644 2657 1027 2718 celeberrimo
1074 2659 1270 2718 officio
1314 2659 1618 2721 deductum
1663 2658 1736 2718 ad
1777 2678 1842 2719 se
1881 2677 1990 2738 pro
2036 2677 2222 2720 uxore
2255 2658 2474 2718 habuit.

472 2741 761 2820 Extatque
794 2741 1083 2802 cuiusdam
1112 2759 1226 2802 non
1251 2744 1490 2803 inscitus
1513 2745 1699 2820 iocuS,
1731 2741 1882 2804 bene
1911 2743 2019 2822 aqi
2035 2743 2312 2820 potuisse
2337 2761 2475 2802 cum

470 2823 660 2885 rebus
689 2824 993 2902 humanis,
1027 2827 1089 2886 st·
1104 2825 1411 2888 Domitius
1436 2833 1620 2905 pater
1643 2826 1826 2887 talem
1847 2826 2168 2887 habuisset
2186 2843 2469 2886 umorem.

470 2908 634 2968 Hunc
675 2909 945 2988 Sporum,
989 2910 1376 2986 Augustarum
1417 2912 1764 2972 ornamentis
1807 2911 2096 2970 excultum
2138 2910 2546 2988 lecticaqueao

472 3002 734 3069 vectum,
786 3000 843 3052 et
891 2993 1043 3052 circa
1088 3003 1406 3054 conventus
1445 3003 1846 3073 mercatusque
1889 2994 2170 3054 Graeciae
2225 3011 2296 3053 ac
2333 3011 2478 3054 mox

468 3075 689 3136 Romae
724 3078 878 3136 circa
909 3076 1201 3154 Sigillaria
1246 3077 1549 3138 comitatus
1589 3087 1699 3155 est,
1748 3076 2054 3138 identidem
2098 3076 2474 3138 exosculans.

468 3157 613 3218 Nam
644 3162 839 3220 matris
872 3159 1233 3220 concubitum
1265 3161 1564 3239 appetisse
1593 3171 1654 3222 et
1685 3161 1756 3221 ab
1791 3161 2276 3222 obtrectatoribus
2319 3162 2471 3239 eius,

467 3257 541 3298 ne
574 3241 747 3301 ferox
780 3251 951 3321 atque
981 3245 1267 3322 impotens
1295 3245 1500 3304 mulier
1529 3254 1590 3304 et
1615 3244 1727 3305 hoc
1758 3263 1980 3322 genere
2025 3247 2248 3322 gratiae
2295 3262 2470 3322 prae·

465 3321 713 3403 valeret,
746 3324 1099 3404 deterritum,
1130 3345 1299 3386 nemo
1341 3327 1652 3405 dubitavit,
1696 3329 1890 3408 utique
1931 3338 2235 3409 postquam
2277 3347 2467 3388 mere·
2489 3341 2544 3382 35

464 3404 689 3484 tricem,
721 3413 888 3486 quam
920 3409 1071 3469 fama
1103 3420 1229 3470 erat
1261 3411 1624 3491 Agrippinae
1657 3411 2028 3489 simillimam,
2071 3414 2220 3473 inter
2251 3429 2470 3472 concu-

462 3483 628 3548 binas
658 3492 902 3569 recepit.
991 3490 1141 3551 Olim
1173 3495 1342 3554 etiam
1377 3495 1644 3574 quotiens
1673 3496 1884 3556 lectica
1919 3514 2044 3556 cum
2073 3504 2256 3556 matre
2285 3495 2468 3556 vehe-

462 3577 642 3648 retur,
666 3570 1021 3632 libidinatum
1042 3575 1265 3636 inceste
1290 3593 1361 3636 ac
1384 3578 1622 3639 maculis
1645 3581 1826 3640 vestis
1850 3579 2139 3658 proditum
2157 3579 2469 3640 affirmant.
