2700 4234
523 322 1082 371 DEPEnm‘romm
1117 323 1481 372 mmmmm
1525 324 1927 384 nummum.
2100 284 2223 375 m

219 480 274 537 in
322 476 548 537 Etruria
597 476 943 537 consedisse
985 475 1250 537 Timaeus
1307 478 1492 538 refert
1538 478 1685 539 duce
1732 478 2067 556 Tyrrheno,
2130 483 2221 559 qui

215 562 350 622 fatri
381 578 486 620 suo
523 568 784 620 cesserat
822 563 992 637 regni
1025 564 1417 621 contentione.
1504 562 1687 640 Igitur
1728 566 1785 621 in
1818 563 2047 625 Etruria
2078 565 2226 625 inter

221 654 455 705 ceteros
497 646 639 704 ritus
689 645 1160 723 superstitionum
1203 664 1429 705 suarum
1460 648 1798 725 spectacula
1830 664 2061 727 quoque
2092 648 2224 709 reli-

218 729 410 806 gionis
469 729 698 787 nomine
741 729 1066 798 instituunt;
1123 728 1254 789 inde
1303 730 1545 791 Romani
1602 732 1919 791 arcessitos
1978 733 2225 793 artifices

168 820 569 891 summantur,
609 821 867 889 tempuS,
905 815 1386 890 enuntiationem,
1433 824 1490 873 ut
1522 813 1638 873 ludi
1672 833 1703 875 a
1737 814 1908 890 Lydis
1944 832 2222 876 vocaren-

215 907 456 956 tur..
548 894 688 955 Gum
718 898 1049 977 promiscue
1081 896 1198 956 ludi
1228 860 1513 957 Liberalia
1550 908 1922 999 vocarentur,
1944 899 2225 959 honorem

214 940 407 1041 Liberi
436 982 618 1058 patris
639 980 943 1040 manifeste
959 979 1266 1049 sonabant:
1297 980 1509 1041 Libero
1541 984 1686 1042 enim
1716 1000 1747 1043 a
1781 983 2010 1043 rusticis
2038 984 2223 1063 primo

217 1064 432 1123 fiebant
463 1064 537 1123 ob
561 1064 931 1139 beneficium,
965 1064 1118 1143 quod
1152 1066 1204 1123 ei
1233 1064 1582 1143 adscribunt,
1628 1067 2015 1127 demonstrata
2038 1069 2223 1145 gratia

213 1149 352 1207 vini.
427 1147 656 1207 Exinde
681 1146 798 1206 ludi
831 1145 1144 1209 Consualia
1165 1147 1337 1225 dicti,
1366 1152 1462 1227 qui
1493 1151 1571 1209 ini
1598 1151 1655 1211 io
1684 1150 2010 1229 Neptunum
2035 1150 2220 1211 hono·

137 1244 199 1287 ιο
217 1230 448 1291 rabant:
492 1232 734 1291 eundem
775 1232 924 1291 enim
964 1242 1023 1293 et
1060 1230 1312 1291 Consum
1342 1233 1647 1293 vocabant.
1702 1230 1952 1295 -Dehinc
1990 1235 2225 1313 Equiria

217 1316 382 1393 equis
405 1314 867 1377 MartiRomulus
891 1316 1060 1386 dixit;
1091 1332 1431 1395 quam-quam
1458 1318 1553 1377 alii
1577 1317 1961 1379 etConsualia
1974 1318 2222 1379 Romulo

213 1400 557 1478 defendunt,
602 1401 756 1481 quod
801 1420 870 1463 ea
909 1400 1122 1462 Conso
1146 1400 1459 1479 dicaverit,
1499 1401 1608 1461 deo
1650 1411 1711 1462 ut
1737 1402 1943 1462 volunt
1986 1401 2237 1477 consilii,

213 1488 336 1545 eius
379 1485 612 1545 scilicet
652 1503 768 1564 quo
798 1494 936 1546 tunc
965 1486 1302 1545 Sabinarum
1332 1487 1618 1563 virginum
1664 1487 1927 1564 rapinam
1961 1482 2239 1545 militibus

213 1572 331 1629 suis
361 1570 419 1629 in
466 1572 824 1630 matrimonia
857 1570 1217 1647 excogitavit
1247 1614 1261 1627 .
1296 1614 1309 1627 .
1339 1614 1353 1627 .
1402 1578 1458 1629 et
1488 1586 1641 1629 nune
1679 1588 1777 1629 ara
1811 1567 2011 1629 Conso
2056 1568 2141 1627 illi
2182 1569 2242 1627 in

138 1668 192 1708 15
217 1655 378 1713 circo
411 1652 646 1714 defossa
683 1663 774 1713 est
814 1653 886 1713 ad
918 1656 1132 1733 primas
1161 1662 1346 1713 metas
1380 1652 1665 1713 subterra
1698 1670 1825 1713 cum
1855 1654 2239 1731 inscriptione

212 1736 380 1796 huius
428 1737 610 1797 modi:
672 1736 921 1798 Consus
959 1738 1252 1814 consilio,
1302 1736 1483 1798 Mars
1526 1738 1765 1814 duello,
1811 1734 2014 1797 Lares
2054 1734 2237 1797 coillo

209 1826 570 1980 plotentgsal
590 1822 942 1967 Sffizrifiscantt
983 1821 1132 1965 apud
1165 1840 1290 1967 eam
1326 1821 1525 1981 Νοιιίὁι
1543 1821 1742 1964 Iuliis¹
1747 1820 2104 1963 sacerdxptes
2130 1836 2235 1898 pu·

280 1920 356 1963 ici
830 1924 904 1985 ep
932 1924 1020 1965 em
1063 1926 1160 1966 res
1245 1924 1411 1967 amen
1514 1923 1697 1966 uri-ma
1726 1924 1775 1964 is
1826 1922 1859 1963 e
1992 1921 2235 1981 irgines.

212 1988 442 2047 Dehinc
467 1987 618 2048 idem
641 1989 923 2050 Romulus
954 1990 1080 2050 Iovi
1107 1990 1374 2052 Feretrio
1412 1990 1582 2049 ludos
1613 1990 1853 2049 instituit
1884 1991 1941 2048 in
1959 1988 2235 2065 Tarpeii),

139 2090 194 2131 ιο
216 2088 366 2150 quos
399 2070 682 2151 Tarpeios
730 2074 917 2134 dictos
952 2084 1011 2134 et
1055 2073 1418 2154 Capitolinos
1446 2074 1581 2135 Piso
1622 2073 1813 2134 tradit.
1900 2072 2041 2133 Post
2086 2072 2237 2130 hunc

210 2154 396 2218 Numa
444 2155 758 2237 Pompilius
802 2156 970 2219 Marti
1009 2168 1070 2217 et
1107 2158 1383 2235 Robigini
1426 2159 1595 2235 fecit,
1645 2159 1820 2236 (nam
1852 2166 1911 2217 et
1951 2154 2237 2231 robiginis

213 2239 378 2299 deam
423 2240 751 2321 linxerunt)
793 2242 1003 2302 dehinc
1034 2241 1234 2302 Tullus
1270 2241 1585 2319 Hostilius,
1626 2241 1837 2301 dehinc
1858 2241 2057 2301 Ancus
2086 2238 2235 2298 Mar·

215 2325 338 2383 cius
388 2331 446 2383 et
485 2327 668 2385 ceteri
713 2319 948 2424 quoque
980 2344 1089 2403 per
1131 2326 1410 2386 ordinem.
1499 2324 1575 2385 Et
1612 2324 1817 2404 quibus
1856 2323 2031 2383 idolis
2067 2322 2236 2382 ludos

212 2409 589 2485 instituerint,
638 2411 889 2489 positum
921 2419 1010 2469 est
1041 2410 1192 2489 apud
1227 2410 1563 2470 Suetonium
1596 2408 2025 2486 Tranquillum,
2078 2406 2171 2464 vel
2204 2423 2237 2465 a

133 2506 193 2546 25
214 2492 422 2570 quibus
479 2491 850 2572 Tranquillus
906 2496 1157 2573 accepit.
1255 2492 1674 2557 Tertullianus
1730 2492 1807 2551 de
1856 2489 2237 2570 spectaculis

215 2591 357 2673 cap,
405 2584 460 2635 5.

334 2644 737 2757 Ἀσσᾶρια..
773 2657 1135 2761 .Νουμᾶς,
1181 2649 1217 2721 ὁ
1239 2658 1529 2759 πρῶτος
1542 2647 1857 2739 βασιλεύς
1883 2647 2048 2739 μετὰ
2076 2646 2235 2719 Ῥω-

211 2733 442 2820 μύλον
445 2705 805 2845 Ῥωμαίων
833 2738 1127 2822 γεγονώς
1145 2790 1162 2822 ,
1217 2734 1348 2805 ἀπὸ
1376 2736 1660 2824 σιδηρου
1693 2737 1805 2805 καὶ
1832 2738 2089 2841 χαλκοῦ
2114 2759 2235 2801 πε-

213 2820 544 2906 ποιημένα
551 2822 844 2922 πρῶτος
879 2823 1240 2928 ἐχαρίσατο
1293 2824 1707 2929 [γογγιοέριον
1773 2821 2047 2924 ἔδωκεν]
2072 2814 2235 2886 Ρω-

133 2924 190 2965 eo
211 2908 455 2989 μαίοις,
486 2930 621 2970 των
651 2898 781 2987 πρὸ
812 2899 1025 2972 αυτοῦ
1057 2904 1332 2973 πάντων
1354 2909 1465 2972 δια
1492 2910 1831 2973 σκυτίνων
1853 2903 1965 2970 καὶ
1988 2898 2233 3001 ὀστρα-

211 2991 426 3053 κίνων
453 2983 594 3093 τὴν
630 2992 861 3073 χρείαν
901 2988 1388 3093 πληρούντων,
1421 2987 1608 3095 ἅπερ
1628 2983 1977 3073 ωνόμασεν
2007 2988 2081 3053 ἐκ
2108 2984 2233 3051 τοῦ

214 3074 396 3137 ἰδίου
431 3066 759 3177 ὀνόματος
787 3070 1067 3158 νούμια,
1115 3100 1202 3151 ως
1247 3090 1414 3158 φησι
1470 3072 1919 3161 Τραγκυλλος.
1995 3075 2232 3136 Suidas

212 3178 263 3219 s.
316 3178 374 3220 v.
429 3150 736 3243 ἀσσάρια.
827 3159 1101 3223 Ioannes
1129 3161 1547 3224 Antiochenam
1575 3181 1641 3242 p.
1691 3170 1810 3222 553
1852 3162 1949 3223 ed.
1982 3159 2227 3220 Mitller.

214 3242 590 3306 chronicum
613 3246 924 3324 paschale
949 3246 1445 3308 Alexandrinum
1468 3266 1531 3326 p.
1564 3253 1679 3306 218
1706 3244 1906 3307 Bonn.
1977 3243 2228 3323 Syncel·

135 3344 190 3387 85
213 3328 312 3389 lus
340 3327 380 3389 I
396 3348 462 3407 p.
505 3338 616 3393 398
644 3327 842 3392 Bonn.
936 3329 1254 3392 Oedi-enus
1281 3329 1321 3391 I
1346 3350 1411 3409 p.
1446 3339 1564 3392 260
1590 3328 1788 3391 Bonn.
1877 3327 2234 3407 Anonymus

212 3410 529 3492 Scaliyeri
554 3432 622 3494 p.
669 3424 769 3475 54.
862 3414 1395 3495 Ghronoqraphus
1428 3412 1949 3477 Mommsenianus
1983 3430 2049 3489 p.
2086 3421 2227 3473 645.

341 3497 514 3578 Apud
559 3500 814 3572 maiores
844 3497 1052 3559 theatri
1084 3500 1302 3577 gradus
1341 3508 1557 3559 tantum
1586 3498 1841 3566 fuerunt:
1888 3514 2015 3557 nam
2054 3511 2229 3564 scena

213 3578 290 3639 de
331 3580 493 3658 ligno
528 3590 743 3645 tantum
772 3581 846 3641 ud
879 3590 1106 3663 tempus
1139 3582 1346 3659 fiebat,
1397 3582 1548 3642 unde
1588 3580 1880 3659 hodieque
1916 3578 2230 3658 permansit
