2700 4234
1142 311 1482 359 namma.
1677 294 1684 300 '
2163 299 2238 362 91

248 468 479 544 Quidam
513 469 876 543 existimant,
912 465 1121 526 adultis
1150 467 1261 526 iam
1290 466 1538 544 Augusti
1573 465 1794 544 liberis,
1829 466 1964 527 loco
1994 474 2054 526 et
2083 466 2245 546 quasi

244 554 617 633 possessione
646 552 905 630 usurpati
932 568 965 610 a
998 567 1063 609 se
1094 548 1189 609 diu
1218 549 1456 609 secundi
1483 550 1700 626 gradus
1727 559 1940 629 sponte
1969 553 2242 627 cessisse,

242 637 506 716 exemplo
546 635 624 697 M.
668 635 976 714 Agrippae
1016 635 1138 711 qui,
1179 633 1255 694 M.
1287 633 1572 694 Marcello
1619 632 1691 694 ad
1731 652 1966 694 munera
1993 629 2245 712 'publica

242 721 498 796 admoto,
531 719 839 795 Mytilenas
869 718 1095 794 abierit,
1128 735 1201 776 ne
1228 727 1321 777 aut
1346 716 1583 778 obstare
1609 726 1704 778 aut
1722 717 2054 778 obtrectare
2077 735 2244 796 prae·
2278 731 2390 812 ,am

202 822 225 860 s
246 823 373 865 sens
404 803 718 864 videretur.
806 802 989 877 Quam
1021 819 1251 862 causam
1280 809 1339 860 et
1367 803 1529 880 ipse,
1572 801 1681 862 sed
1711 810 1942 881 postea,
1978 800 2242 861 reddidit.

239 889 392 949 Tunc
426 896 613 948 autem
641 887 923 947 honorum
951 887 1275 946 satietatem
1306 903 1376 944 ac
1401 887 1660 963 requiem
1689 884 1950 945 laborum
1977 893 2242 964 praeten-

238 972 398 1049 dens,
428 979 805 1032 commeatum
838 971 1011 1049 petit;
1043 986 1233 1048 neque
1264 977 1362 1028 aut
1389 970 1554 1028 matri
1585 967 1928 1048 suppliciter
1957 969 2242 1048 precanti,

238 1065 327 1116 aut
360 1056 573 1116 vitrico
604 1055 797 1115 deseri
828 1072 894 1114 se
926 1054 1097 1113 etiam
1126 1055 1183 1112 in
1230 1061 1436 1112 senatu
1473 1054 1852 1132 conquerenti
1886 1054 2112 1112 veniam
2145 1051 2243 1111 de·
2293 1073 2410 1147 -3-r

238 1139 334 1199 dit.
402 1139 553 1214 Quin
594 1147 653 1198 et
698 1138 1053 1217 pertinacius
1093 1136 1504 1214 retinentibus,
1555 1136 1690 1196 cibo
1740 1155 1849 1215 per
1889 1135 2245 1215 quatriduum

176 1239 223 1280 ιο
244 1221 529 1282 abstinuit.
610 1221 787 1283 Facta
836 1220 1066 1281 tandem
1108 1219 1354 1281 abeundi
1397 1229 1719 1298 potestate,
1764 1220 1985 1280 relictis
2024 1219 2242 1279 Romae

238 1323 421 1366 uxore
469 1313 528 1364 et
563 1304 681 1366 filio
714 1306 1017 1366 confestim
1048 1304 1267 1364 Ostiam
1296 1302 1629 1380 descendit,
1674 1322 1748 1364 ne
1789 1302 1972 1364 verbo
2016 1302 2246 1381 quidem

241 1392 501 1468 cuiquam
548 1391 1019 1467 prosequentium
1068 1387 1295 1448 reddito
1344 1404 1680 1466 paucosque
1729 1387 2028 1464 admodum
2070 1388 2126 1445 in
2161 1385 2242 1444 di-

236 1491 443 1550 gressu
487 1471 876 1532 exosculatus.
931 1471 1026 1531 Ab
1059 1471 1218 1532 Ostia
1248 1487 1410 1531 oram
1448 1469 1793 1550 Campaniae
1824 1471 2054 1548 legens,
2083 1468 2316 1530 inbe-lt

238 1557 477 1618 cillitate
521 1556 771 1633 Augusti
818 1557 1099 1633 nuntiata,
1152 1555 1384 1634 paulum
1431 1554 1701 1614 substitit.
1789 1554 1908 1615 Sed
1947 1553 2242 1614 increbre-

173 1661 218 1700 ιε,
238 1650 437 1701 scente
466 1657 699 1700 rumore
730 1640 891 1718 quasi
918 1639 989 1700 ad
1012 1641 1385 1699 occasionem
1421 1639 1654 1698 maioris
1691 1639 1819 1716 spei
1857 1653 2241 1698 commorare—

234 1735 353 1801 tur,
396 1733 617 1784 tantum
661 1741 775 1784 non
814 1722 1075 1784 adversis
1122 1721 1560 1800 tempestatibus
1587 1721 1851 1782 Rhodum
1897 1721 2242 1797 enavigavit,

232 1811 583 1868 amoenitate
618 1816 676 1868 et
708 1807 1047 1868 salubritate
1078 1805 1295 1866 insulae
1326 1807 1436 1866 iam
1467 1805 1598 1865 inde
1623 1813 1825 1884 captus
1855 1823 1982 1865 cum
2015 1802 2086 1864 ad
2119 1819 2244 1862 eam

236 1891 306 1951 ab
330 1893 607 1953 Armenia
635 1890 867 1951 rediens
890 1890 1233 1970 appulisset.
1270 1889 1377 1949 Hic
1400 1888 1640 1950 modicis
1672 1897 1974 1949 contentus
2005 1885 2243 1948 aedibus
2293 1891 2306 1958 i

236 1994 346 2036 nec
376 1976 555 2037 multo
586 1975 811 2036 laxiore
842 1973 1191 2052 suburbano,
1226 1991 1412 2052 genus
1442 1976 1596 2033 vitae
1633 1973 1805 2033 civile
1834 1971 2130 2033 admodum
2164 1973 2241 2028 in·
2290 1961 2308 2036 „l

171 2078 217 2118 πο
237 2061 433 2137 stituit,
463 2062 591 2120 sine
621 2059 831 2119 lictore
866 2068 959 2119 aut
980 2059 1202 2118 viatore
1222 2059 1520 2136 gymnasio
1543 2057 1824 2116 interdum
1847 2055 2242 2130 obambulans,

234 2152 545 2222 mutuaque
576 2161 705 2203 cum
736 2142 1039 2203 Graeculis
1070 2141 1264 2203 officia
1294 2158 1578 2220 usurpans
1611 2158 1798 2219 prope
1833 2159 1908 2199 ex
1941 2156 2146 2218 aequo,

355 2226 539 2287 Forte
566 2226 849 2305 quondam
879 2229 936 2286 in
966 2225 1325 2304 disponendo
1357 2224 1449 2288 die
1470 2241 1636 2300 mane
1667 2222 2058 2302 praedixerat,
2085 2220 2243 2299 quid·
2319 2273 2326 2302 Ε

238 2310 367 2388 quid
400 2328 710 2388 aegrorum
746 2312 801 2369 in
834 2311 1066 2370 civitate
1096 2319 1256 2370 esset
1288 2310 1522 2368 visitare
1562 2325 1627 2366 se
1659 2306 1844 2373 velle:
1890 2306 1947 2365 id
1977 2323 2010 2364 a
2043 2306 2236 2382 proxi·
2315 2324 2336 2352 .·.

234 2396 339 2453 mis
383 2394 555 2454 aliter
584 2401 909 2471 exceptum,
940 2395 1192 2471 iussique
1230 2401 1360 2452 sunt
1401 2409 1601 2451 omnes
1641 2391 1806 2468 aegri
1851 2391 1908 2450 in
1952 2387 2239 2468 publicam

174 2493 221 2532 25
238 2480 525 2555 porticum
554 2477 772 2539 deferri
807 2495 875 2537 ac
904 2493 1013 2555 per
1044 2477 1414 2537 valitudinum
1442 2492 1660 2552 genera
1690 2474 1936 2552 disponi.
2007 2469 2240 2532 Percul-

238 2579 335 2620 sus
372 2577 521 2638 ergo
566 2562 863 2640 inopinata
906 2578 973 2620 re
1012 2559 1220 2639 diuque
1258 2559 1392 2638 quid
1428 2567 1636 2636 ageret
1673 2561 1965 2633 incertus,
2014 2554 2242 2616 tandem
2315 2565 2328 2590 ⁹

240 2643 501 2720 singulos
534 2645 767 2719 circuit,
810 2661 1097 2704 excusans
1127 2643 1339 2703 factum
1373 2644 1544 2702 etiam
1580 2643 1913 2702 tenuissimo
1947 2641 2154 2718 cuique
2185 2647 2244 2698 et

242 2728 459 2803 ignoto.
549 2728 735 2788 Unum
762 2727 877 2788 hoc
906 2726 1078 2788 modo
1108 2744 1298 2806 neque
1327 2735 1634 2806 praeterea
1667 2726 1967 2803 quicquam
1995 2730 2246 2782 notatum

247 2817 359 2886 est,
388 2813 447 2870 in
478 2829 591 2891 quo
626 2812 959 2872 exseruisse
990 2813 1080 2871 ins
1108 2809 1447 2870 tribuniciae
1471 2810 1776 2888 potestatis
1799 2810 1959 2868 visus
1982 2808 2087 2866 sit:
2121 2821 2248 2865 cum

176 2909 229 2950 so
250 2894 406 2953 circa
450 2895 681 2956 scholas
712 2904 773 2956 et
804 2894 1083 2956 auditoria
1130 2894 1528 2972 professorum
1565 2891 1826 2952 assiduus
1859 2899 2043 2966 esset,
2089 2897 2246 2949 moto

244 2978 394 3037 inter
424 2980 837 3059 antisophistas
867 2979 1143 3056 graviore
1171 2978 1389 3054 iurgio,
1423 2993 1539 3036 non
1571 2975 1750 3036 defuit
1782 2977 1877 3053 qui
1913 2991 2042 3034 eum
2073 2976 2246 3032 inter-

243 3062 573 3121 venientem
602 3072 662 3124 et
684 3063 845 3142 quasi
877 3061 1281 3122 studiosiorem
1304 3062 1486 3140 partis
1513 3059 1748 3120 alterius
1777 3059 2030 3119 convitio
2061 3059 2245 3116 inces-

246 3153 422 3204 seret.
492 3145 719 3208 Sensim
760 3149 953 3226 itaque
982 3163 1291 3222 regressus
1332 3144 1589 3220 domum,
1635 3152 1877 3222 repente
1909 3160 2036 3202 cum
2069 3158 2245 3219 appa-

246 3227 524 3289 ritoribus
555 3230 765 3308 prodiit
794 3232 1141 3309 citatumque
1163 3247 1271 3308 pro
1295 3228 1561 3289 tribunali
1591 3245 1738 3288 voce
1770 3227 2080 3305 praeconis
2112 3243 2245 3284 con-

178 3321 229 3364 as
253 3310 575 3372 vitiatorem
605 3316 730 3392 rapi
758 3314 920 3374 iussit
948 3314 1005 3373 in
1038 3330 1355 3374 carcerem.
1833 3310 1842 3318 ’

372 3393 675 3475 Comperit
712 3396 920 3457 deinde
947 3397 1147 3458 Iuliam
1188 3413 1430 3456 uxorem
1471 3395 1547 3455 ob
1583 3394 1848 3455 libidines
1879 3403 2050 3472 atque
2093 3392 2245 3452 adul-

248 3477 391 3538 teria
439 3478 789 3556 damnatam,
834 3480 1249 3559 repudiumque
1288 3481 1343 3539 ei
1383 3496 1487 3540 suo
1529 3480 1755 3540 nomine
1801 3495 1879 3538 ex
1910 3477 2247 3538 auctoritate

250 3557 497 3638 Augusti
532 3563 860 3634 remissum
904 3573 963 3624 et
992 3581 1327 3648 quamquam
1358 3563 1544 3623 laetus
1574 3564 1800 3639 nuntio,
1843 3569 2030 3621 tamen
2069 3556 2248 3620 officii
