2700 4234
116 0 363 16 φέρ”·

452 315 570 378 166
652 327 714 376 e.
740 327 1041 376 sumom
1065 328 1321 388 TRANQ.
1353 329 1448 376 DE
1474 327 1642 376 vrrs
1671 327 2042 377 csssnnuu
2085 330 2224 377 ms.
2253 331 2317 376 v.

446 485 642 546 niasse
675 501 744 542 se
772 484 885 542 vim
920 483 977 542 ei
1007 481 1079 542 ab
1110 482 1309 562 Appio
1348 481 1611 550 inlatanu
1659 478 1878 558 altera,
1923 482 1981 544 in
2023 481 2461 552 admirationem

446 567 722 644 formata,
766 566 875 626 sibi
922 583 1155 645 quoque
1199 563 1442 626 eandem
1485 566 1746 644 speciem
1786 565 2009 642 aliquot
2039 567 2150 628 iam
2188 567 2460 630 noctibus

449 650 753 712 obversari
802 650 1047 720 rettulit;
1104 667 1217 710 nec
1258 648 1437 719 multo
1468 658 1606 728 post
1645 667 1720 708 ex
1759 651 2086 729 composito
2130 651 2460 730 inrumpere

448 734 680 814 Appius
710 736 1031 809 nuntiatuS,
1078 735 1169 793 cui
1200 731 1386 812 pridie
1418 731 1489 792 ad
1517 733 1574 792 id
1604 735 1884 814 temporis
1917 743 1982 794 ut
2021 733 2261 795 adesset
2290 753 2459 814 prae·

453 827 683 898 ceptum
714 827 869 894 erat,
916 820 1079 896 quasi
1110 817 1285 896 plane
1328 827 1875 896 repraesentaretur
1904 820 2112 881 somnii
2151 818 2326 896 fides,
2371 839 2459 880 ar·
2481 844 2506 884 5

378 937 385 942 ·
452 904 607 964 cessi
650 904 837 962 statim
876 919 945 962 ac
989 903 1135 962 mori
1174 903 1366 962 iussus
1417 909 1524 960 est.
1593 901 1720 961 Nec
1765 901 2042 964 dubitavit
2087 912 2329 981 postero
2367 904 2460 964 die

392 1013 399 1019 ·
453 987 727 1049 Claudius
768 985 1033 1046 ordinem
1072 987 1159 1046 rei
1197 993 1404 1064 gestae
1437 985 1705 1063 perferre
1743 984 1814 1045 ad
1845 995 2106 1046 senatum
2145 1005 2217 1046 ac
2246 987 2461 1048 liberto

452 1073 670 1150 gratias
707 1088 924 1149 agere,
967 1069 1121 1150 quod
1155 1087 1261 1148 pro
1304 1069 1489 1128 salute
1539 1087 1641 1128 sua
1671 1071 1840 1130 etiam
1884 1069 2176 1130 dormiens
2210 1071 2462 1132 excuba-

367 1171 437 1226 38
456 1165 592 1216 ret„
612 1155 743 1214 Irae
786 1163 958 1234 atque
999 1153 1331 1214 iracundiae
1365 1154 1640 1213 conscius
1661 1153 1805 1232 sibi,
1837 1162 2136 1232 utramque
2158 1157 2464 1216 excusavit

457 1240 648 1300 edicto
680 1237 1082 1316 distinxitque,
1118 1237 1418 1316 pollicitus
1449 1237 1715 1298 alteram
1741 1237 1984 1317 quidem
2010 1237 2256 1299 brevem
2282 1247 2344 1300 et
2365 1238 2458 1299 in·
2485 1255 2534 1296 ιο

449 1323 739 1397 noxiam,
776 1321 1041 1383 alteram
1063 1340 1189 1384 non
1214 1322 1507 1382 iniustam
1535 1319 1697 1400 fore.
1754 1321 2150 1398 Ostiensibus,
2181 1325 2315 1401 quia
2351 1322 2464 1384 sibi

452 1407 721 1468 subeunti
754 1405 1004 1466 Tiberim
1038 1405 1285 1485 scaphas
1316 1405 1546 1466 obviam
1575 1423 1692 1466 non
1715 1407 2004 1484 miserint,
2042 1409 2303 1484 graviter
2333 1425 2462 1467 cor-

450 1492 665 1571 reptis,
717 1508 905 1569 eaque
952 1509 1079 1551 cum
1121 1489 1366 1567 invidia,
1413 1499 1474 1550 ut
1521 1492 1578 1549 in
1612 1489 1868 1550 ordinem
1907 1509 1974 1550 se
2017 1499 2284 1550 coactum
2325 1509 2462 1551 con-

452 1575 771 1652 scriberet,
831 1584 1075 1654 repente
1118 1582 1332 1636 tantum
1378 1591 1492 1634 non
1545 1576 1684 1634 satis
1728 1574 1996 1635 facientis
2027 1574 2200 1635 modo
2232 1577 2464 1636 veniam

452 1659 627 1721 dedit.
677 1659 971 1735 Quosdam
1016 1661 1073 1718 in
1102 1657 1356 1737 upublico
1391 1676 1589 1736 parum
1618 1659 1964 1737 tempestive
1999 1658 2259 1718 adeuntis
2289 1677 2461 1720 manu
2487 1681 2538 1721 15

451 1764 554 1805 sua
597 1744 871 1823 reppulit.
941 1743 1085 1803 Item
1132 1741 1378 1802 scribam
1427 1743 1847 1820 quaestorium,
1902 1744 2153 1820 itemque
2187 1753 2463 1823 praetura

450 1830 707 1890 functum
736 1836 1069 1888 senatorem
1098 1825 1387 1886 inauditos
1424 1834 1484 1884 et
1511 1828 1782 1886 innoxios
1813 1827 2137 1905 relegavit,
2175 1827 2330 1905 quod
2359 1827 2463 1887 ille

452 1912 731 1974 adversus
765 1914 1047 1989 privatum
1080 1927 1145 1971 se
1180 1910 1657 1988 intemperantius
1699 1909 1990 1988 affuisset,
2035 1911 2130 1971 hic
2166 1914 2223 1970 in
2260 1911 2460 1974 aedili-

451 2004 567 2056 tate
632 1995 943 2072 inquilinos
992 1993 1357 2072 praediorum
1411 2011 1678 2070 suorum,
1745 2003 1948 2056 contra
1999 1997 2236 2058 vetitum
2291 2005 2463 2056 cocta

454 2077 799 2156 vendentes,
860 2078 1162 2138 multasset
1224 2078 1573 2156 vilicumque
1629 2080 2107 2140 intervenientem
2164 2079 2460 2157 flagellas·
2483 2099 2536 2140 2⁰

454 2172 563 2224 set.
628 2160 754 2236 Qua
794 2162 865 2223 de
908 2181 1080 2224 causa
1118 2162 1289 2223 etiam
1334 2164 1749 2224 coercitionem
1783 2164 2124 2242 popinarum
2174 2163 2464 2224 aedilibus

450 2247 682 2308 ademit.

582 2331 674 2392 Ac
720 2349 793 2391 ne
836 2329 1127 2392 stultitiam
1173 2331 1402 2410 quidem
1445 2349 1604 2391 suam
1642 2331 1900 2408 reticuit,
1944 2331 2382 2409 simulatamque
2429 2351 2464 2392 a

454 2435 520 2476 se
550 2435 626 2475 ex
659 2412 935 2476 industria
968 2416 1074 2476 sub
1106 2415 1279 2494 Gaio,
1329 2414 1484 2494 quod
1516 2415 1683 2474 aliter
1723 2432 2001 2475 evasurus
2047 2424 2462 2493 perventurus-

455 2517 569 2578 que
601 2497 673 2558 ad
707 2509 1038 2578 susceptam
1067 2499 1374 2560 stationem
1401 2516 1517 2559 non
1546 2499 1748 2576 fuerit,
1775 2497 2112 2577 quibusdam
2135 2494 2460 2558 oratiuncu-
2483 2519 2537 2558 25

453 2583 525 2642 lis
554 2590 799 2644 testatus
823 2592 941 2650 est:
980 2601 1090 2642 nec
1115 2592 1303 2644 tamen
1332 2585 1658 2662 persuasit,
1694 2601 1820 2642 cum
1850 2584 1998 2642 intra
2021 2582 2206 2642 bre-ve
2231 2591 2466 2663 tempus

452 2665 601 2726 liber
638 2665 823 2726 editus
860 2669 963 2743 sit,
998 2669 1087 2726 cui
1117 2667 1290 2728 index
1321 2675 1446 2728 erat
1473 2663 1750 2746 Μωρῶν
1784 2658 2249 2744 ἐπανάστασις,
2287 2685 2464 2744 argu-

452 2759 703 2810 mentum
733 2760 952 2828 autem,
989 2751 1279 2812 stultitiam
1312 2753 1600 2812 neminem
1637 2751 1882 2829 fingere.

368 2845 441 2902 39
581 2833 737 2894 Inter
768 2845 963 2896 cetera
988 2837 1044 2894 in
1068 2852 1141 2895 eo
1165 2839 1347 2898 mirati
1378 2844 1507 2894 sunt
1534 2836 1796 2897 homines
1826 2845 1884 2895 et
1914 2834 2270 2895 oblivionem
2295 2845 2354 2894 et
2377 2837 2466 2894 in-

455 2918 954 2995 considerantiam,
977 2919 1071 2978 vel
1092 2929 1151 2978 ut
1167 2920 1394 2980 Graece
1419 2918 1626 2996 dicam,
1650 2919 2022 2998 μετεωρίαν
2033 2929 2092 2980 et
2104 2907 2463 2998 ἄβλεψίοεν.
2488 2938 2540 2979 30

453 3002 665 3062 Occisa
693 3002 1031 3079 Messalina,
1066 3005 1239 3081 paulo
1276 3011 1412 3082 post
1441 3021 1607 3080 quam
1638 3005 1695 3062 in
1727 3004 1980 3064 triclinio
2013 3002 2313 3080 decubuit,
2348 3023 2472 3064 cur

452 3085 705 3148 domina
744 3105 869 3148 non
906 3087 1143 3148 veniret
1182 3087 1463 3164 requisiit.
1529 3085 1744 3148 Multos
1789 3106 1866 3148 ex
1901 3089 2004 3163 iis,
2069 3104 2218 3165 quos
2267 3090 2470 3168 capite

452 3169 851 3247 damnaverat,
896 3179 1137 3250 postero
1172 3173 1364 3230 statim
1403 3170 1497 3230 die
1545 3179 1604 3230 et
1647 3173 1703 3230 in
1736 3172 2036 3232 consilium
2086 3181 2144 3230 et
2183 3171 2257 3232 ad
2291 3172 2469 3232 aleae

450 3251 635 3314 lusum
668 3253 965 3319 admoneri
996 3254 1162 3316 iussit
1190 3264 1281 3330 et,
1317 3255 1481 3332 quasi
1510 3264 1905 3332 morarentur,
1938 3264 2000 3314 ut
2031 3256 2470 3317 somniculosos

450 3353 559 3413 per
592 3337 843 3398 nuntium
877 3339 1185 3417 increpuit.
1226 3338 1520 3398 Ducturus
1551 3347 1750 3398 contra
1779 3339 1869 3400 fas
1899 3339 2282 3419 Agrippinam
2314 3358 2468 3401 uxo-
2492 3363 2548 3403 35

448 3434 597 3493 rem,
634 3436 748 3477 non
796 3421 1049 3482 cessavit
1090 3423 1243 3482 omni
1289 3424 1554 3482 oratione
1595 3421 1795 3499 tiliam
1832 3429 1890 3484 ct
1931 3423 2246 3484 alumnam
2295 3429 2358 3484 ct-
2395 3423 2476 3485 in

448 3502 679 3575 gremio
712 3519 824 3562 suo
851 3509 1067 3562 natam
1098 3511 1284 3583 atque
1312 3503 1644 3566 educatam
1673 3507 2038 3585 praedicare.
2110 3507 2472 3568 Adsciturus

448 3580 505 3637 in
549 3599 759 3642 nomen
814 3583 1105 3644 Neronem
1127 3631 1144 3663 ,
1208 3589 1371 3665 quasi
1425 3606 1626 3666 parum
1680 3587 2241 3670 reprehenderetur,
2301 3592 2474 3670 quod
