2700 4234
887 318 1094 394 Divus
1143 319 1525 369 Auuns‘rus,
2138 310 2221 373 65

227 472 616 548 convaluerat,
671 481 914 533 statuam
959 492 1098 534 aere
1143 476 1377 535 conlato
1424 477 1583 536 iuxta
1629 477 1857 554 signum
1900 476 2223 557 Aesculapi

223 564 545 619 statuerunt.
603 554 882 616 Nonnulli
915 567 1138 636 patrum
1168 558 1505 620 familiarum
1540 568 1886 622 testamento
1919 569 2215 638 caverunt,

219 651 276 702 ut
313 641 384 702 ab
425 639 738 700 heredibus
786 642 906 700 suis
951 642 1213 720 praelato
1255 642 1421 701 titulo
1462 645 1731 704 victimae
1768 645 1827 702 in
1875 642 2218 723 Capitolium
2274 641 2277 645 ’

217 725 557 785 ducerentur
595 731 910 802 votumque
952 743 1061 804 pro
1109 743 1174 786 se
1218 726 1582 804 solveretur,
1647 727 1803 806 quod
1845 728 2218 806 superstitem

171 811 530 886 sAugustum
565 806 957 887 reliquissent.
1023 809 1317 884 Quaedam
1347 808 1551 870 Italiae
1588 811 1851 872 civitates
1882 812 2069 888 diem,
2103 828 2216 891 quo

211 896 446 972 primum
487 890 560 951 ad
598 909 664 950 se
693 893 984 970 venisset,
1031 892 1249 952 initium
1281 895 1412 953 anni
1443 895 1728 954 fecerunt.
1783 893 2219 956 Provinciarum

210 976 527 1056 pleraeque
569 992 748 1053 super
792 975 1010 1054 templa
1043 985 1102 1036 et
1133 992 1266 1036 aras·
1292 978 1463 1037 ludos
1494 995 1726 1057 quoque
1756 978 2215 1059 quinquennales

209 1077 391 1139 paene
431 1058 752 1138 oppidatim
796 1061 1231 1120 constituerunt.
1309 1061 1511 1139 Reges
1552 1063 1718 1122 amici
1758 1071 1931 1142 atque
1970 1064 2118 1123 socii
2158 1063 2305 1123 et60

209 1142 416 1220 singuli
443 1144 502 1202 in
534 1159 642 1202 suo
679 1142 927 1222 quisque·
953 1162 1141 1222 regno
1178 1141 1499 1205 Caesareas
1536 1144 1711 1205 urbes
1747 1145 2130 1206 condiderunt
2158 1157 2217 1205 et

143 1243 190 1284 ιο
211 1229 398 1287 cuncti
427 1225 598 1286 simul
627 1226 830 1286 aedem
864 1227 1021 1287 Iovis
1053 1225 1302 1308 Olympii
1329 1227 1607 1307 Athenis,
1642 1230 1950 1308 antiquitus
1979 1228 2215 1290 inchoa-

203 1321 351 1388 tam,
388 1311 681 1392 perficere
727 1313 1007 1370 communi
1037 1322 1263 1391 sumptu
1298 1312 1731 1373 destinaverunt
1760 1313 2060 1393 Genioque
2091 1313 2215 1373 eius

205 1391 504 1465 dedicare;
555 1413 626 1456 ac
672 1413 854 1474 saepe
891 1397 1092 1472 regnis
1124 1397 1380 1473 relictis,
1422 1412 1537 1455 non
1564 1397 1785 1458 Romae
1816 1399 1988 1458 modo
2020 1395 2127 1457 sed
2158 1405 2218 1456 et

203 1481 536 1560 provincias
582 1479 916 1556 peragranti
962 1479 1248 1540 cotidiana
1294 1481 1491 1540 officia
1530 1481 1718 1558 togati
1758 1499 1828 1540 ac
1872 1483 1997 1540 siue
2038 1481 2213 1558 regio

91 1605 99 1612 -
202 1563 444 1642 insigni,
474 1579 645 1621 more
678 1562 969 1622 clientium
997 1564 1433 1642 praestiterunt.

140 1671 186 1710 ιε
331 1648 655 1724 Quoniam,
697 1647 882 1724 qualis
921 1648 980 1706 in
1009 1648 1248 1726 imperis
1281 1666 1351 1708 ac
1379 1647 1810 1725 magistratibus
1841 1647 2215 1724 regendaque
2231 1648 2299 1702 61

201 1751 306 1812 per
332 1740 622 1791 terrarum
653 1728 854 1789 orbem
884 1747 1034 1810 pace
1065 1731 1340 1810 belloque
1371 1751 1437 1792 re
1467 1751 1525 1812 p.
1558 1731 1763 1809 fuerit,
1796 1731 2075 1809 exposui:
2124 1747 2215 1789 re·

203 1818 379 1876 feram
419 1832 582 1875 nunc
625 1814 962 1874 interiorem
1003 1833 1075 1875 ac
1119 1814 1455 1876 familiarem
1491 1817 1616 1876 eius
1648 1816 1854 1892 vitam,
1893 1813 2215 1894 quibusque

202 1899 452 1959 moribus
505 1906 686 1977 atque
731 1897 959 1958 fortuna
1003 1897 1155 1958 domi
1200 1907 1260 1958 et
1295 1901 1448 1961 inter
1478 1894 1631 1959 'suos
1676 1901 1865 1978 egerit
1910 1915 1943 1958 a
1984 1899 2217 1959 iuventa

202 2002 380 2062 usque
415 1983 489 2043 ad
529 1998 864 2061 supremum
898 1984 1052 2042 vitae
1089 1983 1256 2044 diem.
1456 1991 1467 1997 ⁴
2058 2041 2071 2050 ,

121 2083 187 2124 ·2o
321 2067 574 2127 Matrem
625 2065 812 2124 amisit
859 2066 917 2124 in
971 2067 1156 2145 primo
1212 2066 1546 2143 consulatu,
1607 2085 1871 2127 sororem
1920 2064 2216 2125 Octaviam

205 2148 781 2230 quinquagensimum
827 2158 887 2209 et
927 2160 1188 2228 quartum
1233 2169 1417 2228 agens
1450 2152 1655 2210 aetatis
1688 2168 1912 2211 annum.
1970 2148 2215 2226 Utrique

209 2251 329 2293 cum
376 2233 704 2314 praecipua
748 2233 943 2292 officia
997 2235 1165 2294 vivae
1217 2233 1636 2313 praestitisset,
1692 2235 1863 2294 etiam
1906 2231 2215 2291 defunctae

206 2317 454 2378 honores
493 2317 780 2376 maximos
811 2315 1024 2376 tribuit.

327 2402 622 2480 Sponsam
660 2398 942 2460 habuerat
983 2401 1328 2460 adulescens
1368 2399 1431 2460 Ρ.
1479 2398 1692 2460 Servili
1732 2399 1977 2459 Isaurici
2020 2396 2211 2474 filiam,
2232 2395 2303 2448 62

145 2484 306 2546 25sed
334 2483 758 2544 reconciliatus
793 2491 931 2562 post
958 2486 1194 2562 primam
1225 2485 1571 2546 discordiam
1602 2483 1891 2560 Antoni0‚
1936 2488 2215 2560 expostu-

209 2567 450 2629 lantibus
491 2569 798 2646 utriusque
842 2567 1118 2628 militibus
1147 2577 1210 2628 ut
1241 2577 1300 2628 et
1331 2569 1761 2629 necessitudine
1790 2568 1981 2646 aliqua
2012 2567 2213 2642 iunge-

211 2660 434 2730 rentur,
469 2651 799 2731 privignam
831 2652 956 2712 eius
990 2651 1302 2729 Claudiam,
1329 2652 1570 2713 Fulviae
1600 2671 1674 2712 ex
1701 2649 1763 2710 P.
1792 2649 1999 2712 Clodio
2023 2649 2213 2724 filiam,

213 2735 365 2796 duxit
385 2751 637 2796 uxorem
667 2736 898 2795 vixdum
917 2736 1190 2813 nubilem,
1227 2755 1296 2796 ac
1327 2736 1614 2796 simultate
1650 2752 1777 2794 cum
1805 2730 2009 2794 Fulvia
2042 2749 2217 2792 socru

215 2827 335 2879 orta
375 2819 592 2879 dimisit
616 2819 886 2878 intactam
916 2818 1103 2880 adhuc
1137 2828 1196 2880 et
1229 2821 1531 2896 virginem.
1592 2815 1733 2878 Mox
1764 2816 2125 2877 Scriboniam
2156 2815 2217 2874 in

151 2903 628 2963 somatrimonium
672 2903 935 2982 accepit,
979 2913 1211 2981 nuptam
1250 2912 1384 2963 ante
1417 2898 2106 2976 duob-us'consularibus,
2141 2916 2217 2958 ex

216 2984 394 3046 altero
433 2989 606 3046 etiam
637 2995 894 3048 matrem.
953 2985 1096 3046 Cum
1124 2987 1236 3047 hac
1270 3003 1501 3066 quoque
1532 2984 1836 3045 divortium
1868 2983 2037 3060 fecit,
2082 3000 2216 3060 per-

218 3077 440 3146 taesus,
486 3079 552 3129 ut
597 3069 835 3148 scribit,
877 3087 1098 3131 morum
1129 3072 1573 3150 perversitatem
1608 3069 1761 3146 eius,
1812 3085 1881 3128 ac
1913 3067 2103 3125 statim
2130 3063 2218 3123 Li-

219 3152 361 3212 viam
391 3152 708 3215 Drusillam
747 3156 1106 3215 matrimonio
1141 3154 1340 3214 Tiberi
1369 3153 1623 3214 Neronis
1668 3161 1729 3212 et
1774 3149 2005 3230 quidem
2051 3166 2219 3229 prae·

221 3243 486 3312 guantem
529 3237 800 3315 abduxit,-
849 3237 1162 3318 dilexitque
1209 3248 1268 3297 et
1315 3237 1586 3318 probavit
1624 3238 1797 3296 unice
1838 3252 1908 3296 ac
1940 3251 2218 3314 perseve-

158 3327 428 3380 uranter.

342 3401 435 3463 Ex
465 3404 772 3467 Scribonia
784 3407 1030 3483 ‘Iuliam,
1081 3423 1156 3466 ex
1185 3405 1345 3466 Livia
1372 3402 1511 3465 nihil
1541 3403 1857 3465 liberorum
1886 3401 2044 3480 tulit,
2094 3419 2220 3462 cum
2237 3407 2313 3462 63

223 3487 463 3547 maxime
503 3499 763 3568 cuperet.
827 3490 1054 3566 Infans,
1097 3491 1194 3569 qui
1226 3497 1548 3568 conceptus
1578 3497 1732 3566 erat,
1772 3489 2103 3548 immaturus
2134 3491 2223 3542 est

232 3565 428 3628 editus.
485 3571 686 3634 Iuliam
728 3577 970 3654 primum
998 3572 1282 3634 Marcello
1302 3617 1320 3649 ‚
1367 3570 1645 3632 Octaviae
1677 3573 1899 3632 sororis
1930 3585 2071 3628 suae
2103 3564 2221 3625 {ilio

325 3672 634 3717 sumemus.
1854 3654 1892 3712 5
