2700 4234
1084 331 1424 380 TIBERIUS.
2141 323 2254 416 io?

258 485 339 544 uti
382 482 649 559 solebat,
696 484 825 561 regi
855 484 1167 545 videretur.
1229 485 1382 545 Tulit
1415 487 1586 547 etiam
1615 487 1956 564 perindigne
1989 499 2173 550 actum
2204 492 2262 549 in

262 576 495 644 senatu,
539 574 600 625 ut
638 566 817 628 titulis
866 570 983 627 suis
1027 569 1188 647 quasi
1221 569 1502 646 Augusti,
1546 571 1623 629 ita
1668 578 1726 629 et
1753 570 2007 632 Liviae
2051 573 2262 632 filius

260 652 606 712 adiceretur.
666 651 861 726 Quare
898 669 1014 712 non
1061 661 1444 730 parentem
1475 655 1758 732 patriae
1794 654 2111 732 appellari,
2146 673 2260 716 non

258 735 435 794 ullum
472 733 755 810 insignem
790 734 1068 795 honorem
1102 735 1372 813 recipere
1407 736 1641 816 publice
1675 755 1881 815 passus
1916 747 2032 809 est;
2067 739 2169 798 sed
2205 747 2263 798 et

212 819 599 896 sirequenter
643 817 960 896 admonuit,
1002 818 1313 878 maioribus
1360 837 1470 880 nec
1501 820 1747 880 feminae
1785 822 2260 881 convenientibus

257 901 515 978 negotiis
544 900 895 979 abstineret,
932 904 1249 981 praecipue
1278 911 1337 961 ut
1362 903 1775 981 animadvertit,
1807 905 2074 964 incendio
2105 908 2262 965 iuxta

258 985 463 1046 aedem
498 985 716 1046 Vestae
760 995 819 1044 et
861 987 1050 1064 ipsam
1088 987 1473 1046 intervenisse
1515 987 1904 1066 populumque
1942 999 2000 1048 et
2027 988 2260 1065 militeS,

260 1085 375 1149 quo
406 1069 629 1128 enixius
662 1086 835 1146 opem
866 1070 1107 1146 ferrent,
1139 1069 1514 1147 adhortatam,
1547 1073 1694 1130 sicut
1717 1070 1822 1130 sub
1851 1074 2056 1133 marito
2092 1073 2264 1132 solita

259 1160 441 1212 esset.
498 1149 723 1211 Dehinc
755 1151 827 1212 ad
861 1153 1201 1213 simultatem
1228 1171 1411 1231 usque
1447 1156 1741 1232 processit
1773 1155 1916 1233 hac,
1956 1165 2015 1214 ut
2049 1155 2259 1231 ferunt,
2277 1163 2343 1217 51

184 1259 242 1303 ιο
261 1236 335 1295 de
380 1253 571 1295 causa.
627 1235 866 1296 Instanti
910 1237 1173 1314 saepiuS,
1222 1245 1283 1296 ut
1327 1239 1558 1298 civitate
1605 1237 1873 1299 donatum
1904 1240 1962 1298 in
1995 1239 2260 1298 decurias

259 1318 595 1396 adlegeret,
639 1321 875 1397 negavit
915 1320 1026 1379 alia
1071 1338 1135 1379 se
1185 1320 1516 1380 conditione
1563 1321 1946 1399 adlecturum,
1998 1340 2167 1401 quam
2215 1324 2262 1380 si

260 1411 561 1483 pateretur
601 1402 811 1463 ascribi
852 1402 1019 1479 albo,
1071 1410 1378 1464 extortum
1419 1404 1486 1464 id
1523 1403 1648 1464 sibi
1687 1423 1729 1464 a
1775 1412 1990 1466 matre.
2055 1404 2134 1465 At
2162 1406 2264 1465 illa

261 1494 549 1548 commota
592 1494 825 1546 veteres
868 1487 1147 1566 quosdam
1180 1486 1251 1546 ad
1282 1506 1347 1547 se
1379 1487 1642 1564 Augusti
1663 1488 1964 1549 codicillos
1995 1489 2068 1548 de
2103 1507 2261 1548 acer·

258 1571 461 1630 bitate
488 1579 547 1629 et
592 1570 957 1630 intolerantia
1002 1577 1226 1629 morum
1271 1573 1394 1631 eius
1440 1589 1472 1630 e
1516 1573 1771 1632 sacrario
1818 1572 2055 1650 protulit
2087 1581 2262 1650 atque

186 1669 241 1710 ω
261 1655 547 1715 recitavit.
598 1653 721 1713 Hos
755 1663 815 1714 et
856 1655 1176 1714 custoditos
1220 1662 1334 1713 tam
1379 1654 1472 1713 diu
1512 1663 1569 1714 et
1609 1655 1998 1733 exprobratos
2033 1664 2146 1714 tam
2181 1656 2262 1712 in-

259 1739 413 1797 feste
474 1738 623 1798 adeo
674 1739 935 1814 graviter
989 1739 1149 1813 tulit,
1202 1747 1262 1796 ut
1312 1738 1537 1816 quidam
1581 1746 1813 1817 putent,
1866 1740 2015 1797 inter
2061 1755 2264 1798 causas

260 1838 537 1881 secessus
569 1820 719 1880 hanc
750 1823 806 1880 ei
841 1821 936 1881 vel
962 1822 1332 1900 praecipuam
1365 1823 1564 1881 fuisse.
1636 1821 1786 1881 Toto
1823 1821 2051 1901 quidem
2093 1823 2264 1880 trien-

260 1905 395 1981 nio,
454 1922 567 1984 quo
615 1907 847 1964 vivente
891 1913 1071 1965 matre
1113 1905 1279 1981 afuit,
1334 1904 1517 1964 semel
1559 1905 1790 1964 omnino
1835 1923 1961 1964 eam
1995 1923 2106 1965 nec
2151 1921 2263 1964 am-

259 1988 417 2066 plius
452 2005 617 2067 quam
661 2005 775 2047 uno
820 1988 915 2047 die
956 1989 1317 2066 paucissimis
1363 1989 1505 2048 vidit
1546 1988 1740 2058 horis;
1786 2007 1854 2049 ac
1897 2006 2034 2049 mox
2075 2005 2262 2066 neque

182 2088 481 2148 zoaegrae
536 2068 743 2131 adesse
794 2073 1013 2132 curavit
1051 2071 1494 2150 defunctamque
1539 2079 1630 2148 et,
1677 2072 1808 2130 dum
1851 2072 2132 2132 adventus
2177 2071 2266 2129 sui

260 2171 427 2233 spem
485 2155 658 2231 facit,
720 2155 1095 2234 complurium
1150 2154 1370 2215 dierum
1411 2171 1575 2214 mora
1619 2164 1892 2234 corrupto
1940 2155 2160 2214 demum
2207 2161 2267 2212 et

259 2236 458 2297 tabido
524 2255 778 2316 corpore
836 2239 1153 2299 funeratam
1210 2239 1504 2316 prohibuit
1555 2239 1925 2315 consecrari,
1998 2240 2158 2317 quasi
2209 2236 2266 2294 id

258 2322 389 2400 ipsa
414 2319 763 2381 mandasset.
814 2321 1235 2382 Testamentum
1271 2339 1506 2400 quoque
1543 2323 1668 2381 eius
1705 2339 1812 2399 pro
1851 2322 2011 2380 irrito
2049 2320 2263 2394 hahuit,

262 2405 563 2482 omnisque
598 2405 875 2466 amicitias
921 2412 980 2464 et
1020 2405 1464 2481 familiaritates,
1503 2407 1672 2464 etiam
1708 2404 1912 2483 quibus
1942 2422 2012 2463 ea
2047 2403 2265 2462 funeris

180 2511 241 2550 25
262 2488 353 2547 sui
376 2505 570 2547 curam
600 2489 853 2549 moriens
874 2486 1337 2564 demandaverat,
1369 2491 1517 2548 intra
1555 2488 1737 2548 breve
1775 2498 2002 2566 tempus
2041 2486 2265 2560 afflixit,

263 2589 380 2630 uno
413 2589 489 2630 ex
523 2573 617 2647 iis,
654 2573 941 2650 equestris
982 2572 1196 2633 ordinis
1225 2575 1374 2650 vir0,
1413 2581 1470 2632 et
1505 2574 1561 2631 in
1601 2572 1830 2633 antliam
1863 2571 2264 2632 condemnato.

391 2653 667 2714 Filiorum
706 2673 895 2734 neque
923 2657 1238 2715 naturalem
1263 2656 1510 2717 Drusum
1539 2673 1731 2733 neque
1763 2656 2093 2733 adoptivum
2127 2652 2264 2712 Ger·
2281 2667 2350 2720 52

263 2737 545 2798 manicum
587 2739 771 2816 patria
817 2739 1055 2798 caritate
1082 2738 1301 2817 dilexit,
1337 2741 1574 2799 alterins
1605 2740 1758 2798 vitiis
1799 2738 2077 2797 infensus.
2120 2735 2268 2794 Nam

262 2820 485 2880 Drusus
514 2819 773 2882 fluxioris
816 2823 1280 2901 remissiorisque
1323 2825 1476 2884 vitae
1504 2825 1647 2881 erat.
1715 2821 1914 2899 Itaque
1940 2839 2011 2879 ne
2040 2828 2264 2879 mortuo

182 2918 245 2960 so
269 2902 501 2982 quidem
543 2905 783 2983 perinde
814 2903 1077 2966 adfectus
1108 2915 1218 2983 est,
1252 2905 1356 2966 sed
1390 2915 1604 2966 tantum
1632 2922 1750 2965 non
1777 2906 1965 2964 statim
1999 2921 2030 2962 a
2063 2902 2266 2960 funere

263 2986 339 3049 ad
397 2989 763 3065 negotiorum
820 2988 1291 3049 consuetudinem
1345 2989 1548 3064 rediit,
1607 2988 1822 3048 iustitio
1867 2987 2139 3062 longiore
2183 2987 2265 3043 in-

260 3069 468 3132 hibito.
537 3072 685 3146 Quin
732 3080 790 3132 et
829 3071 1121 3132 Iliensium
1152 3072 1363 3150 legatis
1391 3073 1566 3152 paulo
1597 3073 1782 3132 serius
1815 3067 2266 3156 consolantibuS,

262 3156 430 3233 quasi
484 3154 791 3216 obliterata
840 3157 951 3216 iam
1007 3155 1226 3216 doloris
1268 3157 1574 3232 memoria,
1631 3154 1878 3214 irridens
1921 3171 1992 3212 se
2033 3169 2271 3231 quoque

261 3237 570 3317 respondit
601 3239 793 3300 vicem
832 3257 1042 3300 eorum
1076 3238 1316 3316 dolere,
1363 3239 1529 3318 quod
1562 3239 1870 3318 eyreyium
1913 3237 2102 3298 civem
2144 3233 2266 3295 He·
2337 3315 2346 3322 .

192 3336 247 3378 ss
269 3327 499 3382 ctorem
538 3321 909 3382 amisissent.
978 3322 1317 3383 Germanico
1360 3339 1542 3400 usque
1590 3322 1737 3383 adeo
1783 3320 2158 3396 obtrectavit‚
2210 3328 2271 3377 ut

265 3411 328 3463 et
378 3405 684 3482 praeclara
735 3406 888 3466 facta
932 3407 1056 3465 eius
1095 3424 1205 3484 pro
1251 3407 1628 3483 supervacuis
1667 3405 1914 3465 elevarit
1953 3412 2010 3464 et
2051 3402 2267 3480 glorio·

260 3488 528 3548 sissimas
586 3490 863 3548 victorias
916 3507 1022 3549 ceu
1081 3489 1385 3549 damnosas
1439 3491 1526 3548 rei
1571 3507 1629 3568 p.
1671 3491 2022 3568 increparet.
2103 3485 2270 3559 Quod

260 3588 411 3632 vero
459 3569 889 3632 Alexandream
926 3581 1171 3651 propter
1210 3573 1540 3636 immensam
1580 3581 1638 3632 et
1676 3572 2035 3650 repentinam
2063 3570 2268 3629 famem
