2700 4234
418 251 538 312 158
596 263 654 312 ο.
686 262 989 312 suarem
1026 261 1282 319 trumo.
1314 261 1412 308 DE
1441 261 1607 308 vrrA
1651 259 2020 308 cAusAmm
2049 260 2190 308 mn.
2221 260 2288 308 v,

417 435 645 498 perque
698 416 943 477 mediam
998 433 1266 493 caveam,
1324 413 1660 476 sedentibus
1713 433 1785 474 ac
1829 414 2132 476 silentibus
2181 417 2428 494 cunctis,

418 501 844 562 descendisset.
938 499 1105 559 Fecit
1163 509 1223 558 et
1282 499 1662 574 Saeculares,
1729 498 1895 577 quasi
1947 498 2298 577 anticipatos
2351 499 2428 562 ab

418 585 689 664 Augusto
718 602 833 645 nec
882 585 1147 660 legitimo
1188 584 1440 662 tempori
1481 591 1848 659 reservatos,
1890 585 2150 660 quamvis
2196 585 2327 663 ipse
2365 586 2428 644 in

420 669 679 730 historiis
712 671 830 728 suis
860 667 1101 746 prodat,
1145 668 1507 729 intermissos
1550 684 1657 726 eos
1685 665 2010 744 Augustum
2049 667 2230 727 multo
2267 677 2425 746 post,

422 752 861 830 diligentissime
886 769 1163 812 annorum
1178 755 1402 812 ratione
1420 749 1719 826 subducta,
1743 752 1800 809 in
1823 750 2082 811 ordinem
2097 750 2424 828 redegisse.
2449 779 2478 820 5

423 839 617 912 Quare
642 853 764 897 vox
792 837 1105 916 praeconis
1144 837 1311 896 irrisa
1357 843 1484 910 est,
1529 835 1818 894 invitantis
1847 851 2012 894 more
2052 835 2324 895 sollemni
2353 836 2428 897 ad

418 921 588 982 ludos
602 966 619 998 ,
652 937 809 1001 quos
836 939 950 981 nec
970 927 1316 998 spectasset
1337 918 1664 1000 quisquam
1685 936 1800 979 nec
1821 924 2218 996 spectaturus
2242 927 2424 996 esset,

419 1022 547 1065 cum
582 1013 968 1084 superessent
998 1003 1185 1064 adhuc
1211 1005 1308 1083 qui
1355 1011 1798 1082 spectaverant,
1845 1010 1902 1062 et
1934 1001 2164 1080 quidam
2193 1002 2425 1064 histrio·

416 1107 548 1149 num
594 1088 863 1167 producti
911 1088 1049 1148 olim
1099 1097 1235 1148 tunc
1278 1103 1512 1165 quoque
1555 1084 2038 1163 producerentur.
2107 1085 2428 1148 Circenses

414 1173 755 1251 frequenter
802 1173 973 1232 etiam
1004 1173 1062 1231 in
1093 1172 1382 1232 Vaticano
1431 1171 1744 1246 commisit,
1789 1187 2216 1248 nonnumquam
2246 1173 2420 1231 inter·
2446 1193 2500 1235 ιι

412 1259 565 1316 iecta
610 1255 718 1335 per
762 1257 973 1334 quinos
1000 1256 1210 1316 missus
1249 1256 1582 1315 venatione.
1622 1251 1799 1314 Circo
1823 1271 1968 1314 vero
1995 1256 2246 1316 maximo
2275 1273 2424 1316 mar·

411 1341 631 1400 moreis
662 1338 997 1400 carceribus
1045 1340 1380 1418 auratisque
1423 1339 1626 1415 metis,
1672 1355 1824 1416 quae
1863 1347 2106 1416 utraque
2147 1347 2207 1400 et
2246 1339 2440 1403 tofina.

414 1441 481 1484 ac
507 1423 703 1501 lignea
726 1432 897 1484 antea
912 1423 1163 1500 fuerant,
1190 1423 1447 1500 exculto,
1475 1423 1714 1501 propria
1739 1423 2103 1482 senatoribus
2128 1425 2428 1484 constituit

413 1507 545 1568 loca
575 1509 910 1586 promiscue
954 1517 1225 1586 spectare
1268 1507 1488 1575 solitis;
1541 1525 1614 1567 ac
1650 1524 1829 1586 super
1857 1506 2263 1586 quadrigarum
2295 1524 2423 1567 cer-

415 1592 623 1652 tamina
654 1591 867 1652 Troiae
899 1591 1083 1652 lusum
1108 1591 1368 1652 exhibuit
1399 1600 1457 1650 et
1485 1589 1826 1667 Africanas,
1861 1591 2209 1652 conficiente
2241 1601 2426 1653 turma
2447 1611 2502 1652 ιι

416 1677 666 1754 equitum
700 1678 1225 1754 praetorianorum,
1260 1675 1502 1735 ducibus
1531 1674 1774 1734 tribunis
1803 1675 2051 1754 ipsoque
2082 1675 2428 1755 praefecto}

415 1769 724 1838 praeterea
778 1759 1093 1820 Thessalos
1149 1762 1409 1839 equites,
1465 1760 1559 1838 qui
1616 1758 1780 1818 feros
1835 1767 2032 1820 tauros
2083 1777 2195 1838 per
2236 1761 2424 1839 spatia

415 1845 559 1903 circi
596 1852 772 1920 agunt
813 1844 1181 1923 insiliuntque
1227 1843 1500 1903 defessos
1541 1851 1599 1902 et
1640 1842 1712 1904 ad
1756 1850 1967 1903 terram
2015 1842 2288 1904 cornibus
2319 1843 2422 1904 de-

412 1925 658 1986 trahunt.

538 2007 890 2070 Gladiatoria
948 2027 1185 2070 munera
1231 2009 1587 2089 plurifariam
1633 2027 1703 2071 ac
1745 2010 2083 2089 multiplicia
2130 2009 2420 2072 exhihuit:
2443 2031 2500 2072 20

414 2095 865 2154 anniversarium
908 2095 967 2154 in
1012 2096 1219 2154 castris
1250 2095 1638 2171 praetorianis
1671 2095 1797 2154 siue
1831 2095 2146 2156 venatione
2173 2111 2422 2174 appara-

412 2187 627 2258 tuque,
670 2179 877 2238 iustum
912 2187 1085 2256 atque
1125 2177 1444 2256 legitimum
1472 2179 1530 2236 in
1559 2177 1789 2256 Septis;
1847 2177 2060 2238 ibidem
2099 2178 2422 2239 extraordi-

412 2263 633 2322 narium
682 2271 742 2322 et
785 2262 967 2323 breve
1012 2261 1347 2340 dierumque
1396 2279 1741 2341 paucorum,
1800 2262 2068 2343 quodque
2113 2263 2422 2342 appellare

418 2348 615 2425 coepit
644 2365 725 2426 sp
744 2363 778 2406 o
797 2346 1091 2423 rtulam,
1130 2347 1261 2424 quia
1293 2348 1537 2424 primum
1561 2345 1794 2406 daturus
1821 2345 2114 2422 edixerat,
2145 2346 2425 2408 velutad

414 2429 685 2490 subitam
708 2429 1175 2511 condictamque
1200 2429 1524 2490 caenulam
1552 2429 1822 2490 invitare
1847 2449 1918 2490 se
1941 2431 2254 2509 populum
2287 2429 2341 2491 N
2345 2449 2418 2490 ec
2440 2454 2498 2494 25

412 2513 529 2574 ullo
568 2514 891 2592 spectaculi
921 2531 1143 2590 genere
1190 2515 1544 2574 communior
1585 2522 1681 2574 aut
1721 2516 2021 2574 remissior
2057 2523 2210 2592 erat,
2267 2514 2418 2575 adeo

412 2605 471 2657 ut
500 2595 731 2657 oblatos
754 2597 1077 2658 victoribus
1100 2615 1311 2658 aureos
1333 2597 1562 2677 prolata
1587 2598 1817 2658 sinistra
1840 2601 2059 2678 pariter
2084 2616 2210 2658 cum
2237 2599 2418 2676 vulgo

414 2697 565 2742 voce
616 2681 927 2760 digitisque
970 2690 1326 2758 numeraret,
1393 2699 1462 2742 ac
1502 2698 1682 2761 saepe
1718 2681 2003 2743 hortando
2035 2682 2422 2762 rogandoque

410 2764 484 2826 ad
510 2764 857 2827 hilaritatem
884 2765 1148 2828 homines
1185 2774 1574 2844 provocaret,
1607 2765 1936 2826 dominos
1971 2764 2280 2826 identidem
2315 2783 2420 2844 ap-

412 2849 673 2928 pellanS,
718 2851 985 2910 immixtis
1016 2849 1297 2911 interdum
1326 2849 1556 2927 frigidis
1585 2857 1644 2910 et
1675 2852 1972 2910 arcessitis
1985 2851 2183 2934 ,iocis;
2229 2851 2420 2929 qualis
2442 2873 2502 2916 aa

412 2943 503 2992 est
537 2943 597 2994 ut
626 2952 754 2994 cum
784 2933 1116 2995 Palumbum
1158 2933 1584 3013 postulantibus
1614 2933 1872 2994 daturum
1914 2952 1980 2994 se
2013 2936 2312 3012 promisit,
2361 2936 2430 2996 si

412 3025 637 3096 captus
662 3025 837 3079 esset.
872 3017 1020 3079 Illud
1044 3019 1216 3098 plane
1244 3019 1604 3097 quantumvis
1629 3017 1938 3079 salubriter
1955 3027 2013 3078 et
2041 3018 2421 3098 intempore:

413 3118 539 3161 cum
573 3102 903 3180 essedario,
950 3119 1059 3182 pro
1102 3119 1216 3181 quo
1248 3110 1516 3180 quattuor
1545 3102 1627 3161 fili
1655 3100 2155 3181 deprecabantur,
2202 3121 2421 3183 magno

411 3187 659 3246 omnium
689 3186 895 3247 favore
935 3185 1271 3246 indulsisset
1299 3185 1536 3262 rudem,
1577 3185 1828 3247 tabulam
1859 3186 1998 3246 ilico
2037 3189 2191 3246 misit
2223 3187 2393 3249 admo

407 3285 551 3328 nens
580 3270 871 3348 populum,
904 3275 1133 3350 quanto
1156 3287 1346 3350 opere
1367 3269 1599 3338 liberos
1621 3269 1944 3349 suscipere
1962 3269 2231 3348 deberet,
2262 3289 2426 3351 quos
2443 3297 2504 3340 32,

404 3351 644 3414 videret
687 3360 745 3414 et
786 3354 1137 3433 yladiators'
1170 3354 1500 3433 praesidio
1538 3353 1908 3435 gratiaeque
1934 3371 2088 3416 esse.
2131 3355 2326 3416 Edidit
2361 3365 2426 3417 et

403 3433 459 3492 in
507 3435 733 3498 Martio
764 3455 968 3516 campo
1014 3440 1505 3516 expugnationem
1557 3437 2055 3518 direptionemque
2103 3441 2303 3519 oppidi
2347 3439 2426 3502 ad

400 3517 708 3596 imaginem
740 3519 1011 3582 bellicam
1043 3531 1102 3582 et
1144 3521 1496 3583 deditionem
1527 3521 1854 3584 Britanniae
1887 3540 2128 3602 regum,
2175 3542 2426 3603 praese-
