2700 4234
950 337 1365 387 PRAEFATIO·
1835 341 2058 388 LXXIII

354 497 445 554 Ex
492 511 565 552 eo
602 494 788 563 libro,
834 495 927 566 qui
968 503 1132 552 sexto
1171 498 1303 557 loco
1343 499 1568 569 ponitur
1609 497 1696 553 de
1740 497 2046 554 nomini-

228 573 453 652 hus54)
512 584 582 634 et
638 593 915 648 genere
976 580 1321 650 vestium,
1377 581 1524 637 haud
1569 581 1689 636 scio
1735 597 1801 636 an
1843 579 2052 639 Nonius

226 663 537 722 Marcellus
564 661 755 732 capite
777 660 924 730 XIV,
956 664 1103 732 quod
1136 670 1223 719 est
1252 665 1322 719 de
1353 681 1565 734 genere
1601 663 2053 721 vestimentorum

230 766 355 806 cnm
400 744 778 814 testimoniis,
824 743 1128 817 particulas
1163 747 1515 818 decerpserit
1553 763 1662 804 non
1695 753 2053 813 contemnen-

227 836 366 896 das:
418 829 573 886 solet
614 827 759 883 enim
797 827 895 882 ille
936 835 1222 884 auctorum
1268 845 1494 885 suorum
1537 836 1598 884 ut
1631 829 1794 886 Gellii
1845 830 2052 889 scrinia

228 915 411 972 tacite
452 910 730 982 expilare.
820 910 934 965 Sed
966 927 1087 968 eum
1119 913 1332 982 locum,
1381 913 1474 984 qui
1506 929 1562 986 p.
1591 918 1716 982 281,
1743 919 1812 972 25
1845 914 2052 984 legitur

232 1001 307 1055 de
342 995 669 1052 trabearum
698 993 1002 1064 generibus
1034 1013 1065 1050 a
1094 994 1264 1051 Numa
1292 995 1567 1069 Pompilio
1597 995 1869 1067 inventis,
1907 998 2053 1054 Sue-

231 1079 383 1137 tonii
416 1083 481 1132 nt
528 1077 776 1140 credam,
820 1076 1112 1146 Byzantini
1145 1078 1492 1135 fabulatores.
1535 1093 1644 1134 non
1684 1080 2050 1149 persuadent:

232 1168 400 1219 certe
451 1159 655 1216 Servio
702 1159 887 1230 potius
930 1160 1091 1217 fidem
1126 1163 1307 1217 habeo
1355 1179 1464 1218 non
1511 1161 1732 1216 nimium
1759 1161 2052 1220 dissimilia

236 1265 296 1319 p.
326 1249 468 1313 282,
518 1249 553 1302 3
602 1259 635 1298 e
680 1241 947 1299 Suetonio
989 1245 1329 1314 proferenti,
1373 1261 1477 1300 nec
1521 1246 1922 1314 ignoraverunt
1969 1246 2052 1307 illi

238 1326 510 1385 Graeculi
542 1325 871 1382 Servianum
898 1327 1364 1383 commentarium.
1423 1328 1603 1384 Habet
1635 1327 1856 1398 quidem
1889 1328 2051 1384 Ioan-

236 1429 343 1468 nes
374 1409 557 1479 Lydus
586 1409 701 1464 illis
736 1407 960 1478 similia,
991 1416 1049 1465 et
1076 1409 1500 1480 chrysostomus
1531 1426 1752 1482 quoque
1783 1411 1854 1466 ad
1886 1420 1912 1470 1
1943 1410 2052 1468 Go-

234 1495 411 1552 rinth.
443 1491 673 1548 homilia
706 1490 879 1547 XXVI
910 1507 1018 1548 non
1051 1493 1229 1548 licere
1278 1495 1358 1550 ait
1398 1493 1521 1550 sine
1553 1494 1778 1563 cingulo
1813 1500 1868 1548 et
1899 1495 2052 1551 chla-

235 1578 409 1647 myde
458 1575 530 1630 ad
574 1573 867 1631 Caesarem
904 1575 1154 1646 ingredi;
1202 1578 1302 1632 sed
1342 1583 1470 1632 ante
1502 1576 1941 1645 Diocletianum,
1981 1577 2050 1633 de

238 1676 355 1732 quo
388 1658 695 1731 Eutropius
734 1663 789 1727 9,
828 1663 896 1716 26
926 1658 1199 1714 viden-dus
1252 1665 1374 1729 est,
1429 1659 1558 1714 talia
1595 1657 1766 1713 scribi
1798 1658 2051 1728 potuisse

238 1757 410 1813 nego.

372 1827 467 1880 De
529 1797 950 1880 maledictis
1006 1823 1207 1880 librum
1258 1823 1472 1880 Graece
1528 1823 1792 1896 scriptum
1845 1822 2048 1894 videri,

240 1909 413 1983 paulo
450 1913 579 1962 ante
608 1907 943 1976 significavi.
1031 1908 1112 1962 De
1140 1908 1460 1964 sordidiore
1495 1908 1804 1978 argumenti
1835 1923 2046 1978 genere

241 2006 572 2064 comparare
628 1989 763 2044 licet
816 2005 937 2046 cum
988 1990 1225 2047 aliorum
1278 1991 1650 2064 scriptiones,
1707 1997 1816 2046 tum
1869 1991 2047 2062 ipsius

242 2073 553 2144 Tranquilli
576 2071 823 2128 libellum
850 2073 941 2144 qui
968 2073 1071 2129 fuit
1100 2075 1182 2130 de
1212 2074 1727 2131 meretricibus
1757 2079 1944 2146 p.302.
1964 2081 2043 2132 15.

369 2156 461 2212 Ad
489 2156 785 2211 Romana
819 2156 1155 2213 instituta
1186 2158 1390 2213 referri
1417 2175 1482 2214 ea
1507 2173 1649 2228 quae
1679 2158 1747 2212 de
1773 2157 2048 2228 triumpho

242 2245 445 2311 agunt,
489 2237 745 2294 instituto
776 2255 925 2294 mere
960 2240 1201 2297 Romano
1230 2257 1412 2312 neque
1449 2257 1676 2312 usquam
1705 2240 1812 2295 nisi
1847 2241 2051 2297 Romae

244 2323 337 2393 agi
365 2321 561 2394 solito,
598 2320 792 2376 mirum
816 2329 1176 2380 commentum
1203 2323 1347 2380 dixit
1372 2323 1718 2392 Bernhardy,
1748 2322 1886 2377 mire
1919 2338 2052 2378 sane

246 2407 495 2462 miratus.
587 2405 669 2459 De
711 2405 990 2463 vocabulo
1021 2407 1172 2478 quod
1204 2412 1293 2462 est
1330 2402 1638 2478 triumphus
1670 2405 1904 2475 eiusque
1937 2406 2053 2461 ori-

241 2489 376 2558 gine
432 2486 635 2544 similia
694 2503 885 2544 eorum
927 2505 1066 2560 quae
1125 2489 1480 2560 Tranquillus
1535 2488 1799 2545 docuisse
1855 2489 2052 2559 fertur,

244 2571 496 2628 Zonaras
523 2584 746 2641 quoque
774 2571 943 2626 tradit
974 2579 1061 2642 12,
1090 2579 1159 2632 32
1193 2579 1231 2628 t.
1264 2579 1298 2630 2
1326 2590 1380 2644 p.
1413 2578 1516 2634 619
1545 2574 1715 2630 Bonn.

368 2656 453 2710 De
492 2652 655 2709 libris
689 2653 769 2708 de
811 2653 961 2710 vita
1000 2654 1372 2712 Caesarum
1411 2673 1577 2729 supra
1613 2656 1932 2728 singulatim
1967 2655 2052 2711 di-

244 2743 389 2794 ctum
422 2743 527 2793 est.

366 2821 449 2876 De
510 2820 973 2877 Romanorum
1016 2821 1199 2878 viris
1257 2821 1704 2878 illustribus
1761 2822 1854 2892 qui
1919 2821 2052 2877 olim

242 2904 621 2976 scripserant,
665 2904 849 2960 Varro
891 2905 1091 2962 Santra
1128 2903 1317 2978 Nepos
1363 2899 1722 2979 Hyginus⁵⁸),
1773 2920 1872 2961 eos
1911 2903 2054 2960 Sue·

382 3094 481 3161 54)
518 3099 749 3164 Ineptum
772 3094 998 3161 κυρίων,
1037 3100 1173 3163 quod
1208 3100 1347 3166 apud
1380 3099 1587 3152 Suidam
1617 3107 1734 3166 post
1761 3090 2055 3164 ὀνομάτων

241 3169 447 3234 legitur,
480 3180 565 3216 me
596 3165 755 3216 invito
793 3165 1053 3232 typotheta
1079 3169 1266 3222 omisit.
1324 3167 1427 3219 Sed
1453 3177 1590 3221 certe
1613 3167 1710 3218 hac
1737 3169 1790 3218 in
1813 3183 1870 3218 re
1902 3167 2056 3233 plane

241 3237 475 3286 divinum
527 3233 784 3285 hominem
824 3233 1043 3296 dixeris,
1088 3236 1177 3300 qui
1222 3251 1337 3287 cum
1382 3237 1718 3304 sagacissimo
1754 3233 2055 3299 Bernhardy

238 3319 361 3354 casu
390 3304 445 3354 in
468 3303 607 3353 idem
641 3303 833 3354 incidit.

378 3370 476 3436 55)
532 3371 637 3422 Hos
684 3371 759 3420 ita
798 3369 1135 3436 Hieronymus
1194 3372 1454 3438 coniungit
1488 3371 1624 3423 infra
1673 3389 1725 3440 p.
1778 3372 1910 3434 287,
1963 3371 2050 3425 ὃὸ.

236 3441 411 3492 Verbo
456 3439 929 3490 commemorandus
972 3441 1125 3490 etiam
1173 3448 1252 3490 est
1296 3445 1313 3472 ‘
1330 3440 1615 3503 Tarquitius
1657 3442 1722 3492 de
1771 3408 2050 3492 illustribus

234 3508 364 3558 viris
412 3508 703 3559 disserens’
748 3509 887 3572 apud
934 3507 1249 3570 Lactantium
1286 3509 1388 3558 div.
1421 3509 1537 3560 inst.
1574 3511 1602 3562 1
1621 3548 1636 3572 ‚
1680 3511 1770 3566 lo,
1820 3510 1848 3561 1
1887 3523 2050 3572 eoque

235 3577 407 3642 magis
444 3576 583 3640 quod
630 3574 837 3625 fuerunt
874 3577 961 3638 qui
994 3575 1272 3641 Tranquilli
1324 3590 1507 3627 nomen
1551 3585 1872 3646 reponerent.
1947 3577 2050 3627 Sed

2096 503 2158 546 De
2185 517 2269 596 gen
2275 519 2348 549 er·

2121 557 2232 598 'esti
2236 569 2325 602 um,

2188 1825 2248 1866 De

2095 1876 2335 1918 maledictis

2084 2163 2276 2204 Romana
2303 2163 2368 2204 iu-

2145 2214 2308 2254 clitum.

2121 2822 2182 2864 De
2207 2821 2289 2861 vir

2098 2873 2236 2915 illustr
2239 2835 2335 2914 ibim
