2700 4234
474 271 557 333 94
618 283 679 342 Q.
712 282 1008 330 som-om
1038 283 1291 341 TRANQ.
1325 283 1421 329 DE
1449 282 1615 330 vri-A
1647 282 2016 330 CAESARUM
2045 284 2184 332 Lm.
2213 284 2315 331 111.

475 437 711 518 peculio
732 437 981 496 referret
1010 445 1274 515 accepta.
1314 435 1470 496 Nihil
1501 455 1576 496 ex
1603 455 1676 497 eo
1708 446 1971 516 tempore
2002 439 2476 514 praetermissum

292 549 392 597 -÷··
478 532 567 582 est
598 521 668 581 ad
694 523 1045 580 maiestatem
1081 523 1205 579 eius
1237 519 1578 596 augendam,
1605 538 1674 582 ac
1703 521 1880 581 multo
1911 522 2100 597 magis
2105 530 2258 618 ’post
2284 539 2472 600 quam,

387 2955 453 3011 18

354 604 367 677 ζ
476 606 743 683 Agrippa
774 603 1039 664 abdicato
1070 613 1242 682 atque
1274 606 1562 682 seposito,
1597 613 1814 665 certum
1845 613 1991 679 erat,
2025 605 2119 663 uni
2149 622 2315 684 spem
2339 623 2473 664 suc·
2517 645 2539 660 0

394 698 457 752 16
476 689 760 749 cessionis
801 687 1161 756 incumbere;
1209 687 1338 747 data
1367 707 1566 748 rursus
1597 697 1857 768 potestas
1885 687 2188 748 tribunicia
2219 690 2275 747 in
2308 689 2473 767 quin·

472 775 809 852 quennium,
848 770 1149 847 delegatus
1184 771 1481 849 pacandae
1515 772 1854 833 Germaniae
1887 779 2098 848 status,
2131 771 2517 837 Parthorums

470 857 677 932 legati,
708 853 987 914 mandatis
1017 854 1285 932 Augusto
1313 855 1537 914 Romae
1565 854 1833 931 redditis,
1881 873 2015 914 eum
2042 873 2276 934 quoque
2311 855 2475 915 adire

388 949 428 1002 -t
470 943 526 999 in
576 941 874 1016 provincia
914 941 1072 998 iussi.
1135 938 1251 998 Sed
1294 941 1544 1000 nuntiata
1584 938 1803 1014 Illyrici
1847 938 2205 1014 defectione,
2247 939 2478 1002 transiit

472 1021 542 1082 ad
578 1040 771 1082 curam
800 1023 937 1082 novi
964 1022 1137 1099 belli,
1168 1021 1354 1100 quod,
1381 1025 1782 1100 gravissimum
1815 1023 2062 1083 omnium
2098 1031 2476 1082 externorum

472 1106 759 1167 bellorum
792 1115 926 1184 post
954 1105 1196 1181 Punica,
1230 1123 1336 1184 per
1369 1106 1691 1184 quindecim
1722 1107 1990 1205 legiones
2023 1123 2342 1185 paremque
2373 1124 2473 1166 au-

470 1191 739 1250 xiliorum
770 1191 993 1269 copiam
1026 1190 1271 1248 triennio
1300 1191 1509 1267 gessit,
1534 1193 1592 1249 in
1613 1192 1836 1268 magnis
1869 1191 2115 1251 omnium
2143 1207 2336 1250 rerum
2363 1189 2538 1250 dir-10

471 1273 817 1334 ficultatibus
864 1289 1195 1354 summaque
1239 1272 1469 1350 frugum
1507 1275 1724 1353 inopia.
1774 1273 1851 1333 Et
1885 1291 2205 1352 quanquam
2233 1273 2474 1352 saepius

472 1365 868 1434 revocaretur,
898 1366 1089 1417 tamen
1121 1359 1544 1436 perseveravit,
1573 1367 1834 1418 metuens
1857 1375 1930 1417 ne
1961 1359 2182 1417 vicinus
2213 1365 2272 1416 et
2299 1374 2472 1435 prae-

472 1441 673 1501 valens
726 1439 907 1500 hostis
960 1441 1200 1500 instaret
1236 1440 1387 1501 ultro
1434 1441 1789 1502 cedentibus.
1853 1440 1948 1500 Ac
1995 1441 2473 1519 perseverantiae

470 1525 689 1603 grande
716 1526 961 1602 pretium
988 1525 1134 1602 tulit,
1156 1533 1280 1584 toto
1304 1524 1560 1604 Illyrico,
1593 1524 1748 1604 quod
1777 1526 1928 1585 inter
1949 1524 2171 1584 Italiam
2199 1540 2472 1602 regnum·

472 1627 584 1687 que
612 1609 887 1668 Noricum
920 1617 977 1668 et
1010 1607 1309 1670 Thraciam
1344 1617 1407 1668 et
1429 1608 1826 1670 Macedoniam
1853 1610 2116 1686 interque
2145 1606 2472 1667 Danubium
2493 1625 2538 1666 ιι

472 1693 681 1753 flumen
712 1701 771 1752 et
801 1694 979 1751 sinum
1010 1695 1181 1752 maris
1203 1691 1518 1752 Hadriatici
1539 1701 1718 1772 patet,
1749 1691 2074 1772 perdomito
2101 1700 2163 1751 et
2196 1692 2252 1751 in
2285 1690 2472 1750 dicio·

391 1779 451 1835 17
472 1795 603 1837 nem
645 1776 905 1836 redacto.
990 1775 1095 1835 Cui
1138 1775 1362 1853 gloriae
1406 1775 1651 1854 amplior
1691 1775 1878 1837 adhuc
1916 1795 1993 1834 ex
2034 1775 2473 1854 opportunitate

472 1860 727 1920 cumulus
766 1860 1035 1918 accessit.
1096 1857 1241 1919 Nam
1286 1858 1393 1918 suh
1435 1859 1492 1919 id
1520 1860 1646 1920 fere
1675 1870 1899 1958 tempus
1932 1859 2240 1934 Quintilius
2275 1860 2472 1918 Varus

473 1961 597 2003 cum
638 1942 819 2001 tribus
854 1941 1184 2018 legionibus
1231 1944 1287 2001 in
1325 1942 1628 2004 Germania
1671 1944 1873 2022 periit,
1917 1945 2142 2002 nemine
2170 1940 2468 2002 dubitante

471 2029 606 2105 quin
646 2027 899 2086 victores
930 2023 1193 2086 Germani
1235 2027 1480 2086 iuncturi
1511 2045 1577 2087 se
1609 2026 1918 2088 Pannoniis
1948 2026 2186 2108 fuerint,
2225 2025 2337 2086 nisi
2364 2023 2464 2084 de·
2486 2039 2538 2079 2⁰

469 2110 743 2170 bellatum
795 2111 951 2189 prius
998 2103 1291 2184 Illyricum
1340 2119 1517 2170 esset.
1583 2111 1738 2186 Quas
1789 2112 1863 2172 ob
1911 2129 2007 2170 res
2049 2107 2370 2187 triumphus
2411 2109 2471 2167 ei

470 2194 737 2254 decretus
788 2203 909 2271 est,
952 2193 1223 2273 multique
1254 2203 1314 2254 et
1340 2195 1532 2272 magni
1562 2194 1835 2255 honores.
1894 2192 2258 2254 Censuerunt
2294 2193 2472 2251 etiam

470 2278 698 2359 quidam
736 2287 796 2337 ut
824 2278 1217 2355 Pannonicus,
1258 2277 1356 2337 alii
1395 2287 1456 2338 ut
1484 2278 1770 2355 Invictus,
1813 2278 2072 2338 nonnulli
2101 2286 2161 2337 ut
2194 2276 2330 2336 Pius
2368 2291 2468 2334 co·
2515 2294 2521 2300 ·

469 2365 912 2440 gnominaretur.
971 2361 1089 2421 Sed
1136 2361 1208 2420 de
1250 2363 1595 2440 cognomine
1636 2361 1965 2422 intercessit
2002 2361 2336 2438 Augustus,
2389 2376 2468 2419 eo

364 2440 377 2456 ‘
397 2443 414 2457 ’
474 2454 799 2505 contentum
828 2446 1266 2521 repromittens,
1298 2445 1450 2524 quod
1481 2463 1546 2506 se
1574 2445 1845 2505 defuncto
1877 2453 2252 2524 suscepturus
2281 2451 2466 2503 esset.
2488 2461 2540 2501 25

471 2528 835 2606 Triumphum
878 2529 1005 2606 ipse
1040 2527 1285 2606 distulit,
1336 2536 1554 2590 maesta
1587 2530 1820 2590 civitate
1853 2529 2018 2589 clade
2049 2531 2330 2595 Variana;
2383 2527 2468 2584 ni-

468 2612 587 2672 hilo
639 2613 819 2670 minus
862 2609 1060 2670 urbem
1102 2620 1498 2690 praetextatus
1541 2620 1599 2672 et
1641 2612 1837 2672 laurea
1881 2621 2191 2672 coronatus
2234 2612 2472 2670 intravit

470 2696 835 2774 positumque
874 2696 934 2753 in
963 2696 1193 2775 Saeptis
1232 2695 1506 2773 tribunal,
1552 2705 1753 2755 senatu
1793 2704 2052 2773 astante,
2101 2693 2468 2770 conscendit,

470 2797 541 2840 ac
590 2778 810 2838 medius
861 2781 1009 2839 inter
1060 2779 1204 2840 duos
1260 2779 1532 2839 consules
1581 2798 1708 2838 cum
1755 2779 2020 2857 Augusto
2064 2777 2228 2839 simul
2281 2776 2466 2848 sedit;

468 2863 645 2937 unde,
678 2862 900 2941 populo
935 2862 1313 2939 consalutato,
1348 2865 1561 2922 circum
1591 2863 1806 2941 templa
1835 2863 2114 2924 deductus
2145 2870 2256 2921 est.
2486 2869 2538 2911 3⁰

597 2945 871 3007 Proximo
926 2964 1074 3006 anno
1116 2949 1366 3024 repetita
1407 2945 1737 3023 Germania,
1795 2964 1919 3006 cum
1980 2944 2471 3006 animadverteret

469 3031 775 3090 Varianam
818 3029 1041 3089 cladem
1086 3029 1408 3090 temeritate
1455 3038 1514 3088 et
1549 3030 1927 3107 neglegentia
1959 3029 2122 3089 (lucis
2153 3013 2659 3106 accidisse,·t*-·‘·“¹

467 3114 602 3174 nihil
649 3131 767 3174 non
808 3112 879 3172 de
922 3113 1148 3173 consilii
1182 3114 1464 3174 sententia
1495 3114 1644 3190 egit;
1690 3132 1925 3193 semper
1953 3114 2096 3173 alias
2125 3113 2215 3174 sui
2245 3111 2467 3173 arbitrii

470 3205 885 3275 contentusque
916 3215 981 3257 se
1014 3214 1161 3274 uno,
1205 3206 1339 3256 tunc
1374 3206 1607 3275 praeter
1639 3197 2108 3258 consuetudinem
2143 3214 2270 3256 cum
2305 3213 2466 3257 com·

468 3278 725 3355 pluribus
757 3279 829 3340 de
857 3281 1083 3340 ratione
1106 3280 1245 3340 belli
1272 3281 1728 3341 communicavit.
1780 3280 1986 3341 Curam
2019 3297 2252 3359 quoque
2285 3279 2463 3339 solito
2484 3297 2536 3338 35

468 3363 823 3422 exactiorem
852 3365 1153 3441 praestitit.
1208 3365 1576 3425 Traiecturus
1609 3364 1902 3441 Rhenum,
1937 3372 2315 3426 commeatum
2344 3381 2462 3424 om-

467 3460 596 3502 nem
644 3445 717 3504 ad
774 3455 991 3507 certam
1016 3447 1337 3508 ·formulam
1395 3446 1722 3510 adstrictum
1773 3465 1890 3508 non
1941 3457 2072 3509 ante
2127 3447 2464 3524 transmisit,

468 3543 635 3602 quam
676 3529 1002 3590 consistens
1032 3529 1183 3609 apud
1210 3530 1395 3609 ripam
1430 3531 1801 3611 explorasset
1827 3531 2224 3592 vehiculorum
2259 3549 2466 3610 onera,
