2700 4234
403 796 432 849 1

410 2278 444 2333 3

461 270 586 335 236
619 284 678 335 C.
708 282 1010 333 stm'rom
1041 281 1300 341 TRANQ.
1329 282 1427 329 DE
1456 280 1624 329 VITA
1658 280 2027 329 CAESARUH
2061 280 2201 329 Lm.
2224 281 2381 330 vm.

1144 613 1422 669 alvus
1486 611 1788 669 urus.

594 769 776 846 Titus,
813 770 1165 847 cognomine
1200 770 1493 849 paterno}
1524 786 1687 829 amor
1717 785 1789 828 ac
1818 767 2071 827 deliciae
2102 768 2341 843 generis
2368 766 2472 828 lm-

463 856 638 930 mani,
677 854 928 933 (tantum
958 853 1042 914 illi
1081 852 1154 915 ad
1193 833 2344 933 promerenffioffimwluntatem-
2374 852 2472 913 vel

463 939 685 1015 ingenii
717 937 814 996 vel
844 937 986 997 artis
1009 937 1103 997 vel
1131 938 1403 1011 fortunae
1433 936 1737 1015 superfuit,
1774 943 1853 1011 et,
1894 933 2050 1013 quod
2076 932 2473 995 difficillimum

467 1030 576 1098 est,
611 1022 669 1079 in
697 1021 977 1100 imperio:
1012 1019 1243 1099 quando
1277 1021 1541 1099 privatus
1570 1028 1745 1097 atque
1781 1020 1951 1079 etiam
1984 1016 2093 1077 sub
2124 1024 2293 1095 patre
2315 1020 2470 1096 prin-

469 1107 602 1185 cipe
630 1122 705 1163 ne
734 1103 871 1164 odio
899 1103 1153 1183 quidem,
1186 1102 1397 1163 nedum
1425 1102 1859 1181 vituperatione
1892 1100 2129 1180 publica
2162 1100 2376 1179 caruit)
2496 1128 2525 1168 5

593 1185 774 1247 Natus
808 1196 898 1246 est
925 1186 1027 1247 111.
1058 1186 1134 1247 Kl
1185 1186 1307 1247 Ian.
1354 1188 1570 1263 insigni
1594 1202 1764 1246 anno
1796 1184 2011 1246 Gaiana
2054 1202 2235 1260 nece,
2278 1202 2473 1264 prope

469 1271 897 1350 Septizonium,
947 1269 1197 1330 sordidis
1229 1269 1507 1346 aedibus,
1560 1268 1833 1329 cubiculo
1873 1285 2018 1328 vero
2074 1285 2369 1346 perparvo
2412 1278 2475 1328 et

469 1354 757 1422 obscuro;
797 1353 961 1432 (nam
989 1363 1184 1413 manet
1213 1353 1403 1414 adhuc
1434 1362 1493 1413 et
1520 1351 1873 1430 ostenditur)
1917 1351 2197 1411 educatus
2238 1353 2297 1410 in
2341 1352 2473 1411 aula

471 1455 598 1498 cum
623 1436 957 1497 Britannico
989 1436 1178 1513 simul,
1207 1454 1280 1497 ac
1313 1436 1549 1516 paribus
1585 1436 1907 1515 disciplinis
1950 1444 2011 1495 et
2041 1434 2197 1512 apud
2232 1434 2472 1495 eosdem

467 1520 780 1598 magistros
808 1522 1116 1581 institutus.
1148 1520 1311 1595 ‘Quo
1346 1519 1575 1599 quidem
1604 1528 1867 1599 tempore
1900 1520 2055 1579 aiunt
2092 1526 2469 1597 metoposco·
2490 1535 2546 1577 10

469 1622 623 1685 pum,
658 1622 690 1663 a
716 1598 998 1665 Narcisso
1029 1603 1234 1665 Claudi
1259 1603 1473 1665 liberto
1504 1602 1852 1679 adhibitum,
1882 1611 1943 1662 ut
1969 1601 2356 1662 Britannicum
2386 1602 2470 1660 in-

469 1689 758 1767 spiceret,
795 1688 1257 1750 constantissime
1281 1687 1625 1763 affirmasse,
1653 1686 1812 1747 illum
1836 1685 2067 1765 quidem
2087 1684 2247 1745 nullo
2269 1684 2469 1762 modo,

472 1780 727 1832 ceterum
760 1770 964 1847 Titum,
997 1773 1093 1849 qui
1123 1780 1260 1830 tunc
1288 1788 1478 1850 prope
1509 1769 1767 1846 astabat,
1808 1770 2007 1849 utique
2036 1770 2469 1847 imperaturum.

469 1854 650 1915 Erant
681 1862 868 1913 autem
903 1854 1052 1915 adeo
1081 1854 1419 1931 familiares,
1448 1863 1509 1914 ut
1540 1853 1613 1914 de
1642 1856 1884 1932 potione
1902 1898 1919 1930 ,
1964 1870 2075 1931 qua
2107 1850 2469 1913 Britannicus

469 1936 670 1997 hausta
699 1937 901 2015 periit,
935 1936 1098 1997 Titus
1142 1954 1376 2016 quoque
1426 1940 1583 1997 iuxta
1634 1937 1852 1997 cubans
1885 1944 2157 2014 gustasse
2200 1936 2471 1997 credatur
2492 1959 2544 2002 ιε

470 2020 752 2098 gravique
781 2019 990 2080 morbo
1023 2019 1350 2080 adflictatus
1386 2019 1500 2080 diu.
1586 2021 1844 2096 Quorum
1884 2021 2137 2081 omnium
2172 2037 2312 2081 mox
2350 2038 2469 2081 me—

470 2119 614 2181 mor,
647 2111 888 2163 statuam
917 2105 972 2164 ei
1001 2105 1318 2164 aureamin
1341 2104 1565 2165 Palatio
1593 2106 1811 2183 posuit,
1842 2112 1901 2163 et
1926 2104 2164 2164 alteram
2188 2122 2267 2165 ex
2286 2103 2470 2165 ebore

473 2195 823 2266 equestrem,
863 2206 1011 2267 quae
1039 2186 1306 2259 Circensi
1336 2205 1553 2268 pompa
1586 2187 1879 2266 hodieque
1913 2188 2275 2267 praefertur,
2310 2186 2469 2247 dedi-

475 2272 628 2331 cavit
655 2280 1120 2350 prosecutusque
1151 2279 1263 2331 est.
1340 2272 1408 2331 In
1438 2288 1621 2350 puero
1650 2273 1841 2331 statim
1872 2272 2144 2350 corporis
2182 2272 2471 2350 animique

474 2353 644 2414 dotes
679 2354 1160 2433 explenduerunt,
1191 2357 1495 2434 magisque
1529 2373 1598 2415 ac
1626 2355 1813 2432 magis
1841 2353 2123 2434 deinceps
2164 2372 2273 2434 per
2316 2363 2468 2415 aeta·
2490 2380 2545 2422 υ

474 2439 545 2495 tis
578 2435 822 2513 gradus:
854 2437 1040 2499 forma
1073 2439 1319 2516 egregia
1350 2448 1410 2497 et
1440 2439 1532 2498 cui
1561 2455 1678 2497 non
1706 2440 1892 2498 minus
1924 2439 2283 2498 auctoritatis
2316 2440 2467 2499 ines-

475 2527 566 2578 set
602 2535 770 2596 quam
801 2522 1056 2597 gratiae,
1090 2524 1466 2600 praecipuum
1494 2521 1705 2599 robur,
1743 2539 2083 2600 quamquam
2112 2540 2303 2602 neque
2334 2539 2469 2601 pro·

475 2618 610 2661 cera
641 2608 858 2662 statura
889 2611 948 2663 et
972 2612 1177 2663 ventre
1211 2605 1386 2683 paulo
1416 2606 1803 2684 proiectiore;
1836 2608 2113 2666 memoria
2134 2606 2470 2683 singularis,

350 2728 357 2735 .
473 2683 744 2745 docilitas
772 2685 846 2745 ad
873 2688 1058 2747 omnis
1087 2688 1216 2747 fere
1247 2696 1365 2747 tum
1394 2688 1538 2749 belli
1568 2698 1685 2749 tum
1714 2690 1878 2769 pacis
1916 2698 2095 2751 artes.
2160 2689 2470 2751 Armorum

409 3446 444 3500 4

474 2778 533 2829 et
579 2769 868 2847 equitandi
917 2772 1327 2849 peritissimus,
1368 2772 1569 2833 Latine
1600 2772 1978 2853 Graeceque,
2024 2773 2118 2833 vel
2152 2774 2211 2831 in
2244 2772 2467 2833 orando
2489 2788 2546 2829 2⁵

471 2851 570 2913 vel
603 2854 660 2913 in
689 2853 976 2931 lingendis
1006 2855 1390 2934 poematibus,
1426 2864 1733 2935 promptus
1762 2865 1821 2915 et
1847 2856 2037 2917 facilis
2068 2856 2142 2917 ad
2164 2864 2469 2936 extempo-
2532 2898 2539 2904 -

473 2934 759 2997 ralitatem
794 2956 1008 3018 usque;
1045 2939 1152 2999 sed
1183 2957 1259 2999 ne
1285 2935 1542 3000 musicae
1578 2939 1808 3018 quidem
1835 2939 2027 3016 rudis,
2056 2950 2117 3000 ut
2146 2942 2243 3020 qui
2276 2949 2469 3001 canta-

474 3029 568 3080 ret
597 3029 656 3080 et
685 3021 970 3100 psalleret
1009 3022 1256 3083 iucunde
1299 3025 1692 3103 scienterque.
1780 3022 1831 3083 E
1876 3023 2139 3103 pluribus
2182 3027 2469 3103 comperi,

476 3106 626 3164 notis
663 3122 900 3184 quoque
931 3109 1211 3187 excipere
1243 3107 1619 3169 velocissime
1648 3107 1914 3183 solitum,
1951 3125 2080 3168 cum
2110 3108 2469 3169 amanuensi-

472 3186 582 3247 bus
611 3189 729 3248 suis
775 3207 884 3268 per
927 3190 1118 3251 ludum
1159 3193 1467 3270 iocumque
1511 3198 1861 3268 certantem,
1909 3193 2233 3271 imitarique
2278 3191 2469 3252 chiro·
2489 3216 2543 3257 so

467 3269 712 3431 gapha·
732 3273 1424 3418 quaecumquayidissess
1456 3292 1528 3335 ac
1558 3291 1741 3354 saepe
1783 3275 2079 3354 profiteri,
2126 3274 2465 3336 maximum

569 3369 809 3413 sarnum
838 3372 976 3416 esse
999 3375 1087 3434 po
1153 3374 1299 3418 osse.

595 3434 882 3498 Tribunus
911 3439 1146 3499 militum
1198 3442 1263 3500 et'
1297 3443 1356 3501 in
1388 3420 1693 3503 Germania
1744 3449 1802 3501 et
1843 3444 1901 3501 in
1927 3442 2218 3503 Britannia
2258 3442 2469 3501 meruit
2566 3452 2589 3469 ·

473 3537 688 3580 summa
717 3520 1050 3601 industriae,
1086 3541 1199 3583 nec
1227 3526 1454 3585 minore
1474 3524 1798 3587 modestiae
1826 3525 1999 3604 fama,
2036 3526 2185 3586 sicut
2218 3533 2469 3608 apparet
