2700 4234
501 270 626 331 226
657 280 719 329 c.
749 279 1053 328 sumom
1082 279 1342 339 Teano.
1374 280 1469 327 DE
1501 278 1669 328 vrrs
1708 278 2084 329 cAnsAnmt
2106 280 2246 329 mn.
2270 282 2423 330 vm.

501 436 700 497 tillam,
767 435 952 496 Uxori
984 452 1056 493 ac
1091 433 1246 493 filiae
1275 442 1581 513 superstes
1611 433 1747 510 fuit,
1778 442 1954 511 atque
1986 442 2287 513 utramque
2318 434 2513 497 adhuc

504 521 764 601 privatus
795 518 1000 580 amisit.
1069 517 1210 577 Post
1239 518 1443 577 uxoris
1471 535 1785 581 excessum
1818 514 2173 594 Caenidem,
2215 518 2511 581 Antoniae

502 604 769 665 libertam
791 612 850 662 et
871 620 906 662 a
929 619 1120 677 manu,
1155 601 1428 661 dilectam
1452 600 1737 680 quondam
1766 600 1875 661 sibi
1900 603 2207 661 revocavit
2228 602 2289 661 in
2309 612 2508 663 contu·

502 688 797 763 bernium,
822 685 1134 763 habuitque
1158 686 1328 746 etiam
1345 686 1671 784 imperator
1695 702 1885 763 paene
1911 685 2098 747 iustae
2112 686 2322 748 uxoris
2346 685 2506 748 loco.

445 788 480 841 4
625 770 866 833 Claudio
906 770 1174 849 principe
1199 768 1466 829 Narcissi
1494 768 1683 845 gratia
1712 768 1943 845 legatus
1975 768 2231 846 legionis
2274 772 2333 831 in
2363 770 2500 831 Ger·
2520 787 2548 827 ιι

504 857 746 916 maniam
777 855 986 915 missus
1017 862 1136 922 θεῖς
1171 852 1354 912 inde‘
1335 872 1395 912 ιιι
1414 852 1764 914 Britanniam
1786 851 2122 929 translatus,
2154 854 2357 913 tricies
2379 874 2505 915 cum

505 941 679 1000 hoste
719 938 997 998 conflixit.
1074 937 1235 998 Duas
1278 922 1665 997 validissimas
1701 945 1915 1013 gentes
1959 954 2259 1016 superque
2305 939 2507 1015 viginti

507 1022 724 1103 oppida
757 1030 816 1081 et
839 1021 1080 1081 insulam
1110 1023 1359 1082 Vectem
1392 1022 1718 1081 Britanniae
1749 1022 2073 1099 proximam
2115 1022 2175 1081 in
2220 1020 2507 1081 dicionem

484 1106 768 1183 redegit,
802 1106 1009 1185 partim
1040 1104 1176 1163 Auli
1209 1103 1395 1164 Plauti
1437 1103 1621 1181 legati
1661 1104 1986 1165 consularis
2031 1107 2237 1182 partim
2282 1102 2507 1167 Claudii

506 1194 691 1271 ipsius
725 1151 917 1249 d’uctu.
977 1187 1169 1263 Quare
1202 1187 1577 1267 triumphalia
1595 1196 1928 1250 ornamenta
1959 1196 2020 1248 et
2064 1189 2123 1247 in
2167 1188 2336 1249 brevi
2371 1206 2579 1268 spa-10

475 1278 586 1339 ,tio
617 1273 835 1352 duplex
863 1270 1251 1332 sacerdotium
1279 1272 1533 1351 accepit,
1572 1280 1879 1350 praeterea
1914 1272 2305 1349 consulatum,
2337 1282 2511 1352 quem

506 1360 698 1435 gessit
737 1373 846 1435 per
894 1355 1042 1417 duos
1083 1357 1438 1417 novissimos
1478 1356 1609 1415 anni
1648 1373 1903 1417 menses.
1990 1356 2241 1417 Medium
2279 1366 2509 1435 tempus

505 1442 579 1503 ad
607 1440 1086 1521 proconsulatum
1115 1442 1383 1519 usquein
1410 1441 1533 1501 otio
1558 1456 1921 1518 secessuque
1946 1441 2088 1517 egit,
2119 1441 2511 1520 Agrippinam

506 1528 716 1587 timens
759 1533 1056 1624 potentem
1103 1524 1292 1587 adhuc
1321 1523 1475 1627 apud
1506 1524 1680 1584 lilium
1714 1533 1772 1583 et
1801 1523 2057 1585 defuncti
2096 1542 2331 1603 quoque
2361 1524 2507 1586 Nar-

511 1612 646 1671 cissi
677 1610 847 1669 amici
874 1627 1165 1687 perosam
2528 1622 2580 1663 ιε

629 1694 800 1755 Exim
835 1694 1076 1753 sortitus
1106 1692 1398 1767 Africam,
1445 1692 1824 1770 integerrime
1858 1710 1970 1752 nec
2000 1694 2125 1753 sine
2167 1710 2379 1769 magna
2424 1692 2507 1751 di·
2663 1692 2664 1701 ²

507 1779 784 1856 gnatione
813 1776 1250 1853 administravit,
1281 1777 1391 1836 nisi
1418 1776 1572 1854 quod
1594 1775 1931 1837 Hadrumeti
1952 1775 2239 1838 seditione
2264 1776 2508 1855 quadam

509 1880 651 1939 rapa
685 1863 744 1920 in
787 1878 918 1920 eum
963 1861 1112 1921 iacta
1156 1869 1304 1919 sunt.
1378 1859 1572 1921 Rediit
1609 1868 1771 1921 certe
1814 1860 1993 1920 nihilo
2036 1860 2404 1940 opulentior,
2448 1869 2509 1919 ut

511 1946 625 2025 qui,
654 1960 846 2023 prope
879 1942 1227 2004 labefactata
1257 1944 1371 2003 iam
1402 1943 1539 2019 fide,
1576 1946 1765 2007 omnia
1795 1944 2034 2022 praedia
2074 1945 2237 2005 fratri
2282 1943 2506 2021 obliga-

508 2030 584 2089 rit
612 2028 1072 2105 necessarioque
1107 2026 1180 2087 ad
1207 2029 1590 2103 mangonicos
1615 2037 1893 2108 quaestus
1920 2028 2291 2089 sustinendae
2318 2027 2502 2104 digni·
2524 2046 2579 2086 zo

509 2114 644 2173 tatis
676 2129 851 2171 causa
887 2109 1285 2181 descenderit;
1319 2120 1569 2189 propter
1601 2112 1758 2192 quod
1784 2112 1963 2190 vulgo
1994 2112 2224 2173 mulio
2252 2110 2507 2172 vocaba-

509 2205 621 2257 tur.
690 2193 1006 2256 Convictus
1039 2212 1275 2274 quoque
1305 2194 1515 2256 dicitur
1545 2195 1793 2257 ducenta
1829 2198 2099 2257 sestertia
2132 2196 2508 2275 expressisse

511 2281 720 2357 iuveni,
755 2281 848 2339 cui
887 2279 1064 2339 latum
1111 2279 1336 2339 clavum
1377 2277 1661 2340 adversus
1706 2281 1888 2358 patris
1930 2280 2285 2341 voluntatem
2326 2281 2506 2358 impe-

513 2372 712 2440 trarat,
743 2381 936 2441 eoque
966 2364 1196 2423 nomine
1227 2364 1491 2440 graviter
1520 2360 1857 2443 inciepitus.

636 2447 1118 2523 Peregrinatione
1150 2446 1406 2507 Achaica
1438 2447 1591 2508 inter
1622 2448 1866 2507 comites
1896 2446 2179 2525 Neronis,
2212 2466 2340 2508 cum
2372 2466 2503 2509 can·
2522 2473 2577 2515 25

512 2538 669 2591 tante
701 2547 775 2588 eo
812 2538 907 2589 aut
935 2526 1267 2590 discederet
1296 2532 1532 2609 saepius
1566 2540 1664 2591 aut
1694 2548 1977 2609 praesens
2022 2532 2506 2610 obdormisceret,

513 2613 913 2693 gravissimam
938 2614 1227 2673 contraxit
1254 2614 1556 2691 offensam,
1590 2614 2172 2694 prohibitusquenon
2198 2616 2506 2679 contuber-

513 2700 612 2758 nio
641 2696 816 2757 modo
847 2697 953 2756 sed
984 2697 1154 2757 etiam
1183 2697 1415 2776 publica
1446 2699 1826 2776 salutatione,
1874 2702 2125 2760 secessit
2165 2702 2222 2759 in
2270 2718 2507 2779 parvam

517 2800 586 2843 ac
617 2781 841 2842 deviam
875 2782 1181 2859 civitatem,
1218 2782 1411 2861 quoad
1450 2782 1649 2842 latenti
1690 2784 1976 2862 etiamque
2022 2793 2283 2845 extrema
2326 2793 2506 2844 metu·

517 2866 634 2926 enti
661 2866 964 2945 provincia
995 2883 1122 2925 cum
1159 2865 1421 2926 exercitu
1450 2865 1645 2927 oblata
1678 2876 1786 2927 est.
2525 2890 2581 2932 so

641 2948 1068 3011 Percrebuerat
1097 2948 1332 3009 Oriente
1369 2958 1493 3011 toto
1527 2958 1691 3009 vetus
1722 2959 1781 3009 et
1812 2960 2086 3011 constans
2116 2953 2340 3032 opinio,
2370 2970 2509 3011 esse

515 3036 573 3095 in
605 3034 738 3095 fatis
765 3042 828 3094 nt
857 3051 931 3093 eo
961 3042 1227 3112 tempore
1258 3031 1471 3093 Iudaea
1502 3035 1755 3111 profecti
1795 3052 1987 3095 rerum
2035 3038 2382 3114 potirentur.
2442 3034 2509 3095 Id

518 3118 590 3179 de
618 3120 974 3197 imperatore
1006 3116 1290 3193 Romano,
1323 3126 1590 3196 quantum
1624 3128 1830 3197 postea
1855 3128 2067 3179 eventu
2094 3121 2301 3199 paruit,
2338 3138 2507 3200 prae-
2663 3178 2664 3183 ,

519 3201 728 3261 dictum
754 3200 954 3262 Iudaei
987 3200 1060 3263 ad
1092 3220 1158 3262 se
1190 3200 1485 3262 trahentes
1515 3201 1891 3279 rebellarunt,
1924 3220 2221 3283 caesoque
2252 3221 2507 3283 praepo·
2663 3200 2664 3227 *

519 3283 632 3343 sito
665 3286 920 3361 legatum
952 3285 1191 3363 insuper
1222 3286 1427 3361 Syriae
1456 3286 1821 3347 consularem
1852 3289 2153 3366 suppetias
2196 3288 2505 3363 ferentem,
2525 3307 2577 3347 ss

515 3374 683 3445 rapta
718 3368 944 3446 aquila,
984 3368 1354 3444 fugaverunt.
1424 3370 1518 3429 Ad
1566 3370 1718 3430 hunc
1762 3378 1976 3429 motum
2015 3370 2508 3451 comprimendum
2663 3368 2664 3371 ’

519 3468 646 3512 cum
678 3451 941 3511 exercitu
971 3451 1253 3529 ampliore
1281 3462 1342 3513 et
1368 3472 1486 3514 non
1518 3454 1814 3514 instrenuo
1845 3452 2016 3532 duce,
2050 3456 2140 3515 cui
2168 3464 2361 3515 tamen
2381 3464 2505 3516 tuto

514 3543 671 3597 tanta
699 3553 798 3596 res
833 3536 1313 3614 committeretur,
1347 3555 1497 3616 opus
1534 3547 1725 3617 esset,
1768 3540 1901 3617 ipse
1944 3540 2302 3618 potissimum
2347 3538 2503 3599 dele·
