2700 4234
642 258 790 306 XXX
1100 294 1107 301 .
1324 255 1744 304 PRAEFATIO.

646 414 901 488 magistri
932 415 1144 486 aliquot
1176 415 1246 470 de
1279 413 1602 471 coniectura
1632 415 1723 471 vel
1764 415 1925 486 reym‘
1953 413 2046 470 vel
2086 415 2308 486 imperii
2335 432 2480 490 sup-

646 499 806 573 plere
834 499 1163 567 maluerunt,
1194 499 1342 570 quod
1371 504 1656 569 utrumque
1687 499 1743 552 in
1779 496 2066 569 principes
2097 514 2316 571 quoque
2349 498 2480 556 edi-

648 581 835 638 tiones
867 581 1107 637 transiit.
1194 581 1324 638 Eam
1367 582 1619 638 lacunam
1652 597 1794 652 quae
1839 598 1890 652 p.
1927 586 2028 650 26,
2075 587 2141 640 19
2184 582 2480 653 complura

647 668 823 723 verba
868 665 1188 736 absorpsit,
1242 665 1634 735 grammaticus
1679 664 1900 736 quidam
1947 664 2178 720 saeculo
2221 664 2322 720 XV
2362 671 2480 722 tam

646 749 935 806 commode
979 748 1249 818 resumit,
1304 753 1366 803 ut
1407 747 1464 824 i'n
1509 748 1631 804 eius
1665 747 1988 804 coniectura
2021 747 2310 818 acquiesci
2341 754 2481 820 pot-

643 831 808 888 uerit.
898 832 1253 903 Receperunt
1284 831 1515 888 codices
1560 830 1991 902 Perizonianus,
2027 830 2264 887 Parisini
2309 837 2474 891 5809.

644 921 802 975 5811.
844 919 984 975 5814
1026 921 1083 970 et
1128 914 1409 971 editiones
1451 915 1727 972 Romanae
1774 914 2080 987 principes.
2169 913 2476 972 Difficilior

644 999 800 1056 visus
850 999 1033 1054 hiatus
1070 1015 1125 1070 p.
1168 1003 1272 1068 36,
1318 1004 1416 1061 203
1467 999 1701 1070 explere
1743 997 2077 1054 studuerunt
2116 1015 2222 1056 sex
2255 1005 2474 1070 septem

644 1081 899 1152 magistri
946 1083 1089 1137 alter
1146 1082 1324 1138 altero
1381 1080 1772 1154 probabilius,
1831 1081 2071 1137 omnium
2127 1081 2372 1155 pessime
2421 1083 2474 1138 is

645 1165 803 1221 cuius
834 1170 1195 1222 commentum
1238 1165 1295 1220 in
1328 1164 1581 1220 Parisino
1611 1170 1781 1234 5809,
1826 1163 2155 1236 Turicensi,
2203 1165 2474 1222 Cortians)

642 1248 927 1305 inventum
958 1249 1244 1320 postremo
1280 1249 1336 1303 in
1385 1246 1727 1304 editionibus
1773 1248 2044 1304 subsedit.
2139 1249 2346 1306 Contra
2383 1249 2474 1305 fa-

644 1332 849 1388 cillima
886 1348 980 1387 res
1011 1331 1117 1386 fuit
1145 1332 1202 1387 in
1236 1331 1587 1388 restituendo
1623 1347 1693 1387 eo
1723 1332 1875 1401 loco,
1912 1332 2007 1402 qui
2035 1349 2091 1404 p.
2125 1337 2210 1403 24,
2245 1335 2474 1393 34—36

642 1416 841 1472 lacuna
870 1415 1093 1484 hiabat,
1135 1420 1438 1488 supersunt
1482 1414 1625 1470 enim
1656 1415 1830 1471 verba
1864 1416 2056 1487 elapsa
2097 1415 2152 1470 in
2187 1430 2473 1471 commen-

643 1498 803 1555 tariis
837 1497 1211 1555 Caesarianis.
1305 1499 1509 1554 Tamen
1556 1514 1665 1555 non
1704 1504 2031 1571 comparent
2062 1499 2170 1554 nisi
2225 1498 2282 1553 in
2314 1499 2473 1556 Pari-

643 1583 783 1640 sinis
816 1587 1075 1653 quattuor
1104 1588 1259 1642 5803.
1308 1587 1465 1642 5812.
1500 1583 1682 1656 suppl.
1708 1584 1821 1638 Lat.
1859 1587 1978 1641 140.
2011 1583 2311 1640 sorbonne
2343 1588 2472 1653 914,

641 1668 697 1722 in
731 1665 1026 1722 Basiliensi
1063 1672 1119 1721 et
1145 1666 1572 1722 Vindobonensi
1613 1671 1746 1736 183,
1789 1666 2032 1738 itemque
2063 1682 2185 1722 cum
2219 1666 2334 1722 levi
2369 1683 2470 1723 va-

642 1750 844 1806 rietate
877 1749 934 1804 in
963 1750 1216 1820 margine
1244 1749 1485 1805 Medicei
1516 1748 1679 1821 primi
1719 1755 1776 1804 et
1807 1747 1863 1803 in
1900 1749 2156 1806 Parisino
2185 1755 2357 1820 5810,
2397 1766 2470 1806 ex

644 1832 987 1890 editionibus
1032 1831 1090 1886 in
1136 1832 1491 1903 Lugdunensi
1542 1849 1591 1888 a.
1640 1838 1794 1892 1508.
1885 1832 2046 1889 Alius
2093 1833 2314 1904 quidam
2353 1850 2467 1890 ma-

640 1916 820 1987 gister
852 1915 1123 1988 pauciora
1161 1917 1334 1971 verba
1365 1917 1508 1971 haec
1538 1918 1708 1971 ceteri
1731 1933 1898 1999 quam
1927 1917 2064 1972 bene
2091 1923 2253 1988 atque
2282 1932 2469 1972 emen-

637 2000 766 2055 date
791 1997 931 2055 satis
962 2015 1089 2055 esse
1116 2005 1268 2055 ratus
1292 1999 1545 2055 Parisino
1570 2005 1708 2060 5805
1727 2041 1742 2070 ,
1769 2017 1816 2056 a.
1847 2005 1986 2062 1453
2007 2001 2245 2073 scripto,
2279 2007 2336 2056 et
2360 2002 2466 2057 Be-

638 2083 839 2140 roaldo
876 2099 925 2138 a.
962 2089 1100 2142 1506
1134 2083 1430 2156 persuasit.

758 2165 953 2238 Neque
994 2166 1172 2224 minus
1219 2163 1570 2224 noviciorum
1613 2167 1884 2224 librorum
1916 2167 2220 2225 auctoritas
2265 2183 2335 2223 eo
2378 2167 2466 2222 in-

635 2250 932 2322 fringitur,
986 2252 1134 2323 quod
1174 2267 1282 2308 non
1330 2256 1483 2306 certa
1531 2255 1591 2306 et
1639 2251 1917 2320 constanti
1960 2252 2146 2323 aliqua
2193 2251 2468 2308 affinitate

635 2352 756 2391 cum
820 2334 1062 2406 antiquis
1120 2335 1394 2406 exemplis
1456 2334 1899 2406 coniunguntur,
1955 2335 2058 2392 sed
2110 2335 2466 2392 diversorum

638 2417 1020 2491 exemplorum
1059 2417 1366 2474 collatione
1415 2418 1773 2476 contaminati
1819 2421 1985 2476 modo
2020 2419 2090 2475 ad
2119 2417 2261 2476 h'anc
2298 2419 2466 2475 modo

637 2503 705 2559 ad
748 2503 901 2558 illam
931 2501 1201 2558 librorum
1246 2501 1479 2574 stirpem
1523 2501 1810 2574 pertinere
1849 2502 2130 2558 videntur.
2221 2503 2318 2558 Sic
2361 2503 2467 2558 Ba-

637 2585 888 2641 siliensis
932 2585 1114 2641 codex
1152 2585 1193 2641 F
1233 2586 1257 2640 1
1300 2590 1370 2644 12
1418 2591 1476 2640 et
1514 2583 1976 2643 vindobonensis
2026 2591 2129 2648 183
2168 2584 2366 2660 (vind.
2413 2593 2464 2643 1.

636 2668 948 2742 appellavit
988 2663 1449 2744 Oudendorpius)
1490 2670 1585 2741 qui
1628 2668 1760 2725 libri
1806 2670 1954 2726 inter
1995 2687 2057 2726 se
2097 2675 2206 2726 tam
2247 2669 2466 2725 similes

634 2759 763 2810 sunt
793 2759 852 2808 ut
882 2769 987 2826 pro
1018 2769 1129 2809 uno
1158 2753 1356 2811 baberi
1387 2753 1639 2825 possint,
1681 2754 2082 2810 accedentibus
2109 2753 2346 2825 reliquis
2385 2752 2466 2808 si-

634 2837 878 2907 milibus,
907 2835 1308 2908 Perizoniano‚
1339 2835 1723 2907 Harlemensi,
1756 2836 2283 2906 Corsendonciano,
2314 2835 2464 2892 Non-

634 2921 825 2990 niano‚
840 2920 1354 2992 Lindenbrogiano,
1379 2919 1750 2991 Ferrariensi‚
1763 2919 2306 2978 Vratislaviensibus
2322 2921 2466 2976 duo-

601 3004 737 3076 ¹bus
754 2999 855 3077 ²⁰),
886 3002 1155 3061 Parisinis
1186 3010 1345 3064 5812.
1388 3004 1586 3076 supple
1601 3006 1717 3060 Lat.
1753 3010 1886 3064 140.‘
1906 3005 2070 3062 Sorb.
2089 3010 2210 3065 914.
2250 3004 2463 3060 tribus-

774 3184 869 3250 20)
890 3186 1256 3238 Perizonianus
1276 3185 1438 3237 codex
1453 3188 1589 3238 notis
1609 3186 1975 3252 marginalibus
2001 3186 2236 3252 oppletus
2256 3201 2301 3235 a.
2325 3185 2463 3237 1545

634 3256 797 3306 Roma
825 3256 1085 3306 Vesaliam
1114 3254 1313 3307 delatus
1343 3263 1449 3317 est,
1491 3263 1600 3306 tum
1627 3271 1658 3305 a
1693 3254 1824 3306 Guil.
1859 3254 2098 3305 Noomsio
2133 3255 2199 3306 ad
2224 3254 2462 3304 Iacobum

634 3323 988 3386 Perizonium,
1040 3332 1296 3391 postremo
1355 3324 1410 3374 in
1457 3325 1761 3376 Leidensem
1806 3322 2164 3374 bibliothecam
2209 3323 2462 3389 pervenit.

635 3390 727 3443 Usi
763 3401 881 3443 sunt
911 3393 1234 3444 Burmannus
1268 3400 1319 3443 et
1343 3391 1750 3460 Oudendorpius.
1789 3420 1854 3431 —
1893 3391 1957 3444 Ut
1978 3392 2347 3443 Perizonianus
2377 3405 2460 3442 co·

632 3459 735 3510 dex
768 3462 835 3512 ad
868 3462 1147 3512 Romanam
1181 3462 1454 3513 editionem
1495 3464 1565 3512 Io.
1600 3461 1836 3512 Andreae
1874 3462 2110 3529 proxime
2138 3460 2357 3520 accedit,
2391 3458 2462 3508 ita

632 3527 840 3580 editioni
875 3531 1089 3598 prIneipi
1117 3531 1343 3582 Venetae
1371 3531 1540 3581 nullus
1571 3530 1787 3582 similior
1819 3539 1896 3581 est
1921 3529 2235 3581 Harlemensi
2261 3528 2315 3577 in
2338 3527 2459 3577 bibl.
