2700 4234
470 257 593 318 222
650 271 710 319 c,
742 271 1045 319 sumom
1084 271 1341 330 TRANQ.
1377 271 1470 318 DE
1501 271 1669 317 vrrA
1699 270 2071 318 CAESARUM
2102 272 2240 318 Lm.
2269 274 2391 320 vn.

470 437 646 486 nocte
691 427 1067 504 interposita,
1128 428 1317 504 primo
1363 425 1616 486 diluculo
1670 425 1994 485 sordidatus
2048 424 2352 485 descendit
2406 427 2475 486 ad

473 521 667 570 rostra
699 508 1013 588 multisque
1046 527 1172 568 cum
1203 509 1458 569 lacrimis
1503 509 1706 569 eadem
1740 509 1870 586 illa,
1912 527 2116 568 verum
2164 527 2196 568 e
2252 508 2470 588 libelle,

470 603 718 654 testatus
750 603 859 652 est.
925 595 1149 652 Rursus
1169 593 1590 672 interpellante
1621 593 1803 652 milite
1833 610 1902 652 ac
1941 593 2165 671 populo
2192 601 2254 652 et
2275 611 2350 651 ne
2377 594 2470 652 de-

472 680 677 738 ficeret
710 676 975 736 hortante
1010 694 1356 755 omnemque
1387 695 1627 756 operam
1654 695 1814 735 suam
1839 679 2101 735 certatim
2127 676 2467 755 pollicente,

474 763 719 826 animum
763 762 1075 839 resumpsit
1114 760 1505 840 Sabinumque
1554 771 1614 820 et
1655 763 1918 838 reliquos
1968 759 2283 838 Flavianos
2336 761 2513 820 nihils

473 850 583 906 iam
614 848 918 904 metuentis
946 845 1006 902 vi
1040 843 1225 904 subita
1256 845 1312 902 in
1348 843 1698 924 Capitolium
1729 843 2032 922 compulit,
2067 861 2469 921 succensoque

472 929 693 1008 templo
730 928 891 988 Iovis
922 927 1135 1006 Optimi
1167 928 1402 988 Maximi
1435 930 1753 1007 oppressit.
1821 927 1964 987 Cum
2007 937 2067 985 et
2097 927 2382 1006 proelium
2413 937 2471 986 et

467 1012 793 1074 incendium
824 1031 858 1071 e
890 1012 1197 1072 Tiberiana
1231 1014 1606 1090 prospiceret
1646 1010 1816 1072 domo
1861 1014 2011 1069 inter
2055 1011 2298 1088 epulas,
2355 1029 2470 1070 non

466 1098 645 1164 multo
681 1107 816 1176 post
853 1097 1158 1174 paenitens
1192 1095 1330 1155 sacti
1367 1105 1425 1154 et
1455 1097 1510 1154 in
1542 1095 1692 1155 alios
1723 1095 1953 1174 culpam
1987 1095 2337 1171 conserens,
2369 1111 2469 1153 vo-

470 1192 593 1243 cata
630 1181 902 1240 contione
933 1180 1143 1238 iuravit
1174 1182 1490 1258 coegitque
1519 1183 1711 1239 iurare
1762 1188 1820 1238 et
1869 1187 2134 1255 ceteroS,
2177 1177 2318 1237 nihil
2363 1178 2537 1236 sibim

468 1267 752 1342 antiquius
786 1265 981 1342 quiete
1013 1262 1247 1341 publica
1276 1263 1427 1324 iore.
1493 1263 1654 1322 Tunc
1687 1262 1937 1322 solutum
1969 1281 2002 1321 a
2029 1263 2214 1321 latere
2262 1265 2468 1340 pugio·

467 1365 597 1408 nem
626 1347 855 1406 consuli
884 1349 1147 1425 primum,
1186 1346 1400 1407 deinde
1431 1347 1532 1406 illo
1562 1356 1874 1406 recusante
1917 1345 2356 1422 magistratibus
2401 1364 2473 1405 ac
2613 1394 2620 1403 .

466 1451 603 1492 mox
635 1430 1002 1491 senatoribus
1034 1431 1280 1508 singulis
1309 1433 1662 1511 porrigens,
1707 1431 1868 1490 nullo
1899 1431 2260 1509 recipiente,
2307 1431 2473 1507 quasi
2607 1353 2650 1527 κ

466 1520 525 1576 in
552 1515 699 1576 aede
732 1513 1099 1575 Concordiae
1134 1517 1432 1594 positurus
1463 1515 1768 1575 abscessit.
1835 1513 1954 1574 Sed
2000 1513 2346 1591 quibusdam
2376 1514 2470 1572 ad-

470 1599 869 1677 clamantibus,
898 1601 1110 1677 ipsum.
1130 1615 1269 1658 esse
1298 1598 1738 1673 Concordiam,
1769 1598 1940 1657 rediit
1967 1616 2079 1657 nec
2110 1596 2299 1656 solum
2331 1598 2464 1656 reti·
2491 1621 2544 1661 ιο

466 1703 609 1746 nere
643 1702 709 1743 se
741 1684 958 1743 serrum
980 1683 1309 1758 affirmavit,
1339 1701 1542 1742 verum
1575 1685 1748 1742 etiam
1779 1681 2151 1742 Concordiae
2194 1682 2472 1759 recipere

392 1785 452 1838 [6
468 1785 826 1845 cognomen;
861 1768 1157 1845 suasitque
1194 1770 1452 1842 senatui,
1485 1774 1544 1824 ut
1571 1767 1808 1843 legatos
1841 1784 1968 1825 cum
2002 1764 2322 1841 virginibus
2353 1765 2471 1824 Ve-

468 1850 707 1912 stalibus
741 1851 1052 1925 mitterent,
1085 1867 1292 1927 pacem
1324 1860 1422 1909 aut
1459 1859 1620 1909 certe
1651 1860 1880 1928 tempus
1909 1849 1982 1908 ad
2031 1847 2470 1908 consultandum

510 1935 773 1992 etituros.

467 1953 503 2012 p
591 2015 878 2076 Postridie
910 2033 1196 2094 responsa
1228 2017 1562 2096 opperienti
1595 2019 1906 2076 nuntiatum
1937 2027 2028 2076 est
2059 2035 2167 2094 per
2196 2016 2472 2095 explora·
2492 2039 2547 2080 πο

465 2111 677 2177 torem,
706 2100 910 2159 hostes
940 2103 1442 2179 appropinquare.
1507 2099 1794 2161 Continuo
1825 2102 2001 2177 igitur
2031 2100 2335 2160 abstrusus
2363 2119 2472 2178 ge-

468 2186 705 2246 statoria
742 2184 910 2262 sella,
946 2184 1170 2244 duobus
1206 2185 1349 2245 solis
1384 2184 1708 2260 comitibus,
1733 2186 1956 2263 pistore
1983 2194 2041 2244 et
2065 2201 2238 2260 cocu,
2267 2184 2472 2244 Aven-

465 2273 641 2329 tinum
680 2277 738 2327 et
766 2278 1065 2348 paternam
1096 2269 1323 2329 domum
1355 2268 1505 2328 clam
1532 2271 1708 2348 petit,
1741 2278 1802 2327 ut
1832 2269 1966 2328 inde
1999 2271 2056 2328 in
2091 2267 2474 2346 Campaniam

464 2355 729 2430 fugeret3
760 2371 899 2412 mox
929 2353 1045 2412 levi
1075 2371 1308 2413 rumore
1341 2362 1400 2412 et
1426 2355 1670 2428 incerto,
1703 2362 1990 2431 tamquam
2017 2371 2134 2432 pax
2159 2354 2474 2430 impetrata

467 2445 654 2511 esset,
690 2437 900 2494 referri
934 2455 1001 2496 se
1036 2438 1091 2495 in
1127 2437 1404 2498 Palatium
1453 2455 1660 2515 passus
1707 2445 1815 2496 est.
1908 2436 2023 2497 Ubi
2064 2454 2190 2496 cum
2232 2436 2474 2495 deserta
2491 2465 2545 2506 2⁵

468 2521 655 2580 omnia
686 2521 1033 2597 reperisset,
1059 2519 1446 2581 dilabentibus
1477 2523 1652 2599 etqui
1683 2520 1849 2580 simul
1877 2531 2063 2597 erant,
2101 2538 2250 2580 zona
2275 2539 2342 2579 se
2372 2539 2472 2580 au-

464 2621 700 2663 reorum
731 2602 904 2681 plena
936 2604 1315 2664 circumdedit
1346 2605 1729 2683 confugitque
1759 2606 1816 2663 in
1863 2604 2134 2665 cellulam
2180 2604 2472 2681 ianitoris,

464 2688 717 2764 religato
750 2705 858 2765 pro
892 2687 1117 2748 foribus
1143 2707 1290 2748 cane
1322 2689 1604 2766 lectoque
1635 2696 1691 2746 et
1725 2689 1936 2749 culcita
1965 2689 2238 2748 obiectis.

386 2781 447 2838 17
590 2770 929 2849 Irruperant
976 2773 1089 2832 iam
1134 2775 1382 2849 agminis
1424 2782 1838 2832 antecessores
1881 2791 1949 2832 ac
1995 2774 2224 2832 nemine
2289 2772 2475 2833 obvio

463 2855 835 2932 rimabantur,
876 2864 934 2914 ut
967 2856 1047 2933 fit,
1079 2857 1326 2932 singula.
1417 2856 1510 2916 Ab
1545 2857 1636 2915 his
1667 2865 1966 2918 extractus
2002 2876 2035 2916 e
2071 2856 2316 2933 latebra,
2358 2859 2478 2916 sci·
2497 2881 2556 2922 30

466 2941 765 3014 scitanteS,
800 2941 930 3017 quis
962 2949 1123 2999 esset
1156 2941 1319 3020 (nam
1350 2940 1759 3018 ignorabatur)
1793 2949 1851 2999 et
1879 2940 1975 2998 ubi
2005 2958 2142 3000 esse
2167 2940 2485 3002 Vitellium

464 3024 661 3099 sciret,
693 3024 999 3083 mendacio
1033 3024 1204 3083 elusit
1216 3048 1231 3094 ;
1266 3023 1475 3082 deinde
1507 3026 1768 3101 agnitus,
1800 3041 2020 3101 rogare
2067 3043 2184 3084 non
2230 3025 2490 3104 destitit,-

464 3108 631 3183 quasi
664 3107 946 3185 quaedam
983 3107 1055 3167 de
1092 3109 1276 3168 salute
1307 3107 1658 3187 Vespasiani
1692 3107 1984 3185 dicturus,
2039 3118 2097 3169 ut
2146 3109 2486 3170 custodire-

464 3199 553 3247 tur
584 3191 811 3249 interim
848 3191 944 3251 vel
974 3194 1032 3250 in
1070 3210 1330 3268 carcere,
1363 3192 1556 3252 donec
1585 3193 1851 3269 religatis
1896 3203 2030 3271 post
2075 3203 2246 3270 terga
2291 3196 2481 3252 mani·

462 3271 591 3348 buS,
626 3274 843 3332 iniecto
881 3276 1213 3335 cervicibus
1248 3277 1493 3354 laqueo,
1540 3286 1706 3336 veste
1751 3275 1995 3336 discissa
2039 3277 2373 3338 seminudus
2419 3277 2562 3339 inas
2648 3319 2649 3352 z

460 3354 649 3412 forum
680 3365 903 3415 tractus
935 3367 1025 3416 est
1068 3359 1218 3419 inter
1252 3377 1460 3436 magna
1503 3377 1695 3419 rerum
1743 3360 2176 3440 verborumque
2222 3360 2487 3422 ludibria

460 3455 570 3510 per
599 3446 781 3496 totum
825 3440 957 3498 viae
988 3441 1208 3502 Sacrae
1263 3445 1542 3522 spatium,
1590 3443 1834 3503 reducto
1877 3462 2044 3506 coma
2094 3439 2314 3524 capite,
2363 3464 2488 3505 ceu

459 3519 618 3576 noxii
646 3519 862 3597 solent,
898 3531 1075 3601 atque
1104 3526 1277 3584 etiam
1304 3537 1502 3586 mento
1535 3545 1814 3588 mucrone
1843 3529 2028 3606 gladii
2059 3529 2342 3589 subrecto
2361 3575 2383 3607 ,
2417 3540 2490 3590 ut
