2700 4234
906 283 1321 348 PRAEFATIO.
1772 301 2008 352 xxxnr

230 458 411 514 Galbae
456 455 723 528 Othonis,
776 454 1225 517 narratiunculae
1281 457 1550 528 quaedam
1599 456 1872 514 dictorum
1911 460 2005 518 vel

225 529 470 598 factorum
496 539 950 604 memorabilium.
1039 537 1325 595 Postremo
1360 539 1636 596 adduntur
1665 540 1734 596 dc
1767 540 2006 599 Traiano

221 631 269 680 et
299 624 523 683 Ioviano
566 623 729 696 pauci
764 622 1032 680 versiculi
1074 639 1147 678 ex
1186 621 1392 680 Orosio
1405 617 1478 698 ²²)
1513 622 1804 698 dpscripti.
1895 624 2008 684 Co.

218 706 330 763 dice
382 705 722 764 Suetoniano
770 721 905 762 usus
947 711 1035 762 est
1086 706 1135 761 is
1178 705 1271 778 qui
1322 707 1435 762 hoc
1474 705 1812 778 florilegium
1854 723 2007 766 com-

215 791 394 862 pilavit
446 787 867 861 antiquissimo,
910 789 1003 864 qui
1048 789 1376 862 plerumque
1420 805 1540 846 cum
1583 789 1908 847 Memmiano
1951 797 2010 848 et

214 873 493 932 virtutibus
528 878 585 929 et
615 871 771 928 vitiis
816 872 1203 944 conspirabat,
1242 887 1434 929 verum
1474 889 1876 946 nonnumquam
1917 874 2006 931 in-

212 957 413 1027 tegrior
465 956 567 1014 illo
621 955 799 1012 fuisse
858 955 1093 1015 videtur.
1186 954 1285 1012 Sic
1324 957 1474 1028 quod
1531 956 1738 1027 legitur
1793 958 1850 1013 in
1902 961 2010 1014 hac

213 1039 436 1112 epitome
470 1041 691 1110 turpius
720 1053 897 1109 pereo
932 1055 1037 1111 pro
1084 1041 1321 1110 turpiter
1349 1057 1404 1112 p.
1434 1046 1566 1109 195,
1597 1045 1698 1109 38,
1730 1040 1788 1096 id
1823 1041 2006 1098 codici

211 1123 427 1180 nondum
473 1123 747 1183 lacunoso
793 1121 1059 1188 delictum
1110 1123 1355 1180 fortasse
1397 1122 1562 1180 ctiam
1609 1123 1872 1178 omissum
1901 1141 2006 1196 quo

212 1220 263 1276 p.
288 1210 381 1276 72,
414 1213 483 1267 18
513 1205 757 1264 nondum
787 1203 1145 1276 interpolato.
1176 1235 1263 1248 —
1290 1205 1454 1262 Alter
1485 1207 1667 1263 codex
1702 1206 2006 1277 Parisinus,

214 1283 629 1346 ‘Notre-Dame
690 1288 825 1348 188³
887 1288 1213 1362 inscriptus·
1250 1295 1309 1346 et
1365 1307 1396 1346 a
1453 1289 1640 1346 multis
1700 1290 2006 1362 inspectus,

213 1386 351 1430 saec.
394 1372 517 1429 XIII
568 1371 926 1444 conscriptus
972 1379 1059 1428 cst
1112 1373 1517 1445 multorumque
1561 1378 1668 1430 tam
1718 1380 2010 1446 poetarum

211 1469 355 1526 quam
400 1463 686 1512 oratorum
734 1455 1049 1512 Latinorum
1096 1457 1259 1531 modo
1304 1454 1566 1513 continua
1613 1456 1796 1528 capita
1843 1457 2008 1514 modo

210 1538 492 1612 decerptos
524 1537 799 1595 flosculos
842 1538 1108 1595 continet.
1197 1539 1282 1594 Ae
1314 1539 1656 1596 Suetoniana
1686 1532 2010 1612 compilatio

209 1621 363 1679 multo
407 1622 647 1681 uberior
699 1621 919 1694 quidem
974 1630 1083 1689 est·
1111 1621 1440 1694 superiore,
1490 1622 1593 1679 sed
1638 1623 1785 1680 haud
1831 1637 2011 1694 aeque

209 1703 483 1776 eleganter
524 1701 715 1774 facta,
765 1719 887 1760 cum
932 1722 1077 1761 nunc
1119 1704 1273 1778 pleni
1310 1703 1487 1760 instar
1530 1703 1843 1778 apographi
1883 1719 2014 1760 esse

206 1789 405 1860 possit,
436 1804 586 1845 nunc
618 1787 905 1843 multarum
936 1789 1293 1860 paginarum,
1336 1793 1399 1842 ut
1427 1805 1481 1860 p.
1515 1784 1730 1853 3-’-1Β;
1761 1792 2013 1860 38-—463

206 1874 444 1937 78-973
488 1876 821 1935 118—1243
874 1878 1197 1938 155—162;
1250 1875 1540 1932 167—173
1581 1871 1729 1928 nulla
1779 1877 1874 1927 aut
1919 1871 2018 1927 vix

206 1955 381 2010 tenuia
425 1953 703 2027 quaedam
752 1953 995 2025 vestigia
1042 1955 1355 2027 reliquerit.
1441 1954 1714 2010 Adhibuit
1770 1954 2016 2028 scriptor

208 2037 441 2092 codicem
478 2039 537 2094 in
570 2036 673 2092 ΧΠ
704 2037 881 2111 libros
910 2039 1263 2095 distributum
1292 2046 1347 2094 et
1377 2037 1613 2095 Medicei
1645 2038 1807 2110 primi
1839 2038 2017 2094 simil-

208 2115 409 2192 limum,
451 2127 512 2177 ut
557 2121 703 2176 haec
736 2123 991 2193 exempla
1028 2124 1438 2178 demonstrant:
1479 2139 1533 2193 p.
1563 2128 1626 2190 5,
1654 2127 1741 2180 27.
1773 2128 1843 2182 28
1880 2137 2012 2177 con-

206 2204 495 2260 citaverunt
522 2209 587 2261 et
621 2204 882 2272 potiundi
894 2221 908 2270 ;
947 2213 1036 2275 30,
1069 2213 1139 2264 10
1164 2205 1466 2259 mirabilem
1483 2226 1502 2264 ‚·
1541 2207 1632 2273 75,
1661 2211 1728 2265 35
1758 2206 2012 2276 eloquen-

205 2287 335 2349 tiae,·
371 2295 493 2359 195,
514 2279 601 2346 '26
630 2301 819 2341 coram
846 2301 925 2343 se.
1014 2289 1159 2344 Illud
1190 2302 1413 2359 quoque
1445 2302 1555 2343 non
1586 2287 1871 2358 indignum
1900 2303 2016 2343 me-

208 2369 371 2428 moria
401 2372 587 2441 duco,
632 2369 776 2426 haec
816 2376 1051 2444 utraque
1094 2363 1362 2444 excerpta
1409 2384 1516 2444 pro
1557 2369 1783 2442 integro
1813 2369 2016 2426 Sueto-

210 2447 375 2523 nio²³)
402 2454 471 2511 ad
516 2468 715 2510 manus
758 2453 1131 2527 scriptoribus
1164 2454 1380 2511 duobus
1423 2450 1642 2511 mediae
1675 2452 1876 2510 aetatis
1915 2468 2016 2525 φι·

335 2656 426 2722 22)
463 2659 673 2710 Praeter
703 2656 1002 2708 Suetonium
1031 2664 1095 2706 et·
1113 2655 1343 2706 Orosium
1381 2670 1484 2706 non
1517 2657 1666 2709 video
1707 2674 1798 2708 cur
1839 2658 2016 2726 plnres

211 2722 355 2776 libros
384 2727 430 2777 is
458 2727 681 2792 scriptor
711 2723 1005 2776 adhibuisse
1035 2725 1256 2786 dicatur,
1296 2739 1462 2788 neque
1501 2726 1602 2775 ulla
1633 2735 1711 2777 est
1739 2741 1898 2778 causa
1927 2740 2018 2778 cur

215 2789 430 2845 Suetonii
461 2794 755 2861 exemplum
789 2801 984 2844 statuas
1014 2794 1063 2842 ei
1092 2793 1157 2845 ad
1186 2807 1394 2842 manum
1443 2792 1606 2845 fuisse
1634 2795 1764 2846 miro
1796 2793 2016 2859 quodam

214 2859 353 2911 modo
383 2863 738 2914 concinnatum
760 2898 777 2926 ,
811 2875 913 2926 quo
944 2870 993 2912 et
1026 2863 1140 2927 ipso
1172 2860 1384 2911 Orosius
1417 2875 1546 2912 usus
1574 2861 1659 2914 sit.
1733 2860 2017 2923 Quaecum-

214 2942 305 2992 que
330 2944 359 2979 a
387 2931 680 2996 Tranquillo
706 2931 875 2981 aliena
902 2938 1047 2990 sunt,
1090 2929 1268 2981 Oresio
1298 2929 1562 2980 debentur.
1632 2929 1906 2982 Maximum
1949 2929 2019 2982 sit

213 3009 257 3060 p.
287 2996 405 3061 183,
434 3002 501 3051 27
538 2998 729 3050 retibus
763 2999 936 3050 aureis
958 3013 1101 3064 -quae
1128 2999 1335 3060 funibus
1360 3001 1637 3060 purpureis
1668 3003 1750 3050 vel
1771 3002 2018 3059 coccineis

213 3066 621 3129 extrahebantur,
660 3068 748 3119 ubi
772 3065 1021 3122 Orosiaua
1057 3067 1247 3117 retibus
1274 3069 1446 3117 aureis
1469 3083 1600 3131 quae
1630 3073 1904 3132 piu-purete
1931 3069 2018 3132 fu·

213 3131 352 3186 nibm
366 3137 769 3188 extrahebantur
796 3136 1082 3187 necessario
1120 3135 1473 3186 substituenda
1515 3135 1750 3198 fuerunt,
1787 3136 1924 3200 quod
1963 3136 2018 3186 in

214 3197 511 3256 Suetoniauo
556 3205 790 3270 exemplo
824 3212 1057 3271 corrupte
1093 3213 1231 3255 veste
1268 3211 1454 3254 aurato
1489 3203 1732 3270 scriptum
1766 3205 2015 3257 exstabat.

212 3265 293 3320 Sic
334 3275 471 3324 enim
512 3273 864 3325 Memmianus.
939 3275 1065 3323 Item
1104 3289 1157 3338 p.
1198 3273 1297 3334 22,
1346 3271 1382 3324 6
1419 3272 1724 3324 versiculum
1761 3271 2024 3340 integrum

214 3333 406 3403 ignorat
432 3357 548 3394 eum
575 3341 897 3394 Memmiauo.
1437 3405 1442 3408 Ι

344 3409 433 3476 23)
483 3411 717 3464 Ceterum
761 3424 864 3461 non
904 3423 1039 3478 nego
1076 3409 1255 3462 Orosio
1294 3419 1505 3476 ‘quoque
1540 3418 1746 3462 auctore
1778 3409 2020 3462 Sat-esbe-

218 3471 426 3530 rlcnscm
465 3478 695 3532 Suetonii
739 3479 895 3530 verba
944 3479 1126 3530 afferre
1160 3487 1219 3528 ut
1260 3479 1295 3531 8
1310 3515 1325 3540 ‚
1374 3479 1439 3531 18
1477 3487 1527 3529 et
1561 3478 1640 3529 19.
1715 3479 1882 3531 Semel
1927 3492 2021 3530 ne·

220 3555 313 3604 que
357 3547 465 3598 sine
505 3550 738 3600 cantione
786 3562 878 3614 per
921 3561 979 3598 se
1034 3548 1327 3598 nominatim
1381 3549 1655 3614 appellavit
1705 3547 2020 3608 Suetonium,

296 3629 564 3671 summus.
1603 3637 1632 3672 c
