<?xml version="1.0" encoding="UTF-8"?>
<!DOCTYPE html PUBLIC "-//W3C//DTD XHTML 1.0 Transitional//EN"
    "http://www.w3.org/TR/xhtml1/DTD/xhtml1-transitional.dtd">
<html xmlns="http://www.w3.org/1999/xhtml" xml:lang="en" lang="en">
 <head>
  <title>
</title>
<meta http-equiv="Content-Type" content="text/html;charset=utf-8" />
  <meta name='ocr-system' content='tesseract 3.04.00' />
  <meta name='ocr-capabilities' content='ocr_page ocr_carea ocr_par ocr_line ocrx_word'/>
</head>
<body>
  <div class='ocr_page' id='page_1' title='image "./csuetonitranqui05rothgoog_0289.png"; bbox 0 0 2700 4234; ppageno 0'>
   <div class='ocr_carea' id='block_1_1' title="bbox 1090 281 2221 356">
    <p class='ocr_par' dir='ltr' id='par_1_1' title="bbox 1090 281 2221 356">
     <span class='ocr_line' id='line_1_1' title="bbox 1090 281 2221 356; baseline 0.002 -3"><span class='ocrx_word' id='word_1_1' title='bbox 1090 281 1319 353; x_wconf 62' lang='lat' dir='ltr'><strong>&#39;unna</strong></span> <span class='ocrx_word' id='word_1_2' title='bbox 2103 295 2221 356; x_wconf 83' lang='lat'><strong>179</strong></span> 
     </span>
    </p>
   </div>
   <div class='ocr_carea' id='block_1_2' title="bbox 106 457 2322 3550">
    <p class='ocr_par' dir='ltr' id='par_1_2' title="bbox 106 457 2322 3550">
     <span class='ocr_line' id='line_1_2' title="bbox 218 457 2221 540; baseline -0.002 -18"><span class='ocrx_word' id='word_1_3' title='bbox 218 461 453 540; x_wconf 86' lang='lat' dir='ltr'><strong>saepius</strong></span> <span class='ocrx_word' id='word_1_4' title='bbox 486 457 729 520; x_wconf 88' lang='lat' dir='ltr'><strong>canendi</strong></span> <span class='ocrx_word' id='word_1_5' title='bbox 760 459 999 518; x_wconf 75' lang='lat' dir='ltr'><strong>occasio</strong></span> <span class='ocrx_word' id='word_1_6' title='bbox 1032 467 1212 518; x_wconf 89' lang='lat' dir='ltr'><strong>esset.</strong></span> <span class='ocrx_word' id='word_1_7' title='bbox 1304 458 1474 534; x_wconf 86' lang='lat' dir='ltr'><strong>Quod</strong></span> <span class='ocrx_word' id='word_1_8' title='bbox 1504 477 1630 518; x_wconf 86' lang='lat' dir='ltr'><strong>cum</strong></span> <span class='ocrx_word' id='word_1_9' title='bbox 1660 458 1882 519; x_wconf 87' lang='lat' dir='ltr'><strong>tardum</strong></span> <span class='ocrx_word' id='word_1_10' title='bbox 1907 459 2221 538; x_wconf 86' lang='lat' dir='ltr'><strong>videretur,</strong></span> 
     </span>
     <span class='ocr_line' id='line_1_3' title="bbox 216 541 2222 620; baseline -0.001 -16"><span class='ocrx_word' id='word_1_11' title='bbox 216 561 335 604; x_wconf 85' lang='lat' dir='ltr'><strong>non</strong></span> <span class='ocrx_word' id='word_1_12' title='bbox 378 543 631 602; x_wconf 81' lang='lat' dir='ltr'><strong>cessavit</strong></span> <span class='ocrx_word' id='word_1_13' title='bbox 681 541 989 602; x_wconf 79' lang='lat' dir='ltr'><strong>identidem</strong></span> <span class='ocrx_word' id='word_1_14' title='bbox 1039 560 1107 602; x_wconf 89' lang='lat' dir='ltr'><strong>se</strong></span> <span class='ocrx_word' id='word_1_15' title='bbox 1161 541 1480 620; x_wconf 81' lang='lat' dir='ltr'><strong>publicare.</strong></span> <span class='ocrx_word' id='word_1_16' title='bbox 1579 542 1874 603; x_wconf 88' lang='lat' dir='ltr'><strong>Dubitavit</strong></span> <span class='ocrx_word' id='word_1_17' title='bbox 1931 546 2098 604; x_wconf 77' lang='lat' dir='ltr'><strong>etiam</strong></span> <span class='ocrx_word' id='word_1_18' title='bbox 2150 561 2222 604; x_wconf 89' lang='lat' dir='ltr'><strong>an</strong></span> 
     </span>
     <span class='ocr_line' id='line_1_4' title="bbox 204 625 2218 708; baseline -0.001 -20"><span class='ocrx_word' id='word_1_19' title='bbox 204 628 459 708; x_wconf 84' lang='lat' dir='ltr'><strong>&#39;privatis</strong></span> <span class='ocrx_word' id='word_1_20' title='bbox 486 625 839 706; x_wconf 78' lang='lat' dir='ltr'><strong>spectaculis</strong></span> <span class='ocrx_word' id='word_1_21' title='bbox 864 642 1102 704; x_wconf 88' lang='lat' dir='ltr'><strong>operam</strong></span> <span class='ocrx_word' id='word_1_22' title='bbox 1115 627 1265 685; x_wconf 86' lang='lat' dir='ltr'><strong>inter</strong></span> <span class='ocrx_word' id='word_1_23' title='bbox 1280 627 1551 686; x_wconf 89' lang='lat' dir='ltr'><strong>scenicos</strong></span> <span class='ocrx_word' id='word_1_24' title='bbox 1574 627 1758 702; x_wconf 89' lang='lat' dir='ltr'><strong>daret,</strong></span> <span class='ocrx_word' id='word_1_25' title='bbox 1790 627 2036 706; x_wconf 87' lang='lat' dir='ltr'><strong>quodam</strong></span> <span class='ocrx_word' id='word_1_26' title='bbox 2051 645 2218 707; x_wconf 89' lang='lat' dir='ltr'><strong>prae-</strong></span> 
     </span>
     <span class='ocr_line' id='line_1_5' title="bbox 218 708 2218 790; baseline -0.001 -18"><span class='ocrx_word' id='word_1_27' title='bbox 218 723 403 772; x_wconf 89' lang='lat' dir='ltr'><strong>torum</strong></span> <span class='ocrx_word' id='word_1_28' title='bbox 430 710 759 770; x_wconf 73' lang='lat' dir='ltr'><strong>sestertium</strong></span> <span class='ocrx_word' id='word_1_29' title='bbox 788 709 986 769; x_wconf 88' lang='lat' dir='ltr'><strong>decies</strong></span> <span class='ocrx_word' id='word_1_30' title='bbox 1019 709 1321 770; x_wconf 67' lang='lat' dir='ltr'><strong>offerente:</strong></span> <span class='ocrx_word' id='word_1_31' title='bbox 1413 708 1774 787; x_wconf 79' lang='lat' dir='ltr'><strong>Tragoedias</strong></span> <span class='ocrx_word' id='word_1_32' title='bbox 1812 727 2044 790; x_wconf 86' lang='lat' dir='ltr'><strong>quoque</strong></span> <span class='ocrx_word' id='word_1_33' title='bbox 2086 728 2218 770; x_wconf 87' lang='lat' dir='ltr'><strong>can-</strong></span> 
     </span>
     <span class='ocr_line' id='line_1_6' title="bbox 176 791 2218 873; baseline 0.001 -21"><span class='ocrx_word' id='word_1_34' title='bbox 176 797 362 856; x_wconf 74' lang='lat' dir='ltr'><strong>stavit</strong></span> <span class='ocrx_word' id='word_1_35' title='bbox 393 801 763 873; x_wconf 82' lang='lat' dir='ltr'><strong>personatus,</strong></span> <span class='ocrx_word' id='word_1_36' title='bbox 797 791 1039 852; x_wconf 91' lang='lat' dir='ltr'><strong>heroum</strong></span> <span class='ocrx_word' id='word_1_37' title='bbox 1074 792 1429 872; x_wconf 88' lang='lat' dir='ltr'><strong>deorumque</strong></span> <span class='ocrx_word' id='word_1_38' title='bbox 1461 795 1599 854; x_wconf 82' lang='lat' dir='ltr'><strong>item</strong></span> <span class='ocrx_word' id='word_1_39' title='bbox 1629 793 1928 854; x_wconf 85' lang='lat' dir='ltr'><strong>heroidum</strong></span> <span class='ocrx_word' id='word_1_40' title='bbox 1973 813 2042 854; x_wconf 88' lang='lat' dir='ltr'><strong>ac</strong></span> <span class='ocrx_word' id='word_1_41' title='bbox 2085 794 2218 854; x_wconf 89' lang='lat' dir='ltr'><strong>dea-</strong></span> 
     </span>
     <span class='ocr_line' id='line_1_7' title="bbox 217 876 2215 957; baseline -0.001 -19"><span class='ocrx_word' id='word_1_42' title='bbox 217 896 339 939; x_wconf 85' lang='lat' dir='ltr'><strong>rum</strong></span> <span class='ocrx_word' id='word_1_43' title='bbox 388 879 657 957; x_wconf 88' lang='lat' dir='ltr'><strong>personis</strong></span> <span class='ocrx_word' id='word_1_44' title='bbox 699 877 929 936; x_wconf 80' lang='lat' dir='ltr'><strong>effectis</strong></span> <span class='ocrx_word' id='word_1_45' title='bbox 968 876 1041 936; x_wconf 89' lang='lat' dir='ltr'><strong>ad</strong></span> <span class='ocrx_word' id='word_1_46' title='bbox 1082 876 1503 936; x_wconf 89' lang='lat' dir='ltr'><strong>similitudinem</strong></span> <span class='ocrx_word' id='word_1_47' title='bbox 1545 881 1662 939; x_wconf 89' lang='lat' dir='ltr'><strong>oris</strong></span> <span class='ocrx_word' id='word_1_48' title='bbox 1707 881 1792 938; x_wconf 88' lang='lat' dir='ltr'><strong>sui</strong></span> <span class='ocrx_word' id='word_1_49' title='bbox 1838 887 1898 938; x_wconf 89' lang='lat' dir='ltr'><strong>et</strong></span> <span class='ocrx_word' id='word_1_50' title='bbox 1947 878 2215 954; x_wconf 80' lang='lat' dir='ltr'><strong>feminae,</strong></span> 
     </span>
     <span class='ocr_line' id='line_1_8' title="bbox 218 959 2216 1042; baseline -0.002 -18"><span class='ocrx_word' id='word_1_51' title='bbox 218 971 393 1042; x_wconf 88' lang='lat' dir='ltr'><strong>prout</strong></span> <span class='ocrx_word' id='word_1_52' title='bbox 419 978 701 1040; x_wconf 85' lang='lat' dir='ltr'><strong>quamque</strong></span> <span class='ocrx_word' id='word_1_53' title='bbox 731 959 1023 1037; x_wconf 77' lang='lat' dir='ltr'><strong>diligeret.</strong></span> <span class='ocrx_word' id='word_1_54' title='bbox 1082 959 1241 1019; x_wconf 90' lang='lat' dir='ltr'><strong>Inter</strong></span> <span class='ocrx_word' id='word_1_55' title='bbox 1270 969 1470 1020; x_wconf 90' lang='lat' dir='ltr'><strong>cetera</strong></span> <span class='ocrx_word' id='word_1_56' title='bbox 1505 964 1757 1022; x_wconf 79' lang='lat' dir='ltr'><strong>cantavit</strong></span> <span class='ocrx_word' id='word_1_57' title='bbox 1785 960 2056 1022; x_wconf 83' lang='lat' dir='ltr'><strong>Canacen</strong></span> <span class='ocrx_word' id='word_1_58' title='bbox 2087 980 2216 1039; x_wconf 89' lang='lat' dir='ltr'><strong>par-</strong></span> 
     </span>
     <span class='ocr_line' id='line_1_9' title="bbox 218 1043 2216 1123; baseline -0.002 -18"><span class='ocrx_word' id='word_1_59' title='bbox 218 1046 543 1120; x_wconf 87' lang='lat' dir='ltr'><strong>turientem,</strong></span> <span class='ocrx_word' id='word_1_60' title='bbox 580 1045 831 1104; x_wconf 83' lang='lat' dir='ltr'><strong>Oresten</strong></span> <span class='ocrx_word' id='word_1_61' title='bbox 862 1043 1240 1119; x_wconf 84' lang='lat' dir='ltr'><strong>matricidam,</strong></span> <span class='ocrx_word' id='word_1_62' title='bbox 1270 1043 1630 1123; x_wconf 85' lang='lat' dir='ltr'><strong>Oedipodem</strong></span> <span class='ocrx_word' id='word_1_63' title='bbox 1654 1054 2048 1121; x_wconf 85' lang='lat' dir='ltr'><strong>excaecatum,</strong></span> <span class='ocrx_word' id='word_1_64' title='bbox 2073 1043 2216 1104; x_wconf 87' lang='lat' dir='ltr'><strong>Her-</strong></span> 
     </span>
     <span class='ocr_line' id='line_1_10' title="bbox 186 1127 2219 1206; baseline -0.002 -15"><span class='ocrx_word' id='word_1_65' title='bbox 186 1129 408 1192; x_wconf 82' lang='lat' dir='ltr'><strong>&#39;culem</strong></span> <span class='ocrx_word' id='word_1_66' title='bbox 438 1130 712 1188; x_wconf 82' lang='lat' dir='ltr'><strong>insanum.</strong></span> <span class='ocrx_word' id='word_1_67' title='bbox 797 1127 862 1188; x_wconf 91' lang='lat' dir='ltr'><strong>In</strong></span> <span class='ocrx_word' id='word_1_68' title='bbox 895 1145 1006 1206; x_wconf 86' lang='lat' dir='ltr'><strong>qua</strong></span> <span class='ocrx_word' id='word_1_69' title='bbox 1036 1127 1229 1188; x_wconf 83' lang='lat' dir='ltr'><strong>fabula</strong></span> <span class='ocrx_word' id='word_1_70' title='bbox 1259 1128 1408 1188; x_wconf 83' lang='lat' dir='ltr'><strong>fama</strong></span> <span class='ocrx_word' id='word_1_71' title='bbox 1445 1137 1554 1204; x_wconf 88' lang='lat' dir='ltr'><strong>est,</strong></span> <span class='ocrx_word' id='word_1_72' title='bbox 1603 1130 1943 1190; x_wconf 89' lang='lat' dir='ltr'><strong>tirunculum</strong></span> <span class='ocrx_word' id='word_1_73' title='bbox 1983 1128 2219 1188; x_wconf 77' lang='lat' dir='ltr'><strong>militem</strong></span> 
     </span>
     <span class='ocr_line' id='line_1_11' title="bbox 150 1210 2216 1295; baseline -0.003 -17"><span class='ocrx_word' id='word_1_74' title='bbox 150 1213 467 1295; x_wconf 71' lang='lat' dir='ltr'><strong>repositum</strong></span> <span class='ocrx_word' id='word_1_75' title='bbox 498 1211 569 1272; x_wconf 87' lang='lat' dir='ltr'><strong>ad</strong></span> <span class='ocrx_word' id='word_1_76' title='bbox 598 1210 915 1272; x_wconf 83' lang='lat' dir='ltr'><strong>custodiam</strong></span> <span class='ocrx_word' id='word_1_77' title='bbox 946 1210 1152 1287; x_wconf 87' lang='lat' dir='ltr'><strong>aditus,</strong></span> <span class='ocrx_word' id='word_1_78' title='bbox 1188 1229 1315 1271; x_wconf 88' lang='lat' dir='ltr'><strong>cum</strong></span> <span class='ocrx_word' id='word_1_79' title='bbox 1340 1229 1470 1271; x_wconf 90' lang='lat' dir='ltr'><strong>eum</strong></span> <span class='ocrx_word' id='word_1_80' title='bbox 1502 1215 1693 1274; x_wconf 90' lang='lat' dir='ltr'><strong>ornari</strong></span> <span class='ocrx_word' id='word_1_81' title='bbox 1727 1231 1795 1273; x_wconf 90' lang='lat' dir='ltr'><strong>ac</strong></span> <span class='ocrx_word' id='word_1_82' title='bbox 1826 1214 2029 1272; x_wconf 84' lang='lat' dir='ltr'><strong>vinciri</strong></span> <span class='ocrx_word' id='word_1_83' title='bbox 2064 1219 2216 1272; x_wconf 78' lang='lat' dir='ltr'><strong>catc-</strong></span> 
     </span>
     <span class='ocr_line' id='line_1_12' title="bbox 216 1293 2218 1374; baseline -0.002 -17"><span class='ocrx_word' id='word_1_84' title='bbox 216 1299 327 1372; x_wconf 88' lang='lat' dir='ltr'><strong>nis,</strong></span> <span class='ocrx_word' id='word_1_85' title='bbox 355 1296 503 1356; x_wconf 86' lang='lat' dir='ltr'><strong>sicut</strong></span> <span class='ocrx_word' id='word_1_86' title='bbox 526 1303 918 1372; x_wconf 77' lang='lat' dir='ltr'><strong>argumentum</strong></span> <span class='ocrx_word' id='word_1_87' title='bbox 942 1293 1293 1374; x_wconf 83' lang='lat' dir='ltr'><strong>postulabat,</strong></span> <span class='ocrx_word' id='word_1_88' title='bbox 1317 1295 1564 1372; x_wconf 78' lang='lat' dir='ltr'><strong>videret,</strong></span> <span class='ocrx_word' id='word_1_89' title='bbox 1593 1298 1918 1358; x_wconf 86' lang='lat' dir='ltr'><strong>accurrisse</strong></span> <span class='ocrx_word' id='word_1_90' title='bbox 1942 1294 2218 1354; x_wconf 83' lang='lat' dir='ltr'><strong>ferendae</strong></span> 
     </span>
     <span class='ocr_line' id='line_1_13' title="bbox 220 1379 587 1442; baseline -0.011 -1"><span class='ocrx_word' id='word_1_91' title='bbox 220 1399 253 1442; x_wconf 94' lang='lat' dir='ltr'><strong>o</strong></span> <span class='ocrx_word' id='word_1_92' title='bbox 300 1383 351 1440; x_wconf 89' lang='lat' dir='ltr'><strong>is</strong></span> <span class='ocrx_word' id='word_1_93' title='bbox 458 1379 587 1438; x_wconf 89' lang='lat' dir='ltr'><strong>atia.</strong></span> 
     </span>
     <span class='ocr_line' id='line_1_14' title="bbox 259 1397 2302 1543; baseline -0.001 -19"><span class='ocrx_word' id='word_1_94' title='bbox 259 1400 295 1460; x_wconf 71' lang='lat' dir='ltr'>p</span> <span class='ocrx_word' id='word_1_95' title='bbox 336 1397 629 1542; x_wconf 47' lang='lat' dir='ltr'><strong>Effiorum</strong></span> <span class='ocrx_word' id='word_1_96' title='bbox 654 1461 844 1522; x_wconf 86' lang='lat' dir='ltr'><strong>studio</strong></span> <span class='ocrx_word' id='word_1_97' title='bbox 874 1462 969 1522; x_wconf 71' lang='lat' dir='ltr'><strong>vel</strong></span> <span class='ocrx_word' id='word_1_98' title='bbox 1000 1464 1317 1543; x_wconf 85' lang='lat' dir='ltr'><strong>praecipue</strong></span> <span class='ocrx_word' id='word_1_99' title='bbox 1348 1463 1418 1524; x_wconf 86' lang='lat' dir='ltr'><strong>ab</strong></span> <span class='ocrx_word' id='word_1_100' title='bbox 1449 1465 1678 1524; x_wconf 91' lang='lat' dir='ltr'><strong>ineunte</strong></span> <span class='ocrx_word' id='word_1_101' title='bbox 1713 1473 1900 1523; x_wconf 90' lang='lat' dir='ltr'><strong>aetate</strong></span> <span class='ocrx_word' id='word_1_102' title='bbox 1925 1463 2214 1539; x_wconf 81' lang='lat' dir='ltr'><strong>flagravit,</strong></span> <span class='ocrx_word' id='word_1_103' title='bbox 2233 1470 2302 1522; x_wconf 78' lang='lat'><strong>22</strong></span> 
     </span>
     <span class='ocr_line' id='line_1_15' title="bbox 219 1545 2218 1630; baseline -0.003 -20"><span class='ocrx_word' id='word_1_104' title='bbox 219 1549 607 1630; x_wconf 86' lang='lat' dir='ltr'><strong>plurimusque</strong></span> <span class='ocrx_word' id='word_1_105' title='bbox 638 1545 721 1606; x_wconf 92' lang='lat' dir='ltr'><strong>illi</strong></span> <span class='ocrx_word' id='word_1_106' title='bbox 752 1563 964 1623; x_wconf 82' lang='lat' dir='ltr'><strong>sermo,</strong></span> <span class='ocrx_word' id='word_1_107' title='bbox 1010 1565 1347 1626; x_wconf 88' lang='lat' dir='ltr'><strong>quamquam</strong></span> <span class='ocrx_word' id='word_1_108' title='bbox 1388 1556 1703 1622; x_wconf 82' lang='lat' dir='ltr'><strong>vetaretur,</strong></span> <span class='ocrx_word' id='word_1_109' title='bbox 1745 1547 1818 1606; x_wconf 92' lang='lat' dir='ltr'><strong>de</strong></span> <span class='ocrx_word' id='word_1_110' title='bbox 1862 1545 2218 1607; x_wconf 85' lang='lat' dir='ltr'><strong>circensibus</strong></span> 
     </span>
     <span class='ocr_line' id='line_1_16' title="bbox 152 1628 2216 1709; baseline -0.004 -13"><span class='ocrx_word' id='word_1_111' title='bbox 152 1656 201 1696; x_wconf 68' lang='grc' dir='ltr'><strong>ιε</strong></span> <span class='ocrx_word' id='word_1_112' title='bbox 220 1642 375 1702; x_wconf 87' lang='lat' dir='ltr'><strong>erat;</strong></span> <span class='ocrx_word' id='word_1_113' title='bbox 408 1638 467 1690; x_wconf 93' lang='lat' dir='ltr'><strong>et</strong></span> <span class='ocrx_word' id='word_1_114' title='bbox 498 1629 784 1709; x_wconf 69' lang='lat' dir='ltr'><strong>quondam</strong></span> <span class='ocrx_word' id='word_1_115' title='bbox 827 1639 1065 1690; x_wconf 89' lang='lat' dir='ltr'><strong>tractum</strong></span> <span class='ocrx_word' id='word_1_116' title='bbox 1109 1632 1400 1709; x_wconf 90' lang='lat' dir='ltr'><strong>prasinum</strong></span> <span class='ocrx_word' id='word_1_117' title='bbox 1444 1631 1788 1709; x_wconf 78' lang='lat' dir='ltr'><strong>agitatorem</strong></span> <span class='ocrx_word' id='word_1_118' title='bbox 1829 1633 1981 1690; x_wconf 90' lang='lat' dir='ltr'><strong>inter</strong></span> <span class='ocrx_word' id='word_1_119' title='bbox 2021 1628 2216 1689; x_wconf 85' lang='lat' dir='ltr'><strong>condi-</strong></span> 
     </span>
     <span class='ocr_line' id='line_1_17' title="bbox 221 1713 2216 1794; baseline -0.003 -18"><span class='ocrx_word' id='word_1_120' title='bbox 221 1713 479 1794; x_wconf 88' lang='lat' dir='ltr'><strong>scipulos</strong></span> <span class='ocrx_word' id='word_1_121' title='bbox 513 1731 795 1792; x_wconf 77' lang='lat' dir='ltr'><strong>querens,</strong></span> <span class='ocrx_word' id='word_1_122' title='bbox 832 1714 1175 1791; x_wconf 85' lang='lat' dir='ltr'><strong>obiurgante</strong></span> <span class='ocrx_word' id='word_1_123' title='bbox 1220 1715 1604 1794; x_wconf 84' lang='lat' dir='ltr'><strong>paedagogo,</strong></span> <span class='ocrx_word' id='word_1_124' title='bbox 1636 1714 1707 1774; x_wconf 89' lang='lat' dir='ltr'><strong>de</strong></span> <span class='ocrx_word' id='word_1_125' title='bbox 1736 1714 1991 1775; x_wconf 85' lang='lat' dir='ltr'><strong>Hectore</strong></span> <span class='ocrx_word' id='word_1_126' title='bbox 2023 1731 2089 1772; x_wconf 95' lang='lat' dir='ltr'><strong>se</strong></span> <span class='ocrx_word' id='word_1_127' title='bbox 2131 1713 2216 1771; x_wconf 95' lang='lat' dir='ltr'><strong>lo-</strong></span> 
     </span>
     <span class='ocr_line' id='line_1_18' title="bbox 220 1796 2219 1879; baseline -0.002 -21"><span class='ocrx_word' id='word_1_128' title='bbox 220 1799 319 1879; x_wconf 84' lang='lat' dir='ltr'><strong>qui</strong></span> <span class='ocrx_word' id='word_1_129' title='bbox 360 1798 659 1858; x_wconf 85' lang='lat' dir='ltr'><strong>ementitus</strong></span> <span class='ocrx_word' id='word_1_130' title='bbox 703 1806 811 1858; x_wconf 77' lang='lat' dir='ltr'><strong>est.</strong></span> <span class='ocrx_word' id='word_1_131' title='bbox 902 1798 1023 1858; x_wconf 89' lang='lat' dir='ltr'><strong>Sed</strong></span> <span class='ocrx_word' id='word_1_132' title='bbox 1076 1816 1203 1858; x_wconf 88' lang='lat' dir='ltr'><strong>cum</strong></span> <span class='ocrx_word' id='word_1_133' title='bbox 1255 1800 1405 1859; x_wconf 88' lang='lat' dir='ltr'><strong>inter</strong></span> <span class='ocrx_word' id='word_1_134' title='bbox 1457 1800 1614 1859; x_wconf 89' lang='lat' dir='ltr'><strong>initia</strong></span> <span class='ocrx_word' id='word_1_135' title='bbox 1667 1799 1892 1878; x_wconf 89' lang='lat' dir='ltr'><strong>imperii</strong></span> <span class='ocrx_word' id='word_1_136' title='bbox 1947 1796 2219 1856; x_wconf 88' lang='lat' dir='ltr'><strong>eburneis</strong></span> 
     </span>
     <span class='ocr_line' id='line_1_19' title="bbox 222 1879 2220 1963; baseline -0.002 -21"><span class='ocrx_word' id='word_1_137' title='bbox 222 1880 517 1963; x_wconf 79' lang='lat' dir='ltr'><strong>quadrigis</strong></span> <span class='ocrx_word' id='word_1_138' title='bbox 554 1879 764 1940; x_wconf 82' lang='lat' dir='ltr'><strong>cotidie</strong></span> <span class='ocrx_word' id='word_1_139' title='bbox 793 1882 851 1940; x_wconf 89' lang='lat' dir='ltr'><strong>in</strong></span> <span class='ocrx_word' id='word_1_140' title='bbox 882 1881 1069 1942; x_wconf 87' lang='lat' dir='ltr'><strong>abaco</strong></span> <span class='ocrx_word' id='word_1_141' title='bbox 1100 1882 1355 1960; x_wconf 83' lang='lat' dir='ltr'><strong>luderet,</strong></span> <span class='ocrx_word' id='word_1_142' title='bbox 1402 1882 1474 1943; x_wconf 90' lang='lat' dir='ltr'><strong>ad</strong></span> <span class='ocrx_word' id='word_1_143' title='bbox 1525 1884 1708 1942; x_wconf 89' lang='lat' dir='ltr'><strong>omnis</strong></span> <span class='ocrx_word' id='word_1_144' title='bbox 1752 1884 1926 1942; x_wconf 90' lang='lat' dir='ltr'><strong>etiam</strong></span> <span class='ocrx_word' id='word_1_145' title='bbox 1953 1882 2220 1940; x_wconf 87' lang='lat' dir='ltr'><strong>minimos</strong></span> 
     </span>
     <span class='ocr_line' id='line_1_20' title="bbox 224 1964 2216 2045; baseline 0.003 -18"><span class='ocrx_word' id='word_1_146' title='bbox 224 1967 521 2027; x_wconf 82' lang='lat' dir='ltr'><strong>circenses</strong></span> <span class='ocrx_word' id='word_1_147' title='bbox 538 1982 569 2024; x_wconf 93' lang='lat' dir='ltr'><strong>e</strong></span> <span class='ocrx_word' id='word_1_148' title='bbox 586 1981 827 2025; x_wconf 87' lang='lat' dir='ltr'><strong>secessu</strong></span> <span class='ocrx_word' id='word_1_149' title='bbox 849 1965 1227 2042; x_wconf 88' lang='lat' dir='ltr'><strong>commeabat,</strong></span> <span class='ocrx_word' id='word_1_150' title='bbox 1250 1969 1434 2045; x_wconf 87' lang='lat' dir='ltr'><strong>primo</strong></span> <span class='ocrx_word' id='word_1_151' title='bbox 1459 1965 1626 2045; x_wconf 90' lang='lat' dir='ltr'><strong>clam,</strong></span> <span class='ocrx_word' id='word_1_152' title='bbox 1653 1965 1862 2026; x_wconf 89' lang='lat' dir='ltr'><strong>deinde</strong></span> <span class='ocrx_word' id='word_1_153' title='bbox 1885 1964 2216 2044; x_wconf 80' lang='lat' dir='ltr'><strong>propalam:</strong></span> 
     </span>
     <span class='ocr_line' id='line_1_21' title="bbox 147 2047 2216 2129; baseline -0.002 -19"><span class='ocrx_word' id='word_1_154' title='bbox 147 2068 203 2110; x_wconf 76' lang='lat' dir='ltr'><strong>zo</strong></span> <span class='ocrx_word' id='word_1_155' title='bbox 224 2059 283 2110; x_wconf 91' lang='lat' dir='ltr'><strong>ut</strong></span> <span class='ocrx_word' id='word_1_156' title='bbox 314 2049 522 2108; x_wconf 90' lang='lat' dir='ltr'><strong>nemini</strong></span> <span class='ocrx_word' id='word_1_157' title='bbox 545 2047 772 2109; x_wconf 89' lang='lat' dir='ltr'><strong>dubium</strong></span> <span class='ocrx_word' id='word_1_158' title='bbox 804 2059 981 2126; x_wconf 79' lang='lat' dir='ltr'><strong>esset,</strong></span> <span class='ocrx_word' id='word_1_159' title='bbox 1017 2068 1089 2110; x_wconf 89' lang='lat' dir='ltr'><strong>eo</strong></span> <span class='ocrx_word' id='word_1_160' title='bbox 1123 2049 1215 2110; x_wconf 89' lang='lat' dir='ltr'><strong>die</strong></span> <span class='ocrx_word' id='word_1_161' title='bbox 1252 2053 1446 2129; x_wconf 88' lang='lat' dir='ltr'><strong>utique</strong></span> <span class='ocrx_word' id='word_1_162' title='bbox 1476 2051 1792 2110; x_wconf 79' lang='lat' dir='ltr'><strong>affuturum.</strong></span> <span class='ocrx_word' id='word_1_163' title='bbox 1868 2048 2074 2128; x_wconf 85' lang='lat' dir='ltr'><strong>Neque</strong></span> <span class='ocrx_word' id='word_1_164' title='bbox 2105 2047 2216 2107; x_wconf 90' lang='lat' dir='ltr'><strong>dis-</strong></span> 
     </span>
     <span class='ocr_line' id='line_1_22' title="bbox 220 2131 2217 2213; baseline -0.003 -19"><span class='ocrx_word' id='word_1_165' title='bbox 220 2131 519 2194; x_wconf 81' lang='lat' dir='ltr'><strong>simulabat</strong></span> <span class='ocrx_word' id='word_1_166' title='bbox 548 2133 703 2192; x_wconf 80' lang='lat' dir='ltr'><strong>velle</strong></span> <span class='ocrx_word' id='word_1_167' title='bbox 734 2151 801 2193; x_wconf 89' lang='lat' dir='ltr'><strong>se</strong></span> <span class='ocrx_word' id='word_1_168' title='bbox 832 2133 1145 2213; x_wconf 87' lang='lat' dir='ltr'><strong>palmarum</strong></span> <span class='ocrx_word' id='word_1_169' title='bbox 1172 2153 1466 2194; x_wconf 89' lang='lat' dir='ltr'><strong>numerum</strong></span> <span class='ocrx_word' id='word_1_170' title='bbox 1507 2135 1812 2213; x_wconf 88' lang='lat' dir='ltr'><strong>ampliare;</strong></span> <span class='ocrx_word' id='word_1_171' title='bbox 1863 2150 2042 2212; x_wconf 85' lang='lat' dir='ltr'><strong>quare</strong></span> <span class='ocrx_word' id='word_1_172' title='bbox 2084 2148 2217 2210; x_wconf 87' lang='lat' dir='ltr'><strong>spe·</strong></span> 
     </span>
     <span class='ocr_line' id='line_1_23' title="bbox 220 2214 2220 2298; baseline -0.002 -21"><span class='ocrx_word' id='word_1_173' title='bbox 220 2216 499 2277; x_wconf 88' lang='lat' dir='ltr'><strong>otaculum</strong></span> <span class='ocrx_word' id='word_1_174' title='bbox 523 2217 918 2295; x_wconf 87' lang='lat' dir='ltr'><strong>multiplicatis</strong></span> <span class='ocrx_word' id='word_1_175' title='bbox 936 2217 1205 2278; x_wconf 89' lang='lat' dir='ltr'><strong>missibus</strong></span> <span class='ocrx_word' id='word_1_176' title='bbox 1228 2218 1285 2277; x_wconf 92' lang='lat' dir='ltr'><strong>in</strong></span> <span class='ocrx_word' id='word_1_177' title='bbox 1308 2236 1500 2278; x_wconf 89' lang='lat' dir='ltr'><strong>serum</strong></span> <span class='ocrx_word' id='word_1_178' title='bbox 1523 2215 1986 2298; x_wconf 85' lang='lat' dir='ltr'><strong>protrahebatur,</strong></span> <span class='ocrx_word' id='word_1_179' title='bbox 2017 2233 2090 2275; x_wconf 89' lang='lat' dir='ltr'><strong>ne</strong></span> <span class='ocrx_word' id='word_1_180' title='bbox 2114 2214 2220 2274; x_wconf 89' lang='lat' dir='ltr'><strong>do-</strong></span> 
     </span>
     <span class='ocr_line' id='line_1_24' title="bbox 218 2297 2218 2379; baseline -0.003 -19"><span class='ocrx_word' id='word_1_181' title='bbox 218 2301 383 2360; x_wconf 89' lang='lat' dir='ltr'><strong>minis</strong></span> <span class='ocrx_word' id='word_1_182' title='bbox 424 2299 651 2378; x_wconf 90' lang='lat' dir='ltr'><strong>quidem</strong></span> <span class='ocrx_word' id='word_1_183' title='bbox 694 2301 805 2360; x_wconf 88' lang='lat' dir='ltr'><strong>iam</strong></span> <span class='ocrx_word' id='word_1_184' title='bbox 849 2302 1161 2370; x_wconf 77' lang='lat' dir='ltr'><strong>factionum</strong></span> <span class='ocrx_word' id='word_1_185' title='bbox 1205 2301 1570 2379; x_wconf 82' lang='lat' dir='ltr'><strong>dignantibus</strong></span> <span class='ocrx_word' id='word_1_186' title='bbox 1609 2302 1719 2361; x_wconf 87' lang='lat' dir='ltr'><strong>nisi</strong></span> <span class='ocrx_word' id='word_1_187' title='bbox 1765 2300 1836 2360; x_wconf 91' lang='lat' dir='ltr'><strong>ad</strong></span> <span class='ocrx_word' id='word_1_188' title='bbox 1883 2301 2058 2360; x_wconf 89' lang='lat' dir='ltr'><strong>totius</strong></span> <span class='ocrx_word' id='word_1_189' title='bbox 2104 2297 2218 2357; x_wconf 90' lang='lat' dir='ltr'><strong>diei</strong></span> 
     </span>
     <span class='ocr_line' id='line_1_25' title="bbox 106 2382 2219 2468; baseline -0.002 -24"><span class='ocrx_word' id='word_1_190' title='bbox 106 2447 113 2468; x_wconf 46' lang='lat'>¹</span> <span class='ocrx_word' id='word_1_191' title='bbox 220 2401 449 2444; x_wconf 87' lang='lat' dir='ltr'><strong>cursum</strong></span> <span class='ocrx_word' id='word_1_192' title='bbox 480 2401 703 2459; x_wconf 87' lang='lat' dir='ltr'><strong>greges</strong></span> <span class='ocrx_word' id='word_1_193' title='bbox 749 2382 985 2445; x_wconf 88' lang='lat' dir='ltr'><strong>ducere.</strong></span> <span class='ocrx_word' id='word_1_194' title='bbox 1071 2386 1211 2446; x_wconf 80' lang='lat' dir='ltr'><strong>Mox</strong></span> <span class='ocrx_word' id='word_1_195' title='bbox 1254 2393 1313 2444; x_wconf 91' lang='lat' dir='ltr'><strong>et</strong></span> <span class='ocrx_word' id='word_1_196' title='bbox 1355 2387 1484 2464; x_wconf 87' lang='lat' dir='ltr'><strong>ipse</strong></span> <span class='ocrx_word' id='word_1_197' title='bbox 1527 2386 1792 2462; x_wconf 84' lang='lat' dir='ltr'><strong>aurigare</strong></span> <span class='ocrx_word' id='word_1_198' title='bbox 1831 2392 2002 2464; x_wconf 82' lang='lat' dir='ltr'><strong>atque</strong></span> <span class='ocrx_word' id='word_1_199' title='bbox 2047 2384 2219 2441; x_wconf 86' lang='lat' dir='ltr'><strong>etiam</strong></span> 
     </span>
     <span class='ocr_line' id='line_1_26' title="bbox 146 2467 2220 2548; baseline -0.002 -20"><span class='ocrx_word' id='word_1_200' title='bbox 146 2491 199 2532; x_wconf 73' lang='lat'><strong>25</strong></span> <span class='ocrx_word' id='word_1_201' title='bbox 219 2467 480 2546; x_wconf 88' lang='lat' dir='ltr'><strong>spectari</strong></span> <span class='ocrx_word' id='word_1_202' title='bbox 509 2467 741 2546; x_wconf 88' lang='lat' dir='ltr'><strong>saepius</strong></span> <span class='ocrx_word' id='word_1_203' title='bbox 774 2467 975 2543; x_wconf 83' lang='lat' dir='ltr'><strong>voluit,</strong></span> <span class='ocrx_word' id='word_1_204' title='bbox 1020 2470 1332 2548; x_wconf 86' lang='lat' dir='ltr'><strong>positoque</strong></span> <span class='ocrx_word' id='word_1_205' title='bbox 1374 2471 1431 2529; x_wconf 92' lang='lat' dir='ltr'><strong>in</strong></span> <span class='ocrx_word' id='word_1_206' title='bbox 1467 2467 1652 2529; x_wconf 88' lang='lat' dir='ltr'><strong>hortis</strong></span> <span class='ocrx_word' id='word_1_207' title='bbox 1691 2469 1843 2529; x_wconf 90' lang='lat' dir='ltr'><strong>inter</strong></span> <span class='ocrx_word' id='word_1_208' title='bbox 1879 2467 2114 2528; x_wconf 84' lang='lat' dir='ltr'><strong>servitia</strong></span> <span class='ocrx_word' id='word_1_209' title='bbox 2160 2474 2220 2524; x_wconf 89' lang='lat' dir='ltr'><strong>et</strong></span> 
     </span>
     <span class='ocr_line' id='line_1_27' title="bbox 220 2549 2217 2631; baseline -0.003 -19"><span class='ocrx_word' id='word_1_210' title='bbox 220 2549 517 2612; x_wconf 88' lang='lat' dir='ltr'><strong>sordidam</strong></span> <span class='ocrx_word' id='word_1_211' title='bbox 547 2549 779 2628; x_wconf 88' lang='lat' dir='ltr'><strong>plebem</strong></span> <span class='ocrx_word' id='word_1_212' title='bbox 808 2551 1147 2631; x_wconf 87' lang='lat' dir='ltr'><strong>rudimento,</strong></span> <span class='ocrx_word' id='word_1_213' title='bbox 1180 2554 1582 2614; x_wconf 83' lang='lat' dir='ltr'><strong>universorum</strong></span> <span class='ocrx_word' id='word_1_214' title='bbox 1622 2570 1688 2612; x_wconf 87' lang='lat' dir='ltr'><strong>se</strong></span> <span class='ocrx_word' id='word_1_215' title='bbox 1731 2552 1917 2613; x_wconf 90' lang='lat' dir='ltr'><strong>oculis</strong></span> <span class='ocrx_word' id='word_1_216' title='bbox 1958 2555 2014 2611; x_wconf 93' lang='lat' dir='ltr'><strong>in</strong></span> <span class='ocrx_word' id='word_1_217' title='bbox 2055 2551 2217 2610; x_wconf 90' lang='lat' dir='ltr'><strong>circo</strong></span> 
     </span>
     <span class='ocr_line' id='line_1_28' title="bbox 186 2633 2216 2716; baseline -0.001 -22"><span class='ocrx_word' id='word_1_218' title='bbox 186 2671 189 2674; x_wconf 89' lang='lat'>-</span> <span class='ocrx_word' id='word_1_219' title='bbox 216 2633 471 2694; x_wconf 85' lang='lat' dir='ltr'><strong>maximo</strong></span> <span class='ocrx_word' id='word_1_220' title='bbox 501 2633 783 2712; x_wconf 85' lang='lat' dir='ltr'><strong>praebuit,</strong></span> <span class='ocrx_word' id='word_1_221' title='bbox 815 2635 1009 2716; x_wconf 85' lang='lat' dir='ltr'><strong>aliquo</strong></span> <span class='ocrx_word' id='word_1_222' title='bbox 1043 2637 1255 2697; x_wconf 89' lang='lat' dir='ltr'><strong>liberto</strong></span> <span class='ocrx_word' id='word_1_223' title='bbox 1286 2638 1546 2697; x_wconf 88' lang='lat' dir='ltr'><strong>mittente</strong></span> <span class='ocrx_word' id='word_1_224' title='bbox 1575 2654 1843 2716; x_wconf 88' lang='lat' dir='ltr'><strong>mappam</strong></span> <span class='ocrx_word' id='word_1_225' title='bbox 1865 2635 2016 2696; x_wconf 91' lang='lat' dir='ltr'><strong>unde</strong></span> <span class='ocrx_word' id='word_1_226' title='bbox 2037 2635 2216 2710; x_wconf 85' lang='lat' dir='ltr'><strong>magi-</strong></span> 
     </span>
     <span class='ocr_line' id='line_1_29' title="bbox 218 2717 2220 2798; baseline -0.002 -19"><span class='ocrx_word' id='word_1_227' title='bbox 218 2725 433 2779; x_wconf 87' lang='lat' dir='ltr'><strong>stratus</strong></span> <span class='ocrx_word' id='word_1_228' title='bbox 474 2717 699 2788; x_wconf 78' lang='lat' dir='ltr'><strong>solent.</strong></span> <span class='ocrx_word' id='word_1_229' title='bbox 784 2717 914 2781; x_wconf 89' lang='lat' dir='ltr'><strong>Nec</strong></span> <span class='ocrx_word' id='word_1_230' title='bbox 969 2730 1274 2782; x_wconf 87' lang='lat' dir='ltr'><strong>contentus</strong></span> <span class='ocrx_word' id='word_1_231' title='bbox 1329 2720 1530 2781; x_wconf 90' lang='lat' dir='ltr'><strong>harum</strong></span> <span class='ocrx_word' id='word_1_232' title='bbox 1571 2723 1772 2782; x_wconf 90' lang='lat' dir='ltr'><strong>artium</strong></span> <span class='ocrx_word' id='word_1_233' title='bbox 1823 2721 2220 2798; x_wconf 86' lang='lat' dir='ltr'><strong>experimenta</strong></span> 
     </span>
     <span class='ocr_line' id='line_1_30' title="bbox 217 2789 2220 2882; baseline -0.002 -19"><span class='ocrx_word' id='word_1_234' title='bbox 217 2803 445 2863; x_wconf 86' lang='lat' dir='ltr'><strong>Romae</strong></span> <span class='ocrx_word' id='word_1_235' title='bbox 487 2801 751 2880; x_wconf 84' lang='lat' dir='ltr'><strong>dedisse,</strong></span> <span class='ocrx_word' id='word_1_236' title='bbox 794 2803 1106 2881; x_wconf 86' lang='lat' dir='ltr'><strong>Achaiam,</strong></span> <span class='ocrx_word' id='word_1_237' title='bbox 1156 2814 1213 2865; x_wconf 89' lang='lat' dir='ltr'><strong>ut</strong></span> <span class='ocrx_word' id='word_1_238' title='bbox 1265 2805 1540 2882; x_wconf 86' lang='lat' dir='ltr'><strong>diximus,</strong></span> <span class='ocrx_word' id='word_1_239' title='bbox 1590 2805 1764 2882; x_wconf 89' lang='lat' dir='ltr'><strong>petit,</strong></span> <span class='ocrx_word' id='word_1_240' title='bbox 1807 2803 1941 2863; x_wconf 86' lang='lat' dir='ltr'><strong>hinc</strong></span> <span class='ocrx_word' id='word_1_241' title='bbox 1975 2789 2220 2861; x_wconf 69' lang='lat' dir='ltr'><strong>maxime</strong></span> 
     </span>
     <span class='ocr_line' id='line_1_31' title="bbox 145 2883 2219 2968; baseline -0.003 -21"><span class='ocrx_word' id='word_1_242' title='bbox 145 2892 442 2947; x_wconf 69' lang='lat' dir='ltr'><strong>semotus:</strong></span> <span class='ocrx_word' id='word_1_243' title='bbox 497 2886 860 2948; x_wconf 85' lang='lat' dir='ltr'><strong>instituerant</strong></span> <span class='ocrx_word' id='word_1_244' title='bbox 908 2889 1206 2965; x_wconf 85' lang='lat' dir='ltr'><strong>civitates,</strong></span> <span class='ocrx_word' id='word_1_245' title='bbox 1253 2889 1405 2966; x_wconf 88' lang='lat' dir='ltr'><strong>apud</strong></span> <span class='ocrx_word' id='word_1_246' title='bbox 1437 2906 1578 2968; x_wconf 86' lang='lat' dir='ltr'><strong>quas</strong></span> <span class='ocrx_word' id='word_1_247' title='bbox 1617 2889 1818 2946; x_wconf 88' lang='lat' dir='ltr'><strong>musici</strong></span> <span class='ocrx_word' id='word_1_248' title='bbox 1854 2885 2084 2962; x_wconf 72' lang='lat' dir='ltr'><strong>&#39;agones</strong></span> <span class='ocrx_word' id='word_1_249' title='bbox 2127 2883 2219 2943; x_wconf 92' lang='lat' dir='ltr'><strong>edi</strong></span> 
     </span>
     <span class='ocr_line' id='line_1_32' title="bbox 217 2967 2220 3050; baseline -0.002 -20"><span class='ocrx_word' id='word_1_250' title='bbox 217 2967 435 3045; x_wconf 88' lang='lat' dir='ltr'><strong>solent,</strong></span> <span class='ocrx_word' id='word_1_251' title='bbox 470 2987 669 3030; x_wconf 83' lang='lat' dir='ltr'><strong>onmes</strong></span> <span class='ocrx_word' id='word_1_252' title='bbox 699 2970 1165 3032; x_wconf 89' lang='lat' dir='ltr'><strong>citharoedorum</strong></span> <span class='ocrx_word' id='word_1_253' title='bbox 1202 2989 1452 3050; x_wconf 83' lang='lat' dir='ltr'><strong>coronas</strong></span> <span class='ocrx_word' id='word_1_254' title='bbox 1485 2971 1556 3032; x_wconf 88' lang='lat' dir='ltr'><strong>ad</strong></span> <span class='ocrx_word' id='word_1_255' title='bbox 1585 2974 1770 3050; x_wconf 91' lang='lat' dir='ltr'><strong>ipsum</strong></span> <span class='ocrx_word' id='word_1_256' title='bbox 1801 2971 2046 3031; x_wconf 88' lang='lat' dir='ltr'><strong>mittere.</strong></span> <span class='ocrx_word' id='word_1_257' title='bbox 2102 2967 2220 3026; x_wconf 89' lang='lat' dir='ltr'><strong>Eas</strong></span> 
     </span>
     <span class='ocr_line' id='line_1_33' title="bbox 216 3049 2218 3134; baseline -0.003 -20"><span class='ocrx_word' id='word_1_258' title='bbox 216 3053 371 3114; x_wconf 90' lang='lat' dir='ltr'><strong>adeo</strong></span> <span class='ocrx_word' id='word_1_259' title='bbox 398 3061 569 3130; x_wconf 86' lang='lat' dir='ltr'><strong>grate</strong></span> <span class='ocrx_word' id='word_1_260' title='bbox 598 3054 944 3134; x_wconf 89' lang='lat' dir='ltr'><strong>recipiebat,</strong></span> <span class='ocrx_word' id='word_1_261' title='bbox 975 3065 1034 3115; x_wconf 90' lang='lat' dir='ltr'><strong>ut</strong></span> <span class='ocrx_word' id='word_1_262' title='bbox 1060 3055 1311 3133; x_wconf 85' lang='lat' dir='ltr'><strong>legatos,</strong></span> <span class='ocrx_word' id='word_1_263' title='bbox 1342 3057 1438 3134; x_wconf 85' lang='lat' dir='ltr'><strong>qui</strong></span> <span class='ocrx_word' id='word_1_264' title='bbox 1469 3055 1864 3134; x_wconf 87' lang='lat' dir='ltr'><strong>pertulissent,</strong></span> <span class='ocrx_word' id='word_1_265' title='bbox 1901 3069 2015 3112; x_wconf 91' lang='lat' dir='ltr'><strong>non</strong></span> <span class='ocrx_word' id='word_1_266' title='bbox 2046 3049 2218 3110; x_wconf 89' lang='lat' dir='ltr'><strong>modo</strong></span> 
     </span>
     <span class='ocr_line' id='line_1_34' title="bbox 218 3134 2218 3218; baseline -0.002 -22"><span class='ocrx_word' id='word_1_267' title='bbox 218 3137 441 3216; x_wconf 87' lang='lat' dir='ltr'><strong>primos</strong></span> <span class='ocrx_word' id='word_1_268' title='bbox 472 3134 815 3214; x_wconf 87' lang='lat' dir='ltr'><strong>admitteret,</strong></span> <span class='ocrx_word' id='word_1_269' title='bbox 856 3139 961 3198; x_wconf 91' lang='lat' dir='ltr'><strong>sed</strong></span> <span class='ocrx_word' id='word_1_270' title='bbox 994 3141 1162 3198; x_wconf 89' lang='lat' dir='ltr'><strong>etiam</strong></span> <span class='ocrx_word' id='word_1_271' title='bbox 1192 3138 1567 3200; x_wconf 79' lang='lat' dir='ltr'><strong>familiaribus</strong></span> <span class='ocrx_word' id='word_1_272' title='bbox 1591 3139 1779 3218; x_wconf 90' lang='lat' dir='ltr'><strong>epulis</strong></span> <span class='ocrx_word' id='word_1_273' title='bbox 1801 3139 2218 3215; x_wconf 89' lang='lat' dir='ltr'><strong>interponeret.</strong></span> 
     </span>
     <span class='ocr_line' id='line_1_35' title="bbox 217 3219 2322 3301; baseline -0.001 -21"><span class='ocrx_word' id='word_1_274' title='bbox 217 3219 275 3280; x_wconf 84' lang='lat' dir='ltr'>A</span> <span class='ocrx_word' id='word_1_275' title='bbox 306 3219 641 3299; x_wconf 87' lang='lat' dir='ltr'><strong>quibusdam</strong></span> <span class='ocrx_word' id='word_1_276' title='bbox 672 3239 747 3280; x_wconf 86' lang='lat' dir='ltr'><strong>ex</strong></span> <span class='ocrx_word' id='word_1_277' title='bbox 774 3220 865 3281; x_wconf 88' lang='lat' dir='ltr'><strong>his</strong></span> <span class='ocrx_word' id='word_1_278' title='bbox 893 3233 1133 3300; x_wconf 86' lang='lat' dir='ltr'><strong>rogatus</strong></span> <span class='ocrx_word' id='word_1_279' title='bbox 1175 3231 1239 3282; x_wconf 92' lang='lat' dir='ltr'><strong>ut</strong></span> <span class='ocrx_word' id='word_1_280' title='bbox 1278 3231 1540 3284; x_wconf 88' lang='lat' dir='ltr'><strong>cantaret</strong></span> <span class='ocrx_word' id='word_1_281' title='bbox 1584 3240 1762 3301; x_wconf 89' lang='lat' dir='ltr'><strong>super</strong></span> <span class='ocrx_word' id='word_1_282' title='bbox 1805 3237 2074 3296; x_wconf 89' lang='lat' dir='ltr'><strong>caenam,</strong></span> <span class='ocrx_word' id='word_1_283' title='bbox 2121 3237 2220 3278; x_wconf 85' lang='lat' dir='ltr'><strong>ex·</strong></span> <span class='ocrx_word' id='word_1_284' title='bbox 2318 3253 2322 3262; x_wconf 86' lang='lat'><em>·</em></span> 
     </span>
     <span class='ocr_line' id='line_1_36' title="bbox 145 3303 2224 3383; baseline -0.001 -19"><span class='ocrx_word' id='word_1_285' title='bbox 145 3331 198 3372; x_wconf 74' lang='lat'><strong>³⁵</strong></span> <span class='ocrx_word' id='word_1_286' title='bbox 221 3312 547 3382; x_wconf 87' lang='lat' dir='ltr'><strong>ceptusque</strong></span> <span class='ocrx_word' id='word_1_287' title='bbox 587 3303 843 3383; x_wconf 80' lang='lat' dir='ltr'><strong>effusius,</strong></span> <span class='ocrx_word' id='word_1_288' title='bbox 874 3306 1047 3368; x_wconf 77' lang='lat' dir='ltr'><strong>solos</strong></span> <span class='ocrx_word' id='word_1_289' title='bbox 1066 3307 1233 3367; x_wconf 75' lang='lat' dir='ltr'><strong>scire</strong></span> <span class='ocrx_word' id='word_1_290' title='bbox 1256 3305 1481 3367; x_wconf 75' lang='lat' dir='ltr'><strong>audire</strong></span> <span class='ocrx_word' id='word_1_291' title='bbox 1507 3305 1806 3383; x_wconf 74' lang='lat' dir='ltr'><strong>Graecos,</strong></span> <span class='ocrx_word' id='word_1_292' title='bbox 1844 3303 2134 3383; x_wconf 77' lang='lat' dir='ltr'><strong>solosque</strong></span> <span class='ocrx_word' id='word_1_293' title='bbox 2155 3320 2224 3362; x_wconf 79' lang='lat' dir='ltr'><strong>sc</strong></span> 
     </span>
     <span class='ocr_line' id='line_1_37' title="bbox 220 3386 2223 3470; baseline -0.002 -21"><span class='ocrx_word' id='word_1_294' title='bbox 220 3392 282 3449; x_wconf 81' lang='lat' dir='ltr'><strong>ct</strong></span> <span class='ocrx_word' id='word_1_295' title='bbox 308 3386 533 3448; x_wconf 76' lang='lat' dir='ltr'><strong>studiis</strong></span> <span class='ocrx_word' id='word_1_296' title='bbox 566 3388 697 3448; x_wconf 73' lang='lat' dir='ltr'><strong>suis</strong></span> <span class='ocrx_word' id='word_1_297' title='bbox 726 3387 947 3467; x_wconf 72' lang='lat' dir='ltr'><strong>diynos</strong></span> <span class='ocrx_word' id='word_1_298' title='bbox 968 3392 1063 3450; x_wconf 89' lang='lat' dir='ltr'><strong>ait.</strong></span> <span class='ocrx_word' id='word_1_299' title='bbox 1120 3388 1249 3449; x_wconf 89' lang='lat' dir='ltr'><strong>Neo</strong></span> <span class='ocrx_word' id='word_1_300' title='bbox 1271 3390 1642 3470; x_wconf 85' lang='lat' dir='ltr'><strong>profectione</strong></span> <span class='ocrx_word' id='word_1_301' title='bbox 1667 3389 1862 3466; x_wconf 89' lang='lat' dir='ltr'><strong>dilata,</strong></span> <span class='ocrx_word' id='word_1_302' title='bbox 1894 3397 1955 3449; x_wconf 91' lang='lat' dir='ltr'><strong>ut</strong></span> <span class='ocrx_word' id='word_1_303' title='bbox 1983 3390 2223 3468; x_wconf 90' lang='lat' dir='ltr'><strong>primum</strong></span> 
     </span>
     <span class='ocr_line' id='line_1_38' title="bbox 220 3469 2218 3550; baseline -0.002 -18"><span class='ocrx_word' id='word_1_304' title='bbox 220 3469 554 3550; x_wconf 86' lang='lat' dir='ltr'><strong>Cassiopen</strong></span> <span class='ocrx_word' id='word_1_305' title='bbox 585 3472 835 3548; x_wconf 84' lang='lat' dir='ltr'><strong>traiecit,</strong></span> <span class='ocrx_word' id='word_1_306' title='bbox 868 3474 1057 3540; x_wconf 79' lang='lat' dir='ltr'><strong>statim</strong></span> <span class='ocrx_word' id='word_1_307' title='bbox 1088 3473 1160 3532; x_wconf 90' lang='lat' dir='ltr'><strong>ad</strong></span> <span class='ocrx_word' id='word_1_308' title='bbox 1202 3491 1362 3534; x_wconf 88' lang='lat' dir='ltr'><strong>aram</strong></span> <span class='ocrx_word' id='word_1_309' title='bbox 1399 3473 1558 3534; x_wconf 84' lang='lat' dir='ltr'><strong>Iovis</strong></span> <span class='ocrx_word' id='word_1_310' title='bbox 1589 3472 1744 3535; x_wconf 82' lang='lat' dir='ltr'><strong>Casii</strong></span> <span class='ocrx_word' id='word_1_311' title='bbox 1772 3482 2006 3535; x_wconf 90' lang='lat' dir='ltr'><strong>cantare</strong></span> <span class='ocrx_word' id='word_1_312' title='bbox 2031 3472 2218 3547; x_wconf 86' lang='lat' dir='ltr'><strong>auspi-</strong></span> 
     </span>
    </p>
   </div>
   <div class='ocr_carea' id='block_1_3' title="bbox 222 3553 2308 3698">
    <p class='ocr_par' dir='ltr' id='par_1_3' title="bbox 222 3553 2308 3698">
     <span class='ocr_line' id='line_1_39' title="bbox 222 3553 2308 3698; baseline -0.001 -82"><span class='ocrx_word' id='word_1_313' title='bbox 222 3563 405 3633; x_wconf 91' lang='lat' dir='ltr'><strong>catus,</strong></span> <span class='ocrx_word' id='word_1_314' title='bbox 446 3557 755 3615; x_wconf 86' lang='lat' dir='ltr'><strong>certamina</strong></span> <span class='ocrx_word' id='word_1_315' title='bbox 792 3555 1073 3635; x_wconf 91' lang='lat' dir='ltr'><strong>deinceps</strong></span> <span class='ocrx_word' id='word_1_316' title='bbox 1103 3555 1244 3650; x_wconf 80' lang='lat' dir='ltr'><strong>obiit</strong></span> <span class='ocrx_word' id='word_1_317' title='bbox 1275 3558 1482 3618; x_wconf 90' lang='lat' dir='ltr'><strong>omnia.</strong></span> <span class='ocrx_word' id='word_1_318' title='bbox 1569 3557 1714 3617; x_wconf 89' lang='lat' dir='ltr'><strong>Nam</strong></span> <span class='ocrx_word' id='word_1_319' title='bbox 1747 3567 1992 3698; x_wconf 59' lang='lat' dir='ltr'><strong>elt2tplae</strong></span> <span class='ocrx_word' id='word_1_320' title='bbox 2034 3553 2308 3613; x_wconf 80' lang='lat' dir='ltr'><strong>diver-23</strong></span> 
     </span>
    </p>
   </div>
  </div>
 </body>
</html>
