2700 4234
506 338 589 397 54
678 346 738 395 c.
770 344 1071 395 summu
1103 344 1360 403 TRANQ.
1393 342 1488 389 DE
1519 342 1683 389 VITA
1718 340 2087 389 CAESARUM
2121 342 2258 389 Lm.
2287 342 2363 389 11.

509 504 620 564 tori
670 497 981 577 delegabat
1022 498 1275 575 urbano,
1327 515 1397 558 ac
1439 496 1877 576 provincialium
1917 495 2317 558 consularibus
2364 499 2522 577 viris,

511 603 657 667 quos
690 582 951 661 singulos
987 583 1262 662 cuiusque
1296 582 1633 661 provinciae
1665 582 1920 659 negotiis
1951 584 2410 662 praeposuisset.

424 687 495 742 34
676 669 869 745 Leges
902 669 1237 728 retractavit
1266 675 1325 725 et
1350 665 1624 745 quasdam
1657 684 1734 726 ex
1767 668 1996 744 integro
2027 668 2246 743 sanxit,
2278 676 2340 726 ut
2370 685 2519 727 sum-

509 754 790 836 ptuariam
827 761 886 810 et
916 749 989 810 de
1020 750 1319 813 adulteriis
1351 759 1411 809 et
1440 749 1512 810 de
1544 750 1845 831 pudicitia,
1891 750 1963 810 de
2007 750 2251 827 ambitu,
2301 750 2374 811 de
2403 770 2519 811 ma-

509 836 744 899 ritandis
776 834 1091 895 ordinibus.
1154 834 1317 895 Hanc
1367 852 1494 894 cum
1523 834 1815 914 aliquanto
1854 836 2118 894 severius
2150 852 2319 913 quam
2360 845 2516 896 cete·
2542 858 2565 895 s

508 941 603 983 ras
646 912 1041 996 emendasset,
1080 938 1220 998 prae
1263 917 1500 980 tumultu
1544 920 1932 979 recusantium
1974 918 2242 997 perferre
2271 937 2386 980 non
2417 938 2521 999 po-

506 1008 639 1082 tuit,
681 1006 791 1064 nisi
834 1003 1101 1082 adempta
1138 1004 1363 1063 demum
1406 1002 1658 1063 lenitave
1700 1012 1867 1083 parte
1899 1020 2214 1083 poenarum
2259 1013 2317 1063 et
2350 1022 2521 1064 vaca-

506 1092 667 1150 tione
703 1089 908 1149 trienni
943 1087 1074 1148 data
1098 1088 1396 1167 auctisque
1422 1088 1710 1167 praemiis.
1763 1087 1862 1148 Sic
1890 1104 2120 1166 quoque
2146 1088 2524 1149 abolitionem

507 1175 629 1234 eius
654 1154 889 1252 publico
922 1172 1261 1250 spectaculo
1287 1173 1664 1250 pertinaciter
1685 1172 2016 1250 postulante
2045 1174 2260 1250 equite,
2293 1174 2521 1233 accitos

507 1258 833 1319 Germanici
861 1256 1082 1315 liberos
1113 1263 1508 1335 receptosque
1537 1257 1742 1335 partim
1786 1256 1856 1316 ad
1898 1257 1978 1315 se¹
2006 1259 2212 1334 partim
2245 1258 2299 1315 in
2338 1257 2520 1336 patris
2548 1275 2592 1315 ιο

502 1343 784 1419 gremium
814 1342 1145 1418 ostentavit,
1176 1358 1343 1400 manu
1373 1339 1645 1420 vultuque
1674 1341 2008 1417 significans
2030 1358 2102 1399 ne
2136 1350 2520 1417 gravarentur

502 1427 709 1485 imitari
738 1424 965 1485 iuvenis
996 1424 1345 1503 exemplum.
1420 1422 1677 1503 Cumque
1713 1425 1884 1484 etiam
1925 1426 2310 1485 inmaturitate
2339 1442 2518 1503 spon-

504 1527 694 1570 sarum
735 1517 795 1568 et
832 1509 1319 1569 matrimoniorum
1365 1508 1572 1568 crebra
1623 1509 1935 1569 mutatione
1988 1510 2103 1568 vim
2161 1508 2314 1585 legis
2361 1509 2519 1587 eludi

504 1596 783 1669 sentiret,
817 1601 1043 1672 tempus
1076 1609 1327 1671 sponsas
1357 1592 1607 1653 habendi
1638 1594 1952 1669 coartavit,
1996 1592 2260 1652 divortiis
2287 1591 2518 1652 modum

502 1680 579 1739 im
625 1678 795 1738 osuit.
2543 1690 2588 1730 15

417 1768 485 1823 35
583 1696 973 1821 pSenatorum
1002 1748 1331 1821 affluentem
1356 1778 1650 1820 numerum
1679 1760 1922 1821 deformi
1951 1768 2008 1821 et
2033 1759 2322 1821 incondita
2350 1760 2516 1821 turba

506 1849 704 1926 (erant
734 1846 885 1903 enim
926 1862 1103 1923 super
1145 1844 1332 1920 mille,
1375 1853 1434 1903 et
1475 1845 1702 1922 quidam
1737 1844 2120 1922 indignissimi
2163 1855 2220 1905 et
2247 1853 2382 1924 post
2413 1863 2514 1904 ne-

505 1946 631 1989 cem
664 1928 935 1988 Caesaris
966 1945 1073 2005 per
1096 1930 1341 2003 gratiam
1379 1936 1437 1987 et
1467 1930 1781 2006 praemium
1809 1928 2048 2007 adlecti,
2099 1947 2246 2009 quos
2277 1930 2515 1989 orciuos

501 2012 711 2089 vulgus
745 2011 1027 2088 vocabat)
1059 2010 1129 2070 ad
1162 2011 1392 2072 modum
1429 2012 1728 2091 pristinum
1769 2022 1829 2073 et
1866 2013 2238 2093 splendorem
2281 2012 2518 2089 redegit

500 2096 720 2157 duabus
750 2095 1131 2155 lectionibus:
1163 2096 1345 2174 prima
1376 2098 1634 2175 ipsorum
1666 2097 1941 2158 arbitratu
1962 2142 1980 2175 ,
2033 2114 2146 2176 quo
2194 2096 2282 2155 vir
2327 2097 2516 2156 virum
2538 2118 2589 2158 20

500 2181 677 2258 legit,
723 2180 977 2240 secunda
1028 2196 1132 2240 suo
1178 2189 1237 2240 et
1286 2179 1621 2260 Agrippae;
1674 2199 1788 2259 quo
1839 2190 2102 2261 tempore
2155 2180 2518 2241 existimatur

498 2265 684 2324 lorica
728 2263 833 2324 sub
879 2273 1045 2325 veste
1087 2266 1335 2324 munitus
1381 2264 1662 2345 ferroque
1709 2268 1932 2326 cinctus
1963 2264 2363 2345 praesedisse,
2401 2263 2516 2323 de-

502 2366 629 2408 cem
674 2348 1084 2409 valentissimis
1128 2350 1408 2409 senatorii
1447 2350 1662 2410 ordinis
1705 2351 1904 2411 amicis
1947 2350 2150 2411 sellam
2198 2366 2358 2409 suam
2404 2350 2515 2407 cir-

501 2432 933 2493 cumstantibus.
1024 2431 1250 2493 Cordus
1282 2432 1610 2494 Cremutius
1643 2433 1871 2511 scribit,
1917 2452 1991 2495 ne
2036 2434 2344 2495 admissum
2389 2433 2514 2511 qui-

497 2516 628 2575 dem
675 2524 810 2575 tunc
848 2534 1190 2595 quemquam
1232 2526 1562 2577 senatorum
1604 2519 1714 2579 nisi
1755 2518 1941 2579 solum
1983 2528 2042 2578 et
2089 2525 2513 2596 praetemptato
2540 2538 2589 2577 ‘25

500 2601 645 2659 sinu.
738 2600 1033 2675 Quosdam
1064 2600 1137 2661 ad
1169 2601 1485 2661 excusandi
1518 2620 1582 2661 se
1619 2602 2030 2663 verecundiam
2069 2603 2347 2681 compulit
2390 2619 2514 2659 ser-

496 2683 771 2762 vavitque
805 2686 975 2745 etiam
1001 2687 1297 2745 excusatis
1326 2686 1554 2763 insigne
1585 2688 1766 2746 vestis
1798 2695 1856 2746 et
1888 2686 2192 2766 spectandi
2223 2686 2278 2745 in
2305 2684 2514 2745 orche-

496 2776 614 2827 stra
661 2768 1047 2847 epulandique
1095 2768 1327 2847 publice
1371 2770 1478 2829 iuS.
1574 2770 1704 2846 Quo
1747 2779 1935 2831 autem
1977 2770 2116 2830 lecti
2161 2769 2514 2849 probatique

496 2860 555 2911 et
584 2850 924 2930 religiosius
959 2861 1017 2912 et
1044 2854 1267 2913 minore
1301 2854 1569 2915 molestia
1607 2857 1898 2916 senatoria
1929 2873 2164 2915 munera
2195 2854 2511 2930 fungeren-

492 2944 618 3013 tur,
668 2938 887 3015 sanxit,
938 2946 995 2996 ut
1026 2938 1185 3015 prius
1214 2953 1386 3016 quam
1417 2938 1750 2999 consideret
1784 2940 2027 3018 quisque
2057 2948 2185 2998 ture
2231 2956 2302 2999 ac
2344 2952 2510 2996 mero
2533 2955 2582 2995 30

493 3020 856 3099 supplicaret
886 3021 1037 3099 apud
1071 3040 1229 3083 aram
1261 3023 1384 3082 eius
1414 3022 1539 3099 dei,
1587 3019 1644 3082 in'
1682 3024 1844 3083 cuius
1873 3023 2092 3101 templo
2126 3023 2418 3095 coiretur,
2453 3029 2514 3079 et

493 3121 566 3164 ne
599 3103 729 3182 plus
762 3122 931 3183 quam
963 3103 1053 3164 bis
1088 3106 1145 3165 in
1186 3124 1387 3165 mense
1422 3106 1714 3184 legitimus
1763 3116 1998 3167 senatus
2029 3115 2332 3184 ageretur,
2375 3103 2511 3164 Kal.

492 3196 552 3246 et
600 3185 829 3265 Idibus,
884 3208 1035 3249 neve
1090 3189 1422 3269 Septembri
1466 3190 1784 3252 Octobrive
1837 3210 2038 3252 mense
2089 3190 2242 3252 ullos
2297 3189 2513 3249 adesse
2697 3185 2700 3336 ⁴

491 3269 640 3330 alios
682 3290 931 3334 necesse
978 3283 1137 3334 esset
1180 3292 1347 3354 quam
1393 3284 1553 3335 sorte
1597 3275 1837 3353 ductos,
1882 3294 1990 3354 per
2030 3292 2272 3353 quorum
2313 3290 2512 3333 nume·
2699 3345 2700 3350 γ

490 3371 615 3413 rum
646 3355 884 3417 decreta
917 3358 1128 3417 confici
1158 3366 1427 3437 possent;
1477 3359 1702 3438 sibique
1751 3362 1989 3420 instituit
2036 3359 2280 3419 consilia
2314 3356 2513 3417 sortiri
2535 3372 2587 3414 3⁵

492 3442 864 3516 semenstria,
911 3458 1038 3501 cum
1086 3442 1293 3519 quibus
1334 3442 1408 3502 de
1439 3445 1692 3521 negotiis
1736 3444 1809 3503 ad
1852 3446 2217 3523 frequentem
2248 3450 2515 3502 senatum
2683 3443 2700 3598 4

488 3520 815 3583 referendis
852 3533 985 3584 ante
1016 3528 1311 3586 tractaret.
1390 3528 1720 3587 Sententiae
1757 3527 1829 3588 de
1873 3530 2090 3589 maiore
2117 3527 2360 3605 negotio
2391 3541 2514 3585 non

487 3619 649 3664 more
682 3614 856 3685 atque
888 3607 1091 3668 ordine
1120 3608 1223 3668 sed
1256 3619 1428 3688 prout
1458 3610 1721 3671 libuisset
1752 3611 2142 3692 perrogabat,
2173 3620 2233 3670 ut
2265 3607 2514 3691 perinde
