2700 4234
915 309 1126 359 DIVUS
1154 311 1519 382 cpAumus.
2098 307 2218 371 159

207 467 401 547 ditque
454 465 781 544 paludatus.
848 467 999 540 Quin
1046 476 1104 527 et
1156 471 1472 530 emissurus
1514 469 1793 532 Fucinum
1847 472 2036 534 lacum
2079 493 2214 536 nau·

203 551 484 613 machiam
520 558 652 610 ante
684 551 986 610 commisit.
1029 551 1147 612 Sed
1177 570 1303 612 cum
1329 554 1820 632 proclamantibus
1852 559 2214 620 naumachia-

203 638 335 697 riis:
394 633 577 695 Have
601 635 973 712 imperator,
1008 637 1297 697 morituri
1324 644 1384 696 te
1411 637 1724 701 salutant!
1765 642 2214 720 respondisset:

201 718 329 782 Aut
354 719 516 780 non!
542 736 734 796 neque
766 727 904 797 post
931 718 1077 779 hanc
1110 736 1317 779 vocem
1353 723 1516 800 quasi
1550 725 1716 784 venia
1745 725 1876 785 data
1907 729 2214 805 quisquam

157 824 181 863 5
202 805 475 866 dimicare
508 803 723 879 vellet,
776 802 869 862 diu
912 811 1212 864 cunctatus
1248 823 1321 866 an
1350 809 1536 867 omnis
1570 808 1692 884 igni
1722 808 2001 888 ferroque
2041 811 2212 872 absu-

202 897 422 962 meret,
456 885 683 946 tandem
714 904 747 945 e
778 885 919 946 sede
949 905 1053 948 sua
1083 888 1356 966 prosiluit
1383 908 1454 950 ac
1480 908 1588 968 per
1607 891 1875 954 ambitum
1900 893 2063 956 lacus
2094 913 2212 956 non

203 975 329 1034 sine
369 971 547 1032 foeda
596 969 971 1031 vacillatione
1018 971 1382 1049 discurrens,
1444 976 1650 1052 partim
1691 977 1959 1038 minando
2003 982 2210 1058 partim

204 1055 567 1136 adhortando
596 1053 669 1115 ad
699 1072 954 1133 pugnam
988 1056 1285 1136 compulit.
1338 1056 1470 1117 Hoc
1503 1060 1846 1138 spectaculo
1885 1061 2090 1124 classis
2121 1065 2208 1124 Si-

204 1141 333 1202 cula
357 1149 415 1198 et
435 1139 663 1200 Rhodia
692 1149 1145 1218 concurrerunt,
1168 1140 1557 1202 duodenarum
1582 1145 1896 1206 triremium
1919 1147 2207 1224 singulae,

130 1245 180 1286 ιο
202 1225 475 1285 exciente
528 1222 736 1284 bucina
782 1222 1022 1284 Tritone
1074 1233 1392 1304 argenteo,
1447 1229 1542 1305 qui
1591 1246 1624 1287 e
1673 1228 1864 1290 medio
1919 1229 2051 1290 lacu
2100 1248 2208 1308 per

198 1308 519 1369 machi-nam
550 1316 888 1368 emerserat.

328 1391 619 1468 Quaedam
654 1393 811 1452 circa
845 1392 1227 1453 caerimonias
1260 1393 1608 1472 civilemque
1650 1404 1710 1454 et
1749 1396 2052 1457 militarem
2081 1413 2202 1456 mo·
2222 1408 2293 1461 22

197 1495 353 1555 rem,
406 1479 544 1537 item
589 1478 747 1537 circa
796 1478 1045 1537 omnium
1087 1477 1347 1536 ordinum
1386 1487 1590 1538 statum
1623 1477 1774 1540 domi
1812 1480 2076 1558 forisque
2109 1491 2204 1541 aut

201 1563 487 1638 correxit,
528 1569 625 1622 aut
664 1559 899 1621 exoleta
943 1563 1279 1637 revocavit,
1324 1564 1620 1622 autetiam
1653 1580 1807 1624 nova
1837 1566 2096 1624 instituit.
2141 1564 2207 1624 In
2395 1607 2450 1662 ,v

131 1664 180 1706 ιε
202 1646 548 1724 cooptandis
594 1662 702 1723 per
755 1645 1011 1722 collegia
1060 1645 1465 1706 sacerdotibus
1513 1648 1796 1706 neminem
1837 1648 1944 1706 nisi
1989 1648 2230 1708 iuratus*
2269 1615 2390 1666 ’Μή

199 1730 543 1798 nominavit;
578 1728 1030 1808 observavitque
1062 1729 1301 1806 sedulo,
1356 1738 1426 1808 ut·
1455 1731 1724 1810 quotiens
1768 1739 1924 1791 terra
1969 1733 2028 1791 in
2059 1731 2204 1792 urbe

198 1814 509 1888 movisset,
558 1813 737 1872 ferias
769 1813 1053 1874 advocata
1086 1815 1360 1874 contione
1392 1823 1630 1896 praetor
1661 1814 1978 1892 indiceret,
2025 1825 2203 1896 utque

200 1897 325 1957 dira
353 1914 465 1962 ave
492 1897 549 1955 in
580 1894 871 1974 Capitolio
900 1900 1025 1958 visa
1058 1885 1394 1958 obsecratio
1426 1886 1766 1976 haberetur,
1797 1916 2040 1978 eamque
2071 1901 2203 1980 ipse

198 1983 325 2040 iure
350 1982 579 2040 maximi
602 1982 901 2060 pontilicis·
917 1981 1024 2060 pro
1049 1983 1254 2042 rostris
1278 1974 1498 2062 populo
1524 1985 1780 2062 praeiret
1803 1991 2202 2062 summotaque

127 2085 179 2126 20
206 2065 603 2144 operariorum
648 2065 1063 2144 servorumque
1096 2065 1281 2138 turba.
1541 2087 1546 2091 ·
1611 2073 1646 2100 ‘-
1993 2071 2001 2077 “’

12 2204 14 2213 .
321 2150 535 2211 Rerum
560 2159 745 2211 actum
760 2195 777 2226 ,
804 2149 1047 2210 divisum
1071 2159 1238 2211 antea
1267 2151 1324 2208 in
1350 2148 1629 2210 hibernos
1653 2151 2024 2229 aestivosque
2048 2162 2288 2217 men-23

12 2226 16 2307 ᾗ
200 2251 328 2310 ses,
360 2235 673 2294 coniunxit.
727 2232 876 2294 Iuris
920 2233 1233 2294 dictionem
1262 2233 1334 2292 de
1371 2233 1504 2294 fidei
1535 2235 1886 2311 commissis,
1933 2243 2072 2312 quot
2105 2248 2200 2295 an-

12 2308 14 2333 *
197 2319 285 2377 nis
316 2326 375 2377 et
405 2325 620 2377 tantum
650 2318 708 2377 in
738 2316 884 2377 urbe
916 2317 1179 2396 delegari
1212 2317 1645 2394 magistratibus
1675 2316 1936 2394 solitam,
1981 2320 2038 2378 iu
2069 2336 2199 2398 per·

198 2410 429 2479 petuum
458 2409 632 2478 atque
674 2401 845 2460 etiam
888 2419 995 2480 per
1030 2403 1364 2481 provincias
1397 2400 1783 2480 potestatibus
1817 2400 2200 2463 demandavit.

126 2497 178 2539 2⁵
199 2483 391 2562 Capiti
419 2483 634 2560 Papiae
667 2482 979 2563 Poppaeae
1011 2485 1163 2564 legis
1197 2504 1230 2547 a
1253 2484 1489 2546 Tiberio
1514 2484 1801 2562 Caesare,
1839 2488 2001 2565 quasi
2031 2503 2197 2546 sexa-

193 2567 422 2647 genarii
465 2584 756 2644 generare
796 2585 912 2628 uon
942 2579 1213 2648 possent,
1272 2569 1465 2630 addito
1505 2570 1835 2647 obrogavit.
1909 2570 2110 2632 Sanxit
2138 2579 2199 2629 ut

194 2650 433 2731 pupillis
464 2660 629 2711 extra
662 2652 920 2714 ordinem
951 2662 1174 2714 tutores
1210 2673 1243 2714 a
1292 2654 1628 2714 consulibus
1677 2654 1980 2731 darentur,
2021 2663 2196 2733 utque

10 2738 24 2785 i
194 2738 268 2811 ii,
321 2735 525 2814 quibus
570 2752 603 2795 a
635 2737 1069 2814 magistratibus
1101 2739 1441 2816 provinciae
1481 2737 1996 2814 interdicerentur,
2050 2737 2196 2798 urhe

196 2835 427 2898 quoque
448 2828 506 2879 et
535 2813 701 2881 ltalia
729 2831 1243 2882 summoverentur.
1273 2821 1412 2901 lpse
1438 2820 1715 2901 quosdam
1738 2825 1893 2881 novo
1921 2821 2194 2899 exemplo

121 2919 175 2960 30
197 2901 511 2978 relegavit,
542 2912 605 2965 ut
630 2905 779 2964 ultra
814 2905 1067 2983 lapidem
1098 2908 1325 2966 tertium
1358 2913 1584 2967 vetaret
1613 2904 1816 2982 egredi
1841 2904 1912 2964 ab
1942 2903 2109 2964 urbe.

316 2985 406 3046 De
434 2988 652 3078 maiore
681 2991 924 3066 negotio
962 2999 1193 3049 acturus
1223 2991 1279 3050 in
1314 2991 1504 3067 curia,-
1545 2989 1768 3049 medius
1799 2991 1948 3048 inter
1989 3004 2194 3048 consu-

192 3070 305 3131 lum
338 3057 852 3134 seffas‘tribunicio
892 3073 1173 3134 subsellio
1214 3073 1476 3134 sedebat.
1535 3071 1900 3136 Commeatus
1929 3090 1962 3132 a
1995 3081 2196 3133 senatu

191 3157 309 3233 peti
349 3155 558 3215 solitos
600 3156 850 3217 benefici
894 3158 981 3217 sui
1026 3156 1185 3216 fecit.
1254 3153 1604 3218 ornamenta
1655 3157 1982 3218 consularia
2027 3157 2278 3222 etiam24

190 3239 669 3317 procuratoribus
700 3239 1024 3301 ducenariis
1054 3239 1305 3304 indulsit.
1351 3243 1712 3302 Senatoriam
1741 3240 2074 3319 dignitatem
2103 3259 2192 3300 re-

14 3376 16 3407 ,
117 3343 171 3384 35
195 3322 523 3384 cusantibus
554 3333 888 3404 equestrem
918 3342 1151 3404 quoque
1184 3325 1414 3385 ademit.
1469 3325 1669 3386 Latum
1701 3325 1956 3402 clavum,
2001 3343 2194 3404 quam-

14 3408 16 3415 '
188 3407 279 3466 vis
313 3408 476 3468 initio
508 3407 855 3468 affirmasset
876 3426 995 3468 nou
1025 3409 1307 3470 lecturum
1330 3428 1396 3468 se
1427 3420 1756 3471 senatorem
1798 3411 1909 3470 nisi
1951 3410 2096 3471 civis
2122 3409 2193 3469 R.

187 3491 576 3573 abnepotem,
607 3495 777 3553 etiam
809 3492 1065 3554 libertini
1096 3492 1215 3553 filio
1250 3493 1476 3571 tribuit,
1508 3494 1614 3554 sed
1643 3494 1749 3555 suh
1784 3493 2117 3556 conditione
2146 3492 2196 3552 si

184 3575 343 3656 prius
379 3576 453 3638 ab
486 3579 683 3655 equite
712 3578 783 3639 R.
816 3577 1123 3657 adoptatus
1154 3586 1343 3648 esset3
1391 3596 1460 3638 ac
1493 3579 1580 3638 sic
1610 3595 1845 3658 quoque
1875 3575 2195 3657 reprehen-
