2700 4234
880 352 977 400 mr
1010 350 1516 402 GRAMMAnms.
2081 339 2199 402 261

198 527 294 569 sus
324 507 417 568 diu
444 509 504 568 in
533 509 755 587 patria,
800 507 1279 586 quinquagesimo
1322 507 1548 567 demum
1586 522 1737 566 anno
1777 505 2020 567 Romam
2068 523 2202 566 con-

197 592 322 652 sule
369 591 655 652 Cicerone
692 592 914 651 transiit
964 590 1274 670 docuitque
1320 592 1541 652 maiore
1582 591 1732 651 fama
1776 607 1943 668 quam
1987 590 2202 650 emolu-

194 685 406 737 mento.
465 675 726 753 Namque
770 673 881 736 iam
921 691 1215 753 persenex
1230 691 1574 754 pauperem
1595 692 1666 734 se
1695 680 1751 734 et
1770 673 2061 735 habitare
2087 673 2201 734 sub

194 760 417 839 teyulis
456 759 703 838 quodam
735 760 959 837 scripto
990 757 1219 818 fatetur.
1290 759 1522 819 Librum
1568 761 1768 835 etiam,
1815 759 1907 818 cui
1953 767 2046 818 est
2074 760 2200 819 titu-

146 858 174 898 s
195 844 284 904 lus
312 843 691 920 Perialog0s‚
728 842 903 904 edidit
936 843 1323 903 continentem
1360 843 1632 922 querelas
1663 842 1736 903 de
1773 841 2024 920 iniuriis,
2057 859 2199 921 quas

196 928 573 1007 professores
629 926 1007 1005 neglegentia
1057 935 1153 986 aut
1218 926 1526 988 ambitione
1599 934 1900 1006 parentum
1965 927 2198 1005 accipe-

193 1022 340 1072 rent.
410 1011 539 1088 Fuit
569 1020 759 1071 autem
796 1020 1032 1071 naturae
1078 1011 1370 1087 acerbae,
1417 1028 1532 1071 non
1575 1010 1750 1072 modo
1799 1012 1856 1069 in
1887 1009 2199 1090 antisophi-

194 1103 345 1174 stas,
390 1113 539 1174 quos
584 1097 737 1155 omni
768 1097 827 1154 in
860 1095 1177 1160 occasione.
1227 1095 1540 1173 laceravit,
1584 1095 1689 1155 sed
1722 1094 1892 1155 etiam
1929 1096 1986 1154 in
2029 1093 2198 1154 disci-

194 1181 403 1258 pulos,
443 1188 503 1239 ut
528 1188 586 1239 et
612 1179 883 1240 Horatius
911 1178 1197 1255 significat
1222 1178 1554 1257 plagosum
1587 1197 1715 1239 eum
1748 1178 2056 1258 appellans
2076 1223 2094 1256 ,
2144 1187 2202 1238 et

126 1283 176 1324 ιο
191 1263 475 1325 Domitius
506 1262 731 1324 Marsus
761 1261 1059 1323 scribens:

543 1351 607 1408 Si
632 1366 773 1426 quos
808 1351 1042 1408 Orbilius
1064 1349 1260 1423 ferula
1291 1366 1392 1406 scu
1401 1353 1612 1424 ticaque
1641 1352 1849 1408 cecidit.

192 1430 283 1490 Ac
324 1449 403 1493 ne¹
427 1433 752 1511 principum
785 1430 1014 1509 quidem
1054 1432 1309 1490 virorum
1348 1433 1735 1492 insectatione
1776 1430 2078 1500 abstinuit;
2128 1431 2200 1489 si·

96 1556 101 1560 -
193 1515 424 1594 quidem
455 1518 689 1593 ignotus
735 1514 923 1576 adhuc
955 1532 1083 1574 cum
1122 1514 1332 1576 iudicio
1365 1515 1651 1594 frequenti
1699 1516 2085 1575 testimonium
2116 1513 2199 1573 di-

195 1607 389 1674 ceret,
414 1600 805 1678 interrogatus
829 1617 862 1659 a
883 1601 1153 1660 Varrone
1182 1598 1449 1660 diversae
1476 1599 1655 1678 partis
1681 1598 1966 1658 advocato
1985 1643 2002 1674 ,
2038 1597 2196 1676 quid-

122 1700 173 1741 15
194 1701 325 1742 nam
356 1692 558 1759 ageret
588 1694 645 1744 et
677 1701 791 1763 quo
822 1684 1067 1744 artificio
1113 1691 1403 1759 uteretur,
1443 1682 1809 1762 yibberosos
1839 1700 1907 1741 se
1949 1682 2026 1741 de
2065 1681 2202 1743 sole

193 1767 260 1825 in
294 1765 576 1826 umbram
614 1766 962 1846 transferre
990 1767 1320 1847 respondit;
1357 1767 1511 1846 quod
1543 1767 1781 1828 Murena
1815 1765 2026 1842 gibber
2052 1774 2198 1826 erat.

193 1849 360 1909 Vixit
387 1867 574 1929 prope
600 1852 671 1911 ad
704 1852 1073 1912 centesimum
1099 1853 1302 1912 aetatis
1332 1869 1570 1928 annum,
1602 1853 1808 1912 amissa
1840 1851 1951 1910 iam
1977 1850 2199 1931 pridem

194 1936 505 2012 memoria,
543 1944 602 1994 ut
631 1952 839 1994 versus
866 1935 1125 1995 Bibaculi
1157 1935 1362 1996 docet:

590 2024 826 2080 Orbilius
853 2025 1074 2079 ubinam
1106 2031 1211 2092 est,
1250 2025 1558 2080 litterarum
1587 2023 1810 2078 oblivio?

120 2120 173 2160 20
195 2103 393 2162 Statua
426 2103 550 2163 eius
581 2101 900 2164 Beneventi
934 2102 1253 2164 ostenditur
1281 2105 1336 2162 in
1369 2102 1660 2181 Capitolio
1693 2102 1764 2163 ad
1795 2103 2083 2162 sinistrum
2115 2101 2196 2161 la-

192 2195 284 2244 tus
327 2204 647 2248 marmorea
686 2186 883 2248 habitu
925 2187 1184 2247 sedentis
1229 2205 1298 2246 ac
1339 2187 1594 2267 palliati,
1644 2186 1929 2266 appositis
1971 2183 2197 2244 duobus

194 2269 441 2330 scriniis.
476 2272 733 2350 Reliquit
764 2271 937 2332 lilium
962 2270 1269 2348 Orbilium,
1299 2281 1358 2331 et
1384 2273 1570 2352 ipsum
1593 2272 2026 2348 grammaticum
2059 2284 2193 2346 pro-

191 2354 502 2414 sessorem.

319 2437 382 2496 L.
418 2439 620 2498 Ateius
648 2438 991 2516 Philologus
1020 2438 1320 2498 libertinus
1349 2438 1594 2499 Athenis
1624 2446 1714 2496 est
1747 2445 1934 2496 natus.
2014 2432 2196 2495 Hunc
2215 2443 2282 2496 10

116 2538 170 2577 25
195 2519 403 2598 Capito
434 2521 639 2581 Ateius
671 2530 840 2582 notus
873 2523 1011 2583 iuris
1042 2523 1337 2583 consultus
1371 2523 1530 2583 inter
1565 2520 2012 2600 grammaticos
2055 2517 2194 2578 rhe-

191 2612 387 2665 torem
407 2650 424 2680 ‚
457 2606 617 2666 inter
645 2605 927 2668 rhetores
955 2607 1426 2686 yrammaticum
1467 2605 1670 2685 fuisse
1702 2607 1798 2666 ait.
1871 2603 1958 2663 De
1992 2603 2200 2664 eodem

192 2689 431 2750 Asinius
461 2689 649 2750 Pollio
696 2691 753 2749 in
797 2689 981 2768 libro,
1033 2707 1148 2769 quo
1181 2690 1438 2750 Sallustii
1481 2692 1698 2769 scripta
1736 2687 2111 2768 reprehendit
2141 2695 2202 2745 ut

190 2773 362 2832 nimia
393 2774 715 2852 priscorum
744 2774 1053 2835 verborum
1086 2775 1455 2835 affectatione
1499 2773 1711 2849 oblita,
1756 2775 1832 2833 ita
1877 2770 2077 2831 tradit:
2122 2767 2200 2830 In

190 2872 327 2916 eam
354 2875 483 2917 rem
514 2856 889 2920 adiutorium
920 2859 979 2919 ei
1002 2855 1153 2936 fecit
1178 2859 1450 2918 mamime
1483 2857 1731 2937 quidam
1767 2853 1984 2916 Ateius
2005 2853 2196 2914 Prae-

117 2957 167 2997 30
190 2947 460 3002 textatus
480 2940 710 3003 nobilis
733 2942 1178 3026 yrammaticys
1205 2940 1488 3020 Latinus,
1526 2939 1997 3002 declamantium
2023 2938 2195 2998 dein-

190 3024 268 3085 de
297 3024 552 3086 auditor
586 3033 771 3106 atque
791 3032 1205 3106 praeceptor,
1251 3027 1339 3086 ad
1365 3043 1664 3086 summam
1707 3023 2066 3103 Philoloyus
2113 3019 2198 3082 ab

186 3115 377 3168 semet
412 3109 785 3170 nominatus.
860 3109 998 3190 Ipse
1032 3110 1103 3170 ad
1133 3109 1388 3170 Laelium
1417 3110 1682 3171 Hermam
1731 3108 1993 3188 scripsit,
2036 3107 2198 3166 sein

189 3192 453 3253 Graccis
494 3193 717 3254 litteris
755 3211 1045 3274 maynum
1078 3211 1446 3271 processum
1491 3191 1725 3255 habere
1768 3199 1828 3252 et
1857 3193 1922 3252 in
1957 3187 2200 3250 Latinis

187 3276 573 3351 nonnullum,
614 3277 869 3338 audisse
911 3274 1241 3338 Antonium
1273 3277 1654 3357 Gniphonem
1697 3277 1947 3356 eiusque
1963 3273 1994 3311 *
2035 3273 2195 3335 Her·

123 3377 170 3420 25
188 3376 351 3419 mam
365 3404 382 3434 ,
409 3367 637 3438 postea
660 3358 967 3423 docuisse.
1029 3360 1437 3442 Praecepisse
1467 3368 1670 3426 autem
1691 3361 1898 3421 multis
1921 3367 1980 3420 et
2003 3358 2202 3420 claris

188 3442 531 3521 iuvenibus,
554 3444 621 3504 in
641 3445 780 3525 quis
802 3442 1008 3523 Appio
1034 3462 1273 3525 quoquc
1294 3452 1356 3506 ct
1378 3444 1643 3507 Pulchro
1669 3443 1954 3506 Claudiis
1971 3440 2196 3521 fratri-

191 3525 342 3602 bus,
388 3544 645 3606 quorum
688 3529 870 3589 etiam
914 3546 1117 3589 comes
1143 3529 1210 3589 in
1246 3529 1581 3607 provincia
1616 3528 1829 3608 fuerit.
1903 3524 2197 3600 Philologi

190 3609 647 3689 appellationem
682 3614 1069 3692 assumpsisse
1092 3612 1347 3691 videtur,
1385 3615 1516 3692 quia
1547 3614 1634 3673 sic
1663 3621 1723 3672 ut
1751 3607 2202 3680 Eratosthenes,
