2700 4234
416 285 537 349 156
600 297 659 348 0.
686 296 985 348 sunrom
1010 296 1267 356 TRANQ.
1292 296 1390 343 nn
1413 296 1580 344 vrrs
1604 295 1975 344 CAESARUM
1999 285 2231 344 univ.

286 513 299 522 ,
412 457 591 517 driam
623 451 829 514 crediti
862 448 1129 510 servandi
1162 468 1337 512 causa
1377 459 1578 511 secuto
1596 494 1616 526 ,
1665 450 1882 510 crimen
1913 450 2228 509 maiestatis
2263 449 2420 529 apud

412 540 636 600 iudices
662 544 894 596 motum.
950 532 1155 593 Plures
1200 543 1406 594 notare
1449 542 1722 609 conatus,
1765 549 1972 610 magna
2016 533 2418 612 inquisitorum

414 621 787 700 neglegentia
818 617 923 679 sed
950 634 1057 677 suo
1082 619 1301 678 maiore
1324 616 1650 694 dedecore,
1678 617 1947 676 innoxios
1976 615 2104 676 fere
2132 619 2417 696 repperit,

415 706 867 788 quibuscumque
914 700 1257 762 caelibatum
1300 709 1398 761 aut
1437 700 1740 761 orbitatem
1791 709 1888 760 aut
1923 709 2248 777 egestatem
2293 700 2417 760 obi-

416 798 601 866 ceret,
632 787 899 862 maritos,
930 793 1158 863 patres,
1192 785 1502 862 opulentos
1534 802 1600 844 se
1625 783 2034 863 probantibus;
2059 801 2134 844 eo
2165 784 2416 862 quidem,
2445 800 2473 840 a

412 875 511 955 qui
542 871 769 933 sibimet
798 870 913 928 vim
952 869 1111 928 ferro
1154 868 1416 929 intulisse
1457 866 1839 946 arguebatur,
1885 868 2168 928 inlaesum
2199 885 2418 947 corpus

412 966 579 1019 veste
624 954 895 1033 deposita
938 961 1285 1012 ostentante.
1373 951 1630 1012 Fuerunt
1669 959 1728 1010 et
1769 949 1870 1012 illa
1917 953 1976 1011 in
2011 969 2258 1012 censura
2291 953 2421 1012 eius

411 1039 717 1115 notabilia,
761 1035 916 1117 quod
954 1035 1221 1096 essedum
1266 1044 1639 1112 argenteum,
1695 1044 2034 1113 sumptuose
2077 1034 2422 1096 fabricatum

414 1143 486 1186 ac
515 1121 723 1183 venale
755 1120 827 1182 ad
859 1119 1183 1195 Sigillaria,
1226 1119 1429 1179 redimi
1463 1117 1806 1196 concidique
1839 1135 2038 1179 coram
2083 1119 2419 1196 imperavit3

418 1206 688 1288 quodque
715 1220 831 1264 uno
860 1201 952 1262 die
978 1201 1094 1262 XX
1120 1201 1308 1262 edicta
1340 1203 1679 1282 proposuit,
1723 1203 1872 1262 inter
1900 1219 2048 1282 quae
2077 1202 2226 1278 duo,
2277 1217 2494 1280 quo-10

414 1309 541 1353 rum
562 1289 747 1350 altero
767 1284 1140 1364 admonebat,
1170 1295 1230 1345 ut
1259 1285 1426 1346 uberi
1453 1288 1747 1346 vinearum
1779 1295 2064 1364 proventu
2085 1285 2237 1346 bene
2267 1284 2424 1346 dolia

416 1376 775 1455 picarentur3
820 1370 1005 1430 altero
1022 1414 1041 1446 ,
1096 1369 1233 1428 nihil
1274 1387 1461 1448 aeque
1503 1369 1704 1430 facere
1759 1368 1831 1430 ad
1879 1371 2120 1449 viperae
2167 1387 2424 1428 morsum

419 1476 587 1539 quam
621 1455 739 1516 taxi
771 1453 999 1514 arboris
1029 1471 1247 1514 sucum.

341 1552 399 1607 Π
540 1538 987 1618 Expeditionem
1023 1554 1193 1597 unam
1237 1537 1468 1596 omnino
1505 1538 1794 1615 suscepit,
1843 1553 2088 1616 eamque
2118 1535 2424 1596 modicam.

419 1625 590 1700 Cum,
624 1622 879 1683 decretis
910 1621 1019 1680 sibi
1051 1639 1083 1681 a
1112 1629 1315 1681 senatu
1348 1621 1700 1680 ornamentis
1729 1619 2204 1699 triumphalibus,
2237 1619 2423 1681 levio·
2447 1631 2498 1673 15

418 1727 542 1771 rem
584 1705 867 1767 maiestati
920 1704 1225 1784 principali
1266 1703 1487 1764 titulum
1531 1702 1907 1764 arbitraretur
1953 1703 2250 1782 velletque
2290 1705 2428 1764 iusti

418 1790 687 1871 triumphi
709 1789 889 1850 decus
903 1787 1100 1863 ,unde
1118 1787 1450 1866 adquireret
1471 1786 1815 1846 Britanniam
1844 1788 2202 1866 potissimum
2217 1787 2423 1865 elegit,

418 1893 609 1954 neque
645 1880 978 1949 temptatam
1008 1870 1109 1931 ulli
1146 1879 1281 1950 post
1297 1870 1507 1930 Divum
1533 1869 1733 1931 Iulium
1755 1880 1814 1930 et
1841 1879 1976 1932 tunc
1991 1871 2426 1932 tumultuantem

420 1959 495 2020 ob
514 1974 631 2017 non
648 1953 907 2016 redditos
934 1954 1281 2031 transfugas.
1320 1953 1447 2014 Huc
1469 1971 1598 2014 cum
1615 1953 1688 2014 ab
1711 1954 1871 2015 Ostia
1889 1957 2222 2033 navigaret,
2247 1953 2424 2014 vehe-

418 2041 593 2102 menti
619 2039 797 2100 circio
823 2036 913 2096 bis
943 2055 1132 2116 paene
1155 2036 1455 2098 demersus
1481 2045 1592 2114 est,
1625 2055 1810 2116 prope
1835 2037 2124 2116 Liguriam
2146 2040 2424 2116 iuxtaque
2444 2049 2500 2094 ²0

422 2121 781 2187 Stoechadas
812 2121 1050 2182 insulas.
1109 2121 1303 2197 Quare
1336 2139 1370 2182 a
1399 2120 1654 2182 Massilia
1696 2120 2074 2183 Gesoriacum
2103 2139 2288 2201 usque
2321 2138 2426 2199 pe-

422 2208 602 2270 destri
633 2208 838 2266 itinere
870 2205 1175 2282 confecto,
1218 2204 1353 2265 inde
1386 2205 1724 2281 transmisit,
1761 2221 1832 2265 ac
1863 2207 1986 2265 sine
2025 2205 2147 2266 ullo
2190 2204 2426 2284 proelio

420 2300 515 2353 aut
539 2291 819 2368 sanguine
841 2291 989 2350 intra
1012 2289 1394 2367 paucissimos
1418 2287 1543 2348 dies
1567 2297 1730 2367 parte
1750 2288 1972 2350 insulae
1996 2290 2052 2348 in
2075 2287 2428 2348 deditionem

420 2383 696 2452 recepta,
749 2382 920 2433 sexto
1048 2390 1137 2433 am
1184 2371 1484 2451 profectus
1533 2381 1658 2432 erat
1704 2389 1903 2432 mense
1941 2372 2184 2433 Romam
2235 2371 2428 2449 rediit,

420 2456 837 2540 triumphavitq·
926 2456 1173 2516 maximo
1204 2463 1502 2534 apparatu.
1544 2454 1638 2516 Ad
1663 2457 1822 2516 cuius
1847 2455 2240 2535 spectaculum
2270 2472 2426 2516 com·
2447 2468 2502 2508 2⁵

420 2559 615 2600 meare
645 2541 703 2597 in
730 2537 932 2598 urbem
954 2556 1069 2598 non
1092 2539 1280 2598 solum
1305 2537 1672 2617 praesidibus
1697 2535 2122 2618 provinciarum
2144 2539 2428 2618 permisit,

420 2640 619 2684 verum
649 2622 819 2682 etiam
850 2621 1116 2682 exulibus
1146 2620 1514 2701 quibusdam
1563 2631 1735 2701 atque
1777 2624 1928 2682 inter
1971 2623 2202 2684 hostilia
2233 2621 2430 2701 spolia

421 2705 685 2768 navalem
708 2722 982 2766 coronam
1008 2705 1243 2783 fastigio
1265 2704 1560 2766 Palatinae
1589 2706 1790 2766 domus
1821 2708 1978 2769 iuxta
2009 2707 2254 2767 civicam
2281 2706 2430 2783 lixit,

421 2790 649 2851 traiecti
679 2799 738 2850 et
771 2791 933 2868 quasi
967 2788 1159 2850 domiti
1191 2788 1408 2850 Oceani
1453 2791 1702 2867 insigne.
1756 2788 1997 2851 Currum
2040 2791 2164 2850 eius
2204 2789 2430 2850 Messa-

421 2876 536 2936 lina
558 2891 705 2934 uxor
730 2872 1011 2953 carpento
1042 2882 1243 2934 secuta
1268 2881 1384 2946 est;
1418 2875 1604 2934 secuti
1626 2883 1685 2934 et
1706 2874 2067 2953 triumphalia
2089 2881 2432 2935 ornamenta
2451 2888 2504 2930 ao

422 2958 631 3020 eodem
655 2956 818 3017 bello
850 2956 1075 3038 adepti,
1108 2956 1214 3018 sed
1246 2958 1428 3018 ceteri
1453 2956 1700 3038 pedibus
1729 2967 1789 3018 et
1811 2959 1868 3016 in
1899 2965 2221 3037 praetexta,
2253 2955 2429 3018 Gras-

423 3062 520 3103 sus
550 3040 729 3119 Frugi
766 3058 919 3120 equo
951 3041 1256 3121 phalerato
1291 3049 1350 3101 et
1378 3042 1436 3099 in
1469 3050 1636 3102 veste
1669 3040 1944 3121 palmata,
1979 3040 2136 3122 quod
2165 3059 2295 3101 eum
2323 3039 2430 3099 ho-

422 3142 627 3185 norem
652 3127 983 3186 iteraverat.

340 3219 408 3275 18
544 3207 720 3269 Urbis
750 3225 1127 3286 annonaeque
1160 3226 1354 3270 curam
1393 3207 1807 3269 sollicitissime
1849 3225 2082 3286 semper
2107 3207 2250 3286 egit.
2285 3204 2434 3267 Cum

422 3290 743 3354 Aemiliana
772 3293 1127 3370 pertinacius
1150 3291 1449 3369 arderent,
1482 3291 1540 3351 in
1561 3291 1884 3352 diribitorio
1907 3290 2130 3352 duabus
2153 3289 2427 3351 noctibus
2450 3306 2504 3348 ss

422 3376 659 3452 mansit,
699 3392 772 3434 ac
814 3373 1123 3436 deficiente
1168 3374 1408 3436 militum
1449 3392 1518 3434 ac
1563 3374 1906 3436 familiarum
1946 3374 2148 3452 turba,
2207 3373 2428 3435 anxilio

424 3456 656 3535 plebem
687 3475 795 3536 per
815 3459 1185 3535 magistratus
1214 3477 1291 3518 ex
1318 3457 1583 3518 omnibus
1607 3460 1756 3518 vicis
1789 3460 2142 3520 convocavit
2167 3475 2238 3518 ac
2267 3459 2430 3537 posi-

422 3538 496 3597 tis
526 3548 659 3598 ante
688 3557 754 3598 se
786 3558 910 3599 cum
942 3544 1189 3620 pecunia
1218 3542 1410 3618 fiscis,
1439 3540 1512 3601 ad
1539 3541 1994 3602 subveniendum
2020 3541 2286 3602 hortatus
2313 3548 2432 3615 est,
