2700 4234
482 320 569 381 90
654 329 717 377 c.
746 329 1048 406 sumum
1076 331 1332 390 mmo.
1363 331 1462 378 nn
1485 332 1656 379 mn
1681 331 2052 380 cassinum
2071 333 2211 379 mn.
2235 333 2340 380 111.

484 503 623 546 mox
649 484 917 562 dissedit,
960 495 1023 545 et
1050 485 1341 565 aliquanto
1369 488 1642 562 gravius,
1685 494 1748 545 ut
1785 487 1956 545 etiam
1997 495 2287 565 perpetuo
2323 505 2496 547 secu·

485 569 686 646 haret,
718 572 1047 648 intercepto
1076 571 1390 630 communis
1425 570 1506 630 fili
1537 573 1786 649 pignore
1799 615 1819 646 ,
1863 571 1960 648 qui
1987 569 2294 648 Aquileiae
2323 579 2498 632 natus

484 655 673 714 infans
714 655 1003 714 extinctus
1055 662 1166 713 est.
1248 652 1498 713 Drusum
1543 655 1782 713 fratrem
1827 654 1886 712 in
1931 653 2238 714 Germania
2283 656 2496 731 amisit,

312 764 402 828 4
486 739 647 798 cuius
677 755 922 816 corpus,
966 736 1212 816 pedibus
1240 745 1366 797 toto
1393 739 1602 797 itinere
1631 735 2087 816 praegrediens,
2125 738 2368 798 Romam
2399 758 2498 798 us-

564 841 601 882 e
674 821 922 880 ervexit.
2519 841 2548 879 s

428 925 467 980 3
486 841 563 901 qu
610 841 875 966 (llivilium
908 905 1229 965 officiorum
1269 903 1604 964 rudimentis
1634 921 1840 981 regem
1869 903 2220 965 Archelaum
2253 904 2501 966 Trallia-

484 1009 594 1051 nos
622 998 684 1049 et
710 987 1062 1065 Thessalos,
1104 990 1265 1048 varia
1295 1005 1560 1067 quosque
1600 987 1676 1047 de
1709 1006 1916 1065 causa,
1959 988 2500 1070 Augu-stohcggqo-

486 1081 691 1136 scente
714 1071 1000 1140 defendit:
1032 1089 1143 1150 pro
1164 1070 1506 1131 Laodicenis
1529 1071 1894 1146 Thyatirenis
1917 1065 2096 1149 Chiis,
2121 1080 2314 1132 terrae
2335 1083 2502 1133 motu

488 1157 719 1219 afflictis
738 1173 1029 1235 opemque
1054 1154 1512 1233 implorantibus,
1536 1164 1796 1214 senatum
1823 1155 2172 1235 deprecatus
2195 1165 2318 1225 est;
2345 1155 2498 1216 Fau·

364 1276 439 1356 -ῒ
481 1245 639 1302 nium
663 1239 1040 1318 Caepionem,
1072 1241 1168 1318 qui
1194 1257 1321 1298 cum
1350 1240 1619 1300 Varrone
1645 1238 1886 1300 Murena
1912 1241 1971 1300 in
1995 1239 2320 1317 Augustum
2351 1257 2495 1300 con-
2517 1257 2571 1298 ιο

487 1327 847 1404 spiraverat,
887 1340 1049 1382 reum
1080 1323 1398 1382 maiestatis
1436 1323 1588 1402 apud
1620 1322 1844 1383 iudices
1883 1325 2029 1384 fecit
2060 1332 2123 1383 et
2147 1323 2498 1384 condemna-

397 1477 407 1488 ι
486 1411 587 1469 vit.
656 1407 929 1486 interque
974 1406 1125 1466 haec
1162 1406 1454 1485 duplicem
1495 1425 1692 1467 curam
1737 1407 2174 1485 administravit,
2229 1425 2500 1468 annonae

373 1504 438 1538 ⁴*-
488 1511 636 1572 quae
664 1492 843 1551 artior
872 1490 1183 1567 inciderat,
1216 1499 1276 1550 et
1302 1491 1802 1568 repurgandorum
1831 1499 1954 1552 tota
1979 1491 2146 1552 Italia
2169 1491 2497 1569 ergastulo-

485 1595 633 1653 rum,
662 1591 903 1655 quorum
932 1573 1143 1635 domini
1169 1575 1227 1633 in
1252 1573 1522 1634 invidiam
1549 1583 1834 1635 venerant
1859 1577 2022 1654 quasi
2051 1584 2340 1654 exceptos
2359 1593 2498 1654 sup-

486 1663 1003 1802 primerent,dnpn
1028 1658 1213 1802 ¹³ss¹OE
1238 1661 1496 1802 viatogles
1523 1659 1630 1718 sed
1669 1667 1728 1718 et
1757 1676 1904 1737 quos
1933 1661 2278 1764 sacramenti
2305 1667 2496 1720 metus
2517 1681 2570 1722 ιτ»

434 1842 468 1896 9
490 1745 561 1806 ad
590 1761 913 1906 οὲῗίσρῗιΐᾱίἒι
944 1752 2220 1905 gffimzaseggffifionzgeEmaffimfbums
2257 1827 2500 1887 militum

486 1913 657 1986 fecit,
698 1910 831 1970 dein
860 1909 1035 1970 ducto
1060 1908 1131 1969 ad
1166 1909 1461 1970 Orientem
1491 1913 1754 1971 exercitu
1786 1929 2030 1989 regnum
2057 1911 2368 1976 Armeniae
2401 1911 2496 1971 Ti-

488 1997 655 2073 grani
682 1994 933 2053 restituit
962 2011 1031 2053 ac
1060 2011 1169 2072 pro
1196 1992 1463 2053 tribunali
1491 1993 1753 2055 diadema
1779 1997 2086 2074 imposuit..
2156 1996 2407 2074 Recepit
2436 2004 2499 2054 et

489 2082 688 2157 signa,
720 2095 869 2156 quae
898 2077 974 2138 M.
1006 2074 1235 2138 Crasso·
1250 2077 1586 2138 ademerant
1610 2078 1826 2139 Parthi.
1882 2079 2023 2140 Post
2053 2078 2168 2142 hoc
2199 2077 2498 2139 Comatam
2515 2101 2572 2142 πο

176 2153 186 2162 “
312 2204 319 2213 .
384 2200 457 2222 ,Η
490 2162 731 2224 Galliam
758 2179 909 2222 anno
936 2161 1065 2221 fere
1090 2163 1273 2238 rexit,
1308 2170 1368 2220 et
1398 2160 1774 2222 barbarorum
1799 2162 2222 2224 incursionibus
2255 2172 2316 2222 et
2338 2164 2495 2240 prin—

490 2249 679 2326 cipum
730 2245 1020 2306 discordia
1068 2247 1393 2324 inquietam.
1480 2246 1631 2306 Exin
1676 2247 1976 2308 Raeticum
2013 2245 2496 2330 Yindelicumque

489 2330 731 2407 bellum,
764 2329 896 2390 inde
924 2329 1336 2407 Pannonicum,
1367 2330 1500 2402 inde
1533 2329 1930 2390 Germanicum
1955 2333 2162 2408 gessit.
2245 2330 2496 2390 Raetico

489 2425 661 2495 atque
693 2413 999 2475 Vindelico
1027 2415 1221 2490 gentis
1242 2413 1504 2492 Alpinas,
1528 2414 1862 2475 Pannonico
1892 2414 2151 2475 Breucos
2179 2423 2242 2474 et
2264 2412 2497 2474 Dalma-

489 2509 579 2559 tas
609 2497 874 2574 subegit,
920 2496 1263 2558 Germanico
1294 2497 1673 2577 quadraginta
1704 2498 1860 2558 milia
1891 2497 2287 2559 dediticiorum
2320 2499 2498 2558 traie-
2517 2520 2573 2559 25

490 2584 567 2641 cit
602 2584 659 2640 in
689 2580 929 2643 Galliam
956 2582 1227 2659 iuxtaque
1258 2583 1443 2661 ripam
1466 2581 1655 2642 Rheni
1687 2580 1920 2642 sedibus
1949 2581 2264 2660 adsignatis
2294 2580 2498 2642 conlo-

490 2665 659 2726 cavit.
748 2664 905 2739 Quas
950 2662 1026 2724 ob
1068 2681 1167 2723 res
1206 2674 1265 2725 et
1306 2683 1489 2726 ovans
1524 2674 1585 2725 et
1615 2684 1784 2726 curru
1817 2666 2018 2726 urbem
2047 2667 2350 2744 ingressus
2381 2674 2498 2743 est,

488 2751 669 2830 prius,
702 2757 763 2808 ut
795 2747 1022 2827 quidam
1051 2757 1271 2827 putant,
1307 2748 1744 2828 triumphalibus
1776 2751 2128 2811 ornamentis
2155 2749 2498 2826 honoratus,

488 2851 643 2894 novo
670 2850 781 2892 nec
814 2841 981 2906 antea
1010 2835 1273 2911 cuiquam
1304 2833 1517 2893 tributo
1547 2851 1771 2911 genere
1799 2833 2056 2894 honoris.

614 2917 985 2993 Magistratus
1014 2925 1074 2975 et
1098 2917 1369 2976 maturius
1397 2916 1692 2978 inchoavit
1723 2927 1784 2977 et
1810 2935 2000 2996 paene
2027 2919 2260 2977 iunctim
2283 2935 2498 2996 percu·
2519 2941 2576 2982 ao

490 3003 700 3078 currit,
746 3009 1110 3079 quaesturam
1122 3043 1147 3076 „
1184 3009 1544 3078 praeturam,
1591 3001 1978 3071 consulatum;
2031 3001 2502 3080 interpositoque

486 3095 753 3165 tempore
790 3083 991 3144 consul
1030 3085 1236 3144 iterum
1271 3085 1441 3144 etiam
1481 3084 1839 3145 tribuniciam
1874 3093 2221 3164 potestatem
2251 3085 2307 3144 in
2335 3085 2501 3162 quin-

405 3183 475 3236 10
488 3170 791 3249 quennium
836 3169 1085 3246 accepit.
1175 3167 1287 3229 Tot
1314 3169 1616 3247 prosperis
1649 3168 2101 3244 confluentibus,
2137 3168 2366 3245 integra
2399 3185 2502 3227 ae-

489 3262 607 3313 tate
660 3268 728 3313 ac
779 3251 1093 3313 valitudine
1138 3254 1331 3312 statuit
1380 3261 1627 3330 repente
1667 3244 1960 3312 'secedere
1998 3270 2180 3331 seque
2221 3270 2256 3311 e
2301 3249 2500 3310 medio
2541 3311 2552 3319 ,

488 3332 656 3414 'quam
697 3336 1035 3414 longissime
1076 3353 1378 3396 amovere:
1433 3336 1691 3414 dubium,
1735 3339 2012 3396 uxorisne
2051 3333 2277 3422 taedio,
2322 3352 2499 3414 quam
2517 3347 2579 3390 35
2643 3337 2650 3362 ³

488 3435 679 3497 neque
726 3421 1013 3480 criminari
1050 3428 1147 3479 aut
1190 3419 1474 3480 dimittere
1519 3419 1757 3480 auderet
1795 3439 1986 3500 neque
2029 3419 2180 3480 ultra
2221 3419 2502 3498 perferre

488 3511 721 3580 posset,
760 3521 833 3563 an
863 3512 925 3562 ut
948 3505 1127 3563 vitato
1162 3503 1508 3566 assiduitatis
1538 3503 1768 3564 fastidio
1803 3505 2201 3565 auctoritatem
2229 3502 2503 3564 absentia

488 3592 745 3645 tueretur
776 3595 945 3665 atque
978 3587 1148 3646 etiam
1180 3597 1443 3665 augeret,
1475 3589 1523 3671 si
1556 3586 1782 3666 quando
1815 3587 2157 3666 indiguisset
2188 3589 2276 3646 sui
2302 3603 2404 3646 res
2435 3605 2502 3666 p.
