2700 4234
1089 318 1351 369 orno,
1863 263 1872 269 ⁶
2115 307 2244 376 213

240 475 442 547 litavit,
469 491 596 536 cum
618 475 719 536 tali
744 477 1034 538 sacrificio
1060 476 1350 538 contraria
1377 483 1514 537 exta
1540 477 1770 555 potiora
1795 475 1944 555 sint,
1971 483 2030 536 et
2053 476 2238 556 primo

241 577 489 637 egressu
510 559 973 621 inundationibus
996 559 1229 621 Tiberis
1253 558 1612 637 retardatus,
1637 558 1710 620 ad
1740 561 2116 622 vicensimum
2152 568 2234 620 et·

239 646 349 704 iam
371 643 625 724 lapidem
652 647 816 705 ruina
842 643 1237 706 aedificiorum
1263 642 1629 724 praeclusam
1647 646 1801 705 viam
1831 644 2088 704 offendit.
2145 643 2230 704 Si·
2268 651 2303 706 9

238 728 356 788 mili
378 730 723 807 temeritate,
753 732 1014 807 quamvis
1046 727 1277 806 dubium
1312 729 1524 788 nemini
1565 738 1726 788 esset
1763 730 1900 807 quin
1933 728 2080 789 trahi
2114 726 2238 787 bel-

190 837 217 876 s
239 812 354 873 lum
376 821 703 893 oporteret,
730 812 959 892 quando
988 821 1047 872 et
1080 812 1233 873 fame
1259 819 1318 872 et
1340 813 1624 889 angustiis
1648 811 1909 872 locorum
1935 819 2242 891 urgeretur

236 898 445 975 hostie,
472 914 642 975 quam
664 899 907 977 primum
928 906 1121 958 tamen
1156 895 1468 956 decertare
1503 897 1728 973 statuit,
1768 898 1894 956 sive
1931 897 2238 977 impatiens

236 982 523 1059 longioris
549 980 959 1043 sollicitudinis
986 996 1354 1062 speransque
1385 989 1517 1040 ante
1542 980 1747 1041 Vitelli
1773 980 2080 1041 adventum
2106 997 2238 1058 pro-

234 1066 426 1143 ssigari
462 1065 767 1145 plurimum
792 1084 997 1147 posse,
1022 1067 1151 1125 sive
1176 1066 1362 1143 impar
1384 1064 1624 1123 militum
1649 1063 1841 1125 ardori
1867 1081 2120 1145 pugnam
2139 1062 2237 1123 de-

236 1151 619 1231 poscentium.
682 1148 811 1211 Nec
834 1150 939 1210 ulli
964 1167 1196 1230 pugnae
1220 1147 1381 1208 affuit
1403 1147 1777 1226 substititque
1799 1147 2062 1208 Brixelli.

166 1257 216 1298 ιο
363 1232 439 1294 Et
462 1233 645 1293 tribus
666 1234 898 1312 quidem
936 1251 1139 1293 verum
1170 1230 1566 1292 mediocribus
1607 1231 1832 1311 proelis
1871 1231 2023 1312 apud
2049 1231 2241 1311 Alpes

234 1317 509 1397 circaque
528 1317 881 1380 Placentiam
904 1327 963 1378 et
984 1317 1057 1378 ad
1082 1315 1366 1391 Castoris,
1391 1316 1548 1395 quod
1570 1315 1708 1376 loco
1745 1333 1958 1377 nomen
1991 1325 2082 1375 est
2097 1361 2114 1393 ,
2154 1317 2239 1375 vi·

235 1405 343 1472 cit;
376 1403 696 1462 novissimo
730 1405 1097 1481 maximoque
1142 1399 1294 1480 apud
1326 1399 1656 1461 Betriacum
1693 1400 1896 1462 fraude
1931 1408 2239 1480 superatus

234 1496 344 1564 est,
364 1504 497 1547 cum
522 1505 630 1567 spe
653 1488 953 1566 conloquii
984 1487 1168 1563 facta,
1196 1486 1362 1564 quasi
1387 1484 1462 1545 ad
1492 1483 1882 1546 conditionem
1909 1486 2070 1563 pacis
2097 1484 2240 1544 mili·

231 1571 387 1631 tibus
412 1571 657 1647 eductis,
683 1573 1083 1652 exinproviso
1107 1578 1282 1648 atque
1312 1569 1373 1627 in
1411 1571 1541 1649 ipsa
1583 1569 2044 1630 consalutatione
2080 1567 2239 1628 dimi·-

164 1671 215 1714 15
236 1654 480 1715 candum
501 1655 728 1714 fuisset.
793 1655 885 1715 Ac
918 1657 1107 1716 statim
1142 1651 1427 1713 moriendi
1464 1654 1740 1732 impetum
1763 1654 1954 1732 cepit,
1989 1661 2050 1712 ut
2079 1651 2242 1712 multi

234 1757 347 1798 nec
378 1739 588 1798 frustra
613 1741 945 1817 opinantur,
969 1740 1159 1816 magis
1184 1735 1410 1817 pudore
1433 1755 1506 1796 ne
1523 1745 1683 1796 tanto
1706 1753 1898 1797 rerum
1921 1736 2238 1797 hominum·

236 1840 351 1902 que
376 1822 638 1902 periculo
664 1822 1110 1883 dominationem
1134 1821 1247 1881 sibi
1272 1837 1547 1882 asserere
1585 1830 2032 1900 perseveraret,
2071 1838 2241 1900 quam

237 1905 653 1986 desperatione
676 1906 794 1967 ulla
819 1915 915 1966 aut
936 1905 1255 1967 diffidentia
1273 1907 1606 1986 copiarum;
1636 1908 1858 1986 quippe
1879 1905 2131 1965 residuis
2154 1905 2238 1965 in·
2321 1963 2326 1966 .

234 1992 539 2069 tegi-isque
564 1993 735 2052 etiam
764 2009 915 2050 nunc
938 2007 1081 2069 quas
1107 2006 1306 2050 secum
1332 1989 1408 2051 ad
1442 1990 1734 2051 secundos
1774 2008 1946 2051 casus
1984 1989 2238 2050 detinue-

161 2093 217 2135 πο
237 2083 347 2153 rat,
373 2083 432 2135 et
454 2074 1001 2154 supervenientibus
1024 2073 1154 2135 aliis
1188 2092 1223 2132 e
1248 2073 1531 2134 Dalmatia
1550 2074 1960 2152 Pannoniaque
1997 2082 2058 2132 et
2079 2073 2238 2135 Moe·

250 2161 357 2238 sia,
382 2175 455 2219 ne
475 2161 647 2220 victis
669 2158 900 2238 quidem
921 2157 1071 2219 adeo
1096 2157 1325 2218 afflictis
1346 2167 1410 2218 ut
1441 2175 1556 2219 non
1587 2160 1646 2218 in
1678 2159 1952 2220 ultionem
1996 2159 2238 2235 ignomi-

232 2244 364 2302 niae
388 2243 619 2322 quidvis
640 2243 990 2305 discriminis
1020 2242 1175 2303 ultro
1200 2250 1259 2302 et
1279 2242 1379 2302 vel
1407 2240 1572 2302 solae
1593 2243 1870 2302 subirent.

358 2326 623 2387 Interfuit
652 2327 787 2388 huic
817 2327 979 2386 bello
1010 2335 1179 2406 pater
1204 2343 1370 2387 meus
1407 2326 1716 2386 Suetonius
1749 2325 1991 2402 Laetus,
2031 2327 2236 2387 tertiae
2255 2337 2323 2388 10

236 2409 499 2472 decimae
522 2410 779 2487 legionis
801 2409 1065 2471 tribunus
1093 2410 1575 2488 angusticlavius.
1622 2410 1680 2470 Is
1705 2427 1840 2472 mox
1861 2409 2086 2470 referre
2115 2428 2236 2471 cre·

164 2511 223 2553 25
240 2494 351 2554 bro
388 2493 639 2572 solebat,
672 2494 959 2555 Othonem
982 2497 1154 2555 etiam
1181 2495 1463 2574 privatum
1485 2511 1672 2573 usque
1713 2493 1862 2556 adeo
1896 2494 2239 2555 detestatum

242 2578 439 2640 civilia
464 2595 644 2656 arma,
676 2587 737 2638 ut
756 2589 1113 2640 memorante
1140 2578 1390 2658 quodam
1411 2581 1564 2640 inter
1581 2579 1788 2659 epulas
1815 2577 1886 2638 de
1907 2577 2076 2639 Cassi
2101 2579 2237 2639 Bru·

238 2664 401 2743 tique
428 2665 586 2724 exitu
618 2663 1018 2732 cohorruerit;
1055 2681 1169 2724 nec
1204 2680 1618 2725 concursurum
1651 2680 1780 2726 cum
1811 2662 1992 2725 Galba
2032 2663 2237 2741 fuisse,
2351 2722 2361 2733 ,

239 2748 353 2806 nisi
386 2747 711 2808 confideret
742 2749 869 2808 sine
892 2747 1053 2809 bello
1090 2765 1215 2806 rem
1246 2748 1492 2826 transigi
1522 2763 1731 2826 posse:
1772 2756 1908 2807 tunc
1936 2745 2006 2806 ad
2045 2746 2238 2827 despi-

243 2830 502 2892 ciendam
548 2833 727 2893 vitam
765 2830 1040 2911 exemplo
1074 2833 1452 2912 manipularis
1485 2832 1682 2892 militis
1719 2832 2104 2907 concitatum,
2142 2832 2240 2910 qui

162 2931 219 2974 so
244 2933 374 2975 cum
398 2914 622 2976 cladem
650 2917 947 2977 exercitus
972 2917 1261 2976 nuntiaret
1279 2933 1394 2976 nec
1419 2918 1684 2996 cuiquam
1705 2914 1876 2976 fldem
1901 2913 2144 2992 faceret,
2169 2933 2240 2976 ac

237 3017 391 3058 nunc
410 3001 675 3063 mendaci
696 3017 847 3060 nunc
870 3001 1092 3060 timoris
1117 3002 1283 3078 quasi
1305 3001 1558 3077 fugisset
1593 3019 1670 3062 ex
1703 3000 1834 3060 acie
1871 3007 2237 3077 argueretur,

237 3081 437 3161 gladio
462 3093 595 3144 ante
624 3083 807 3163 pedes
830 3085 955 3145 eius
978 3083 1322 3146 incubuerit.
1367 3083 1498 3145 Hoc
1518 3088 1648 3146 viso
1681 3081 2080 3164 proclamasse
2111 3099 2240 3143 eum

239 3167 458 3249 aiebat,
477 3185 595 3227 non
617 3167 865 3247 amplius
892 3185 959 3227 se
984 3167 1041 3226 in
1065 3169 1388 3247 periculum
1408 3167 1540 3230 talis
1565 3179 1794 3248 tamque
1823 3165 1976 3226 bene
1999 3167 2240 3228 meritos

238 3253 655 3312 coniecturum.

162 3355 217 3397 ss
361 3333 627 3397 Fratrem
646 3335 826 3412 igitur
858 3335 1171 3414 fratrisque
1192 3335 1370 3396 filium
1406 3344 1464 3396 et
1497 3335 1760 3415 singulos
1795 3335 2108 3396 amicorum
2137 3351 2237 3396 co-

230 3421 500 3483 hortatus
522 3428 585 3479 ut
606 3417 715 3478 sibi
740 3419 989 3497 quisque
1019 3438 1123 3499 pro
1146 3419 1424 3480 facultate
1457 3419 1821 3497 consuleret,
1854 3419 1928 3478 ab
1967 3420 2240 3499 amplexu

232 3515 293 3564 et
316 3501 527 3567 osculo
554 3520 660 3563 suo
688 3501 901 3562 dimisit
925 3504 1131 3578 omnis,
1158 3511 1510 3582 secretoque
1535 3513 1712 3584 capto
1736 3503 1908 3562 binos
1931 3501 2239 3564 codicillos

232 3594 530 3664 exaravrt,
556 3585 627 3646 ad
650 3601 916 3647 sororem
933 3585 1391 3666 consolatorios,
1419 3587 1562 3648 etad
1575 3585 1947 3648 Messalinam
1959 3585 2238 3662 Neronis,
