2700 4234
957 364 1368 412 PRAEFATIO.
1946 366 2067 415 Lxx

237 545 263 581 a
299 523 562 598 plurimis
591 522 894 597 inspectus.
973 522 1183 580 Primus
1215 523 1359 580 enim
1393 522 1450 578 P.
1484 522 1747 591 Pithoeus
1779 524 1847 580 ad
1880 523 2058 582 Taciti

233 609 522 679 dialogum
547 624 596 663 a.
632 614 767 669 1580
800 607 1005 663 editum
1029 608 1176 664 hune
1203 608 1411 663 librum
1444 604 1773 682 (exemplar
1805 607 2060 665 Italicum

233 687 400 763 dicit)
436 690 738 756 consuluit,
771 690 956 746 ct'r.A.
983 691 1044 745 E.
1061 691 1250 763 Egger
1277 692 1333 746 in
1345 690 1767 747 limaret-manni
1784 692 2059 789 zeitschr:

233 776 267 829 f.
301 775 356 832 d.
387 773 544 829 Aw.
578 780 714 835 1836
749 790 804 846 p.
835 779 934 835 337
965 791 1089 847 sqq.
1123 776 1224 831 sed
1250 774 1625 831 Suetonianae
1661 790 1883 847 quoque
1909 780 2060 849 parta

231 859 430 913 eodem
463 873 613 914 anno
645 873 872 929 operam
901 858 1082 915 datam
1112 858 1282 915 lectio
1313 860 1561 929 incipere
1588 876 1643 931 p.
1677 864 1801 929 271,
1836 864 1902 918 14
1928 877 2062 933 per-

230 944 464 1013 suadet,
506 958 540 997 a
574 939 808 997 Pithone
839 941 896 996 in
927 941 1274 1015 praefatione
1309 942 1377 998 ad
1414 941 1743 1008 Quintiliani
1779 943 2077 999 declama··

230 1026 416 1082 tiones
447 1042 480 1080 e
518 1030 620 1081 vet.
645 1039 746 1080 suo
776 1028 1092 1098 exemplari
1112 1020 1441 1100 proditnffi).
1533 1026 1823 1083 Secundus
1854 1035 1941 1084 est
1968 1028 2057 1083 la-

232 1110 408 1165 cobus
430 1107 802 1180 Bongarsius‚
839 1110 998 1177 cuius
1019 1110 1375 1166 collationem
1406 1110 1477 1166 ad
1503 1109 1785 1179 margines
1799 1108 2054 1167 Pulman·

233 1193 430 1249 nianae
473 1191 743 1248 editionis
791 1192 1126 1266 adscriptam
1167 1192 1526 1249 casaubonus
1570 1210 1621 1249 a.
1660 1199 1791 1253 1595
1836 1193 2055 1267 accepit

236 1281 293 1330 et
323 1291 434 1345 ego
460 1274 743 1331 beneficio
778 1274 838 1331 C.
870 1277 924 1331 L.
960 1276 1102 1331 Stoi
1128 1275 1290 1347 geri
1312 1277 1379 1331 V.
1416 1275 1474 1331 C.
1508 1276 1887 1333 bibliothecae
1918 1279 2055 1335 Ber-

235 1357 428 1414 nensis
459 1356 734 1430 praefecti
765 1358 912 1414 domi
945 1360 1132 1417 habui.
1199 1360 1412 1416 Deinde
1446 1378 1495 1418 a.
1531 1366 1665 1420 1610
1694 1358 2053 1418 casaubonus

233 1441 436 1497 librum
483 1442 665 1513 ipsum
727 1458 757 1497 a
801 1439 972 1500 Paulo
1021 1442 1248 1501 Petavio
1319 1444 1720 1500 commodatum
1784 1444 2051 1516 inspexit.

231 1524 428 1581 Postea
467 1525 652 1581 Isaaci
685 1524 878 1581 Vossii
911 1527 1174 1597 collatio,
1209 1544 1351 1599 quae
1382 1528 1583 1583 Leidae
1618 1534 1963 1599 asservatur,
2000 1535 2057 1585 et

227 1608 542 1665 Burmanno
590 1614 646 1663 et
673 1606 1070 1682 Oudendorpio
1113 1617 1341 1683 praesto
1377 1609 1499 1665 fuit.
1584 1608 1789 1666 Nostro
1824 1613 2055 1668 saeculo

224 1692 500 1749 Friderici
530 1691 684 1762 Aug.
716 1690 882 1748 Wolf
905 1694 1169 1765 precibus
1203 1695 1505 1750 obsecutus
1534 1692 1765 1748 Lecluse
1786 1733 1802 1761 ,
1848 1694 2052 1750 deinde

224 1792 374 1831 suam
407 1776 724 1833 editionem
763 1791 1106 1848 praeparans
1136 1776 1350 1846 Osann,
1394 1776 1634 1847 denique
1678 1792 1731 1831 a.
1766 1781 1901 1835 1855
1943 1793 2053 1847 ego

223 1865 277 1915 et
295 1858 679 1917 amicissimus
710 1859 1013 1915 Iacobus
1050 1860 1098 1917 H
1111 1861 1413 1916 unziker
1448 1856 1877 1930 dilig-entissime
1902 1876 2053 1917 com-

221 1944 571 2015 paravimus.

340 2027 441 2083 His
483 2026 730 2099 scriptis
763 2026 926 2083 libris
971 2027 1250 2085 editiones
1284 2028 1591 2100 impressae
1634 2026 1903 2083 addantur
1935 2029 2049 2083 In·

223 2117 414 2168 certa
456 2117 514 2166 et
559 2110 828 2167 Veneta
867 2128 914 2167 a.
947 2116 1104 2183 1474,
1139 2113 1198 2167 in
1238 2112 1436 2185 quibus
1472 2116 1528 2166 et
1559 2108 1701 2181 ipsis
1737 2110 1913 2167 Index
1948 2111 2050 2168 de-

225 2193 519 2251 sideratur.

353 2389 452 2453 36)
498 2386 820 2436 Difficillima
861 2386 1088 2451 quaestio
1129 2387 1242 2436 visa
1284 2394 1363 2436 est
1406 2386 1470 2437 de
1515 2386 1713 2439 Pithoei
1754 2387 1926 2438 codice
1956 2388 2048 2438 ali-

227 2472 346 2520 quo,
401 2472 557 2521 quem
604 2454 670 2504 N.
705 2455 864 2504 Faber
895 2455 962 2505 ad
1005 2454 1070 2504 Μ.
1105 2454 1348 2505 Senecam
1381 2454 1661 2518 rhetorem,
1716 2455 2047 2507 casaubonus

223 2526 274 2573 in
303 2532 519 2589 utraque
560 2523 805 2586 editione,
841 2523 1073 2573 Andreas
1111 2521 1347 2573 Schottus
1376 2521 1431 2573 in
1470 2523 1919 2576 observationibus
1950 2524 2047 2575 hu·

225 2592 383 2644 manis
429 2608 481 2657 p.
524 2591 598 2643 28
645 2606 758 2656 sqq.
805 2592 1118 2657 Bongarsius
1164 2592 1216 2641 in
1263 2592 1495 2660 exemplo
1536 2593 1783 2644 Bernensi
1824 2608 2045 2645 comme·

223 2670 578 2723 moraverunt,
618 2673 766 2710 nemo
803 2660 943 2711 vidit.
1017 2660 1090 2712 Ea
1121 2659 1393 2712 difficultas
1430 2663 1531 2711 iam
1563 2663 1729 2713 soluta
1761 2670 1865 2725 est,
1902 2671 2045 2735 post-

225 2744 370 2793 quam
420 2730 630 2787 Veneta
684 2728 838 2781 editio
887 2742 932 2777 a.
980 2729 1116 2779 1474
1168 2743 1196 2777 e
1247 2731 1471 2781 tenebris
1518 2731 1738 2781 emersit.
1812 2730 1943 2781 Nam
1991 2738 2046 2781 ut

227 2799 394 2863 paucis
429 2798 701 2849 absolvam
733 2813 839 2847 rem
869 2796 1039 2848 multis
1069 2797 1240 2847 verbis
1267 2812 1367 2847 non
1394 2798 1620 2864 dignam,
1659 2814 1691 2848 a
1721 2798 1929 2849 Pithoeo
1956 2814 2047 2849 ex-

227 2867 440 2930 emplum
486 2866 702 2931 aliquod
745 2866 1046 2932 impressum
1085 2865 1511 2917 conscribillatum
1562 2867 1659 2916 fuit
1693 2865 2045 2917 collationibus

225 2934 451 2992 duabus,
507 2936 675 2986 altera
721 2934 835 2984 libri
872 2934 1089 2984 Parisini
1137 2934 1301 2995 7773,
1354 2937 1512 2985 altera
1550 2934 1785 2985 editionis
1821 2936 2044 2985 Venetae
2142 2932 2159 2947 ⁶

224 3018 270 3054 a.
310 3003 462 3055 1474.
507 2999 652 3053 'Eae
687 3003 819 3052 duae
849 3003 1140 3053 collationes
1175 3016 1292 3053 cum
1322 3020 1350 3051 a
1385 3004 1595 3055 Pithoeo
1631 3004 1844 3053 obscure
1879 3004 2045 3069 signi-

223 3070 396 3121 ficatae
423 3078 633 3133 essent,
673 3070 864 3121 factum
895 3077 973 3121 cst
1009 3079 1064 3120 ut
1106 3071 1192 3135 qui
1225 3071 1312 3123 illo
1343 3073 1577 3140 exemplo
1606 3079 1868 3122 uterentur
1890 3072 2040 3123 modo

225 3144 366 3189 notas
403 3139 786 3191 confunderent
822 3139 977 3205 (sicut
1007 3154 1120 3189 cum
1153 3154 1205 3205 p.
1243 3141 1362 3202 257,
1396 3140 1463 3192 23
1506 3143 1799 3203 recitarent,
1832 3156 1884 3206 p.
1920 3139 2039 3202 266,

224 3207 255 3255 2
283 3210 488 3266 animos,
525 3222 662 3273 quae
697 3208 936 3259 lectiones
968 3208 1021 3258 in
1053 3206 1284 3259 Parisino
1322 3210 1657 3277 reperiuntur,
1694 3225 1721 3258 e
1750 3208 1948 3259 Pithoei
1983 3209 2042 3258 li·

223 3276 320 3341 brq
347 3276 655 3339 attulerunt)
690 3276 842 3328 modo
874 3275 1070 3327 Pithoei
1095 3278 1414 3328 membranas
1444 3278 1756 3343 appellarent
1794 3291 1923 3340 quae
1956 3291 2042 3325 ve-

223 3350 302 3393 tus
333 3345 489 3395 editio
530 3345 751 3395 dicenda
797 3345 909 3395 fuit.
984 3346 1058 3395 De
1092 3344 1334 3397 universa
1368 3362 1425 3396 re
1462 3360 1563 3395 non
1601 3346 1730 3396 falso
1772 3360 1867 3396 nos
1909 3344 2043 3395 iudi-

223 3426 389 3474 casse,
421 3414 758 3480 comprobent
788 3414 1026 3464 lectiones
1058 3431 1111 3481 p.
1153 3414 1271 3474 259,
1307 3414 1375 3467 18
1408 3418 1683 3479 principem
1706 3414 1893 3466 Romae
1914 3452 1929 3477 ,
1972 3412 2042 3464 20

225 3480 515 3544 declarare,
554 3480 625 3533 32
645 3483 907 3545 infantiam
915 3500 938 3543 ,-
972 3498 1022 3548 p.
1040 3483 1160 3545 262,
1195 3482 1230 3533 8
1259 3499 1427 3533 rernm
1448 3484 1779 3535 Romanarum
1788 3502 1812 3545 ,·
1842 3499 1893 3549 p.
1920 3481 2040 3540 266,

226 3547 290 3598 19
321 3552 560 3601 militarie
599 3566 785 3609 verna,·
839 3566 890 3617 p.
931 3552 1048 3613 267,
1085 3551 1119 3603 9
1155 3550 1242 3601 Sic
1277 3568 1383 3603 cum
1416 3550 1603 3603 Romae
1644 3567 1895 3617 nusquam
1942 3550 2041 3601 nisi

221 3618 352 3681 apud
385 3618 662 3670 Pithoeum
697 3627 746 3669 et
781 3620 832 3669 in
863 3620 1052 3669 Veneta
1079 3620 1298 3671 editione
1333 3621 1589 3675 inventae.

1847 0 2653 249 ἯΨῨ,
