2700 4234
1048 339 1109 389 O.
1153 341 1520 390 CALIGULA.
2177 338 2295 402 137

279 509 407 552 rum
444 499 508 550 ut
541 492 702 552 irrita
740 499 799 552 et
828 511 1003 570 vana,
1059 512 1452 574 quoscumque
1487 497 1612 576 quis
1643 497 1864 558 diceret
1895 498 2115 562 herede
2148 502 2290 566 Cae-

282 593 417 635 sare
445 576 590 635 mori
621 573 962 636 destinasse.
1041 577 1169 654 Quo
1198 587 1353 638 metu
1382 579 1596 646 iniecto
1632 600 1758 642 cum
1787 584 1896 642 iam
1926 593 1984 643 et
2025 585 2096 646 ab
2127 587 2289 666 igno-

282 660 358 720 tis
390 660 542 718 inter
569 658 887 720 familiares
919 669 977 720 et
1020 679 1053 721 a
1084 662 1421 740 parentibus
1451 665 1599 723 inter
1629 665 1848 726 liberos
1889 667 2079 746 palam
2114 669 2290 732 heres

278 751 740 821 nuncuparetur,
795 742 1090 806 derisores
1121 744 1403 823 vocabat,
1459 746 1611 826 quod
1645 758 1776 826 post
1806 754 2289 832 nuncupationem

227 844 256 886 5
278 828 480 886 vivere
534 837 1019 906 perseverarent,
1076 837 1145 889 et
1198 830 1390 890 multis
1443 841 1759 893 venenatas
1815 843 2056 896 matteas
2114 840 2284 898 misit.

278 907 704 987 Cognoscebat
754 920 942 972 autem
993 911 1065 972 de
1115 912 1326 973 talibus
1378 915 1594 993 causis,
1651 924 1846 977 taxato
1904 919 2062 997 prius
2110 921 2284 982 modo

276 1012 531 1056 summae
566 993 636 1054 ad
669 1012 839 1075 quem
868 996 1283 1057 conficiendum
1326 997 1685 1078 consideret,
1747 1000 2018 1062 confecto
2061 1003 2286 1065 demum

274 1077 658 1140 excitabatur.
746 1077 839 1154 Ac
870 1097 944 1139 ne
986 1079 1275 1159 paululum
1305 1081 1532 1160 quidem
1565 1099 1760 1144 morae
1793 1085 2052 1163 patiens,
2106 1107 2285 1167 super

274 1161 659 1240 quadraginta
699 1180 839 1224 reos
884 1162 1169 1242 quondam
1214 1183 1289 1224 ex
1328 1165 1574 1226 diversis
1627 1166 1953 1228 criminibus
2001 1188 2110 1232 uua
2154 1190 2279 1232 sen-

195 1258 253 1300 12
276 1247 461 1305 tentia
501 1245 933 1324 condemnavit,
984 1247 1382 1328 gloriatusque
1425 1257 1516 1309 est
1559 1250 1981 1329 expergefacta
2015 1272 2048 1314 e
2079 1271 2280 1316 somno

274 1326 600 1405 Caesonia,
624 1391 633 1396 ,
655 1337 945 1409 quantum
971 1330 1226 1410 egisset,
1274 1331 1418 1392 dum
1448 1350 1524 1392 ea
1550 1334 1929 1396 meridien-et.

398 1411 687 1473 Auctione
738 1416 1075 1494 proposita,
1162 1415 1436 1496 reliquias
1506 1419 1750 1477 omnium
1810 1420 2279 1497 spectaculorum

269 1496 521 1557 subiecit
553 1515 623 1558 ac
662 1499 1007 1575 venditavit,
1062 1500 1373 1579 exquirens
1416 1518 1524 1578 per
1559 1519 1625 1560 se
1659 1503 1848 1580 pretia
1883 1511 1942 1563 et
1984 1522 2164 1583 usque
2205 1522 2275 1566 eo

270 1580 633 1658 extendens,
694 1591 754 1643 ut
794 1580 1019 1661 quidam
1059 1585 1337 1643 immenso
1393 1585 1586 1644 coacti
1638 1584 1915 1663 quaedam
1957 1602 2154 1647 emere
2207 1607 2278 1649 ac

194 1678 250 1719 ιε
271 1665 445 1724 bonis
484 1667 642 1724 exuti
684 1683 863 1726 venas
908 1664 1018 1726 sibi
1072 1665 1412 1726 inciderent.
1497 1666 1650 1728 Nota
1709 1685 1806 1728 res
1869 1677 1988 1746 est,
2041 1669 2275 1749 Aponio

271 1749 581 1809 Saturnino
616 1748 765 1809 inter
794 1749 1069 1810 subsellia
1116 1749 1486 1828 dormitante,
1547 1751 1820 1811 monitum
1852 1769 1884 1811 a
1919 1750 2062 1813 Gaio
2109 1771 2274 1832 prae·

272 1850 481 1894 conem
526 1850 600 1892 ne
649 1835 999 1910 praetorium
1049 1836 1231 1894 virum
1282 1833 1492 1894 crebro
1543 1836 1749 1913 capitis
1789 1843 1944 1896 motu
1985 1845 2277 1898 nutantem

269 1915 389 1986 sihi
418 1919 793 1994 praeteriret,
848 1935 961 1977 nec
996 1917 1207 1978 licendi
1246 1919 1416 1978 finem
1456 1918 1706 1996 factum,
1765 1919 1953 1997 quoad
1997 1919 2275 1980 tredecim

268 1997 633 2076 gladiatores
682 2004 953 2062 sestertio
1016 2003 1297 2079 nonagies
1358 2003 1644 2080 ignoranti
1701 2002 2122 2064 addicerentur.
2208 2003 2357 2064 1n39

185 2093 247 2135 ²⁰
273 2083 466 2144 Gallia
496 2100 755 2163 quoque,
812 2102 938 2144 cum
977 2084 1361 2146 damnatarum
1405 2103 1668 2146 sororum
1712 2095 2044 2147 ornamenta
2081 2096 2139 2147 et
2181 2106 2270 2147 su·

267 2166 631 2246 pellectilem
674 2176 749 2228 et.
775 2187 983 2229 servos
1022 2177 1195 2249 atque
1237 2169 1408 2228 etiam
1451 2168 1693 2229 libertos
1737 2171 2026 2229 immensis
2071 2171 2273 2248 pretiis

263 2249 654 2328 vendidisset,
716 2253 984 2313 invitatus
1039 2252 1240 2329 lucro,
1322 2250 1594 2331 quidquid
1641 2253 1998 2312 instrumenti
2055 2253 2274 2312 veteris

266 2333 437 2396 aulae
485 2342 614 2395 erat
653 2333 724 2395 ab
779 2335 920 2396 urbe
971 2337 1238 2415 repetiit,
1307 2337 1670 2413 comprensis
1723 2335 1794 2395 ad
1856 2334 2274 2413 deportandum

263 2419 578 2479 meritoriis
612 2436 843 2499 quoque
882 2419 1165 2480 vehiculis
1198 2428 1255 2479 et
1296 2417 1737 2498 pistrinensibus
1779 2421 2071 2496 iumentis,
2125 2417 2270 2478 adeo

181 2511 332 2562 καὶ
382 2511 441 2562 et
483 2503 647 2581 panis
699 2503 921 2564 Romae
960 2521 1141 2582 saepe
1183 2502 1465 2563 deiiceret
1505 2510 1562 2562 et
1595 2502 1948 2578 litigatorum
1981 2500 2269 2581 plerique,

268 2584 430 2665 quod
457 2603 771 2647 occurrere
801 2587 1073 2648 absentes
1105 2586 1175 2648 ad
1202 2585 1582 2648 vadimonium
1624 2603 1740 2645 non
1769 2595 2040 2665 possent,
2097 2602 2272 2646 causa

266 2669 566 2730 caderent.
657 2668 761 2731 Cui
802 2672 1175 2732 instrumento
1218 2669 1586 2731 distrahendo
1630 2669 1766 2730 nihil
1810 2687 1923 2730 non
1953 2668 2170 2730 fraudis
2200 2685 2271 2728 ac

263 2753 544 2814 lenocinii
576 2753 847 2833 adhibuit,
880 2753 1053 2815 modo
1085 2754 1359 2814 avaritiae
1389 2753 1650 2829 singulos
1683 2755 1992 2833 increpans
2031 2761 2089 2812 et
2117 2751 2271 2830 quod

267 2853 389 2896 non
422 2836 665 2916 puderet
702 2856 807 2899 eos
863 2838 1287 2916 locupletiores
1338 2854 1470 2896 esse
1507 2854 1674 2916 quam
1715 2854 1818 2913 se,
1870 2834 2044 2895 modo
2073 2836 2271 2914 paeni-

182 2931 245 2975 30
269 2921 509 2980 tentiam
559 2922 829 2983 simulans
882 2921 1036 3001 quod
1088 2919 1485 3000 principalium
1531 2938 1724 2980 rerum
1771 2919 2010 2997 privatis
2046 2917 2273 2997 copiam

262 3003 515 3066 faceret.
604 3003 987 3085 compererat
1028 3003 1445 3084 provincialem
1487 3002 1841 3082 locupletem
1892 3000 2136 3062 ducenta
2181 3020 2271 3061 se-

264 3089 471 3150 stertia
530 3107 865 3151 numerasse
926 3087 1327 3164 vocatoribus,
1393 3095 1452 3147 ut
1499 3105 1608 3165 per
1667 3085 1974 3146 fallaciam·
2005 3085 2271 3145 convivio

262 3175 773 3252 interponeretur,
822 3191 933 3234 nec
963 3172 1171 3234 tulerat
1195 3170 1445 3232 moleste
1469 3179 1582 3230 tam
1604 3187 1818 3246 magno
1850 3169 2136 3230 aestimari
2167 3166 2268 3228 ho-

262 3273 471 3316 norem
518 3275 733 3317 caenae
781 3275 953 3326 suae;
1013 3255 1145 3316 huic
1184 3263 1427 3334 postero
1473 3253 1564 3314 die
1625 3252 1851 3313 sedenti
1905 3253 1961 3312 in
2007 3251 2272 3312 auctione

182 3341 449 3418 amisit,
509 3341 606 3420 qui
634 3342 836 3401 nescio
873 3339 1007 3419 quid
1046 3339 1239 3400 frivoli
1272 3337 1534 3398 ducentis
1565 3337 1792 3398 milibus
1835 3333 2089 3396 traderet
2120 3333 2247 3394 dice

260 3432 509 3504 retque,
572 3433 939 3484 caenaturum
970 3421 1119 3502 apud
1152 3419 1464 3482 Caesarem
1495 3431 1704 3482 vocatu
1731 3421 1931 3499 ipsius.

388 3507 727 3584 Vectigalia
767 3524 919 3568 nova
961 3514 1133 3585 atque
1182 3503 1430 3567 inaudita
1485 3507 1728 3583 primum
1761 3521 1870 3584 per
1912 3501 2359 3582 publicanorum

264 3591 515 3668 deinde,
575 3591 705 3670 quia
743 3589 965 3650 lucrum
1010 3587 1400 3665 exuberabat,
1445 3606 1554 3668 per
1587 3588 1955 3648 centuriones
1992 3583 2274 3644 tribunos-
