2700 4234
1178 348 1389 397 nuno.
2172 337 2289 400 ¹87

285 513 348 565 ut
373 503 616 580 assolet,
647 503 759 563 iam
793 500 1033 579 grandis
1067 511 1201 562 natu
1232 521 1339 582 per
1370 501 1676 563 blanditias
1705 503 1858 563 forte
1891 503 2162 564 dixisset:
2191 502 2288 563 St·-

284 587 413 648 mul
449 586 613 647 hanc
664 602 1005 663 excepero,
1052 586 1219 645 mori
1255 587 1431 648 volo.-
1487 604 1810 646 conversus
1865 586 1937 647 ad
1988 588 2288 666 proximos

284 669 609 749 confestim
637 689 708 730 se
729 668 1078 748 positurum
1113 669 1272 729 velut
1302 669 1548 729 irridens
1581 671 1686 746 ait,
1719 673 2136 748 praecepitque
2169 688 2286 730 me·

284 755 431 816 dicis
474 763 533 814 ut
580 754 801 832 largius
845 761 1164 832 purgarent
1201 770 1471 831 aegram,
1514 753 1758 814 necdum
1788 752 2096 813 defunctae
2131 753 2286 813 bona

235 849 263 890 ὅ
282 838 521 916 invasit,
555 853 877 918 suppresso
907 845 1283 913 testamento,
1320 855 1394 896 ne
1426 836 1561 915 quid
1591 835 1959 897 abscederet.

404 923 645 984 Uxores
675 929 912 1001 praeter
946 920 1245 981 Octaviam
1275 920 1417 980 duas
1449 928 1656 1000 postea
1705 920 1898 981 duxit:
1946 921 2279 1001 Poppaeam
2301 938 2368 992 35

280 1006 583 1083 Sabinam,
637 1005 972 1084 quaestorio
1006 1013 1172 1083 patre
1200 1011 1390 1064 natam
1422 1011 1481 1064 et
1513 1004 1695 1082 equiti
1719 1004 1791 1065 R.
1821 1013 1990 1065 antea
2024 1015 2280 1083 nuptam,

280 1089 491 1150 deinde
522 1089 800 1149 Statiliam
827 1088 1227 1164 Messalinam,
1259 1087 1433 1148 Tauri
1464 1087 1553 1146 bis
1586 1088 1843 1148 consulis
1869 1105 1942 1147 ac
1971 1088 2280 1166 triumpha·

279 1175 354 1234 lis
384 1172 714 1252 abneptem.
775 1172 904 1247 Qua
949 1179 1010 1231 ut
1044 1179 1387 1250 poteretur,
1434 1171 1616 1230 virum
1649 1174 1774 1231 eius
1805 1172 2056 1232 Atticum
2089 1171 2280 1233 Vesti-

202 1269 260 1311 ιο
279 1273 413 1316 num
458 1255 758 1317 consulem
801 1256 859 1314 in
902 1254 1125 1315 honore
1166 1256 1297 1333 ipso
1330 1254 1654 1316 trucidavit.
1723 1253 2001 1316 Octaviae
2036 1273 2280 1316 consue-

276 1339 533 1400 tudinem
567 1340 683 1400 cito
716 1347 1096 1417 aspernatus,
1147 1338 1595 1416 corripientibus
1637 1341 1838 1400 amicis
1869 1327 2163 1419 sufficere
2191 1338 2288 1400 illi

278 1423 504 1485 debere
542 1422 847 1503 respondit
885 1422 1122 1482 umor-ia
1162 1428 1547 1483 ornamenta.
1613 1422 1871 1484 Eandem
1915 1442 2053 1484 mox
2099 1441 2282 1502 saepe

279 1508 492 1569 frustra
525 1507 893 1585 strangulare
924 1505 1253 1583 meditatus,
1289 1506 1502 1566 dimisit
1530 1515 1589 1566 ut
1623 1507 1900 1585 sterilem,
1936 1507 2086 1567 sed
2069 1524 2280 1587 impro-

276 1591 453 1652 bante
489 1591 795 1652 divortium
845 1590 1069 1670 populo
1108 1607 1220 1650 nec
1262 1599 1541 1667 parcente
1587 1591 1882 1668 convitiis,
1931 1590 2099 1651 etiam
2129 1590 2281 1650 rele·
2317 1627 2332 1638 -

202 1691 259 1734 ιε
279 1677 478 1753 gavit,
522 1675 771 1753 denique
816 1675 1033 1735 occidit
1072 1673 1179 1733 sub
1214 1675 1455 1734 crimine
1487 1673 1901 1735 adulteriorum
1931 1674 2078 1734 adeo
2119 1675 2279 1752 inpu-

279 1758 441 1818 denti
467 1757 771 1836 falsoque,
813 1767 873 1817 ut
919 1758 976 1817 in
1021 1760 1366 1836 quaestione
1396 1758 1854 1836 pernegantibus
1892 1759 2114 1818 cunctis
2143 1757 2280 1816 Ani·

279 1850 471 1920 cetum
502 1841 913 1920 paedagogum
950 1859 1112 1902 suum
1157 1841 1406 1901 indicem
1441 1842 1791 1921 subiecerit,
1844 1845 1940 1921 qui
1973 1843 2222 1920 tingeret
2247 1841 2282 1876 *

276 1925 417 1986 dolo
465 1933 777 2004 stupratam
827 1943 858 1984 a
909 1943 975 1985 se
1016 1925 1315 1986 fateretur.
1381 1925 1746 2006 Poppaeam,
1803 1926 2144 1987 duodecimo
2187 1923 2280 1983 die

276 2017 417 2089 post
462 2009 766 2069 divortium
818 2008 1097 2069 Octaviae
1144 2011 1203 2070 in
1245 2011 1662 2071 matrimonium
1706 2020 2039 2090 acceptam,
2081 2008 2283 2068 dilexit

194 2111 256 2155 20
278 2093 481 2163 unice;
516 2102 574 2153 et
604 2102 792 2153 tamen
826 2094 1016 2173 ipsam
1065 2111 1303 2173 quoque
1344 2095 1462 2154 ictu
1509 2093 1691 2154 calcis
1723 2094 1971 2171 occidit,
2023 2091 2178 2170 quod
2215 2109 2279 2151 se

274 2197 350 2237 ex
384 2178 745 2256 aurigatione
782 2195 920 2237 sero
954 2196 1256 2238 reversum
1286 2177 1529 2254 gravida
1569 2187 1627 2238 et
1673 2196 1852 2255 aegra
1886 2177 2166 2237 conviciis
2197 2177 2278 2233 in-

275 2271 557 2320 cesserat.
620 2261 713 2321 Ex
742 2260 853 2321 hac
887 2260 1059 2320 liliam
1102 2262 1228 2321 tulit
1259 2260 1555 2322 Claudiam
1582 2260 1936 2338 Augustam,
1977 2259 2294 2336 amisitque.

270 2342 576 2405 admodum
607 2345 904 2404 infantem.

399 2426 632 2486 Nullum
663 2427 813 2487 adeo
846 2428 1290 2489 necessitudinis
1319 2446 1510 2506 genus
1547 2435 1670 2505 est,
1715 2427 1871 2506 quod
1901 2444 2016 2488 uon
2047 2424 2276 2485 scelere

190 2510 616 2590 25perculerit.
681 2512 991 2572 Antoniam
1042 2511 1245 2573 Claudi
1291 2513 1503 2590 liliam,
1548 2521 1914 2572 recusantem
1953 2517 2089 2590 post
2126 2506 2276 2586 Pop-

273 2613 462 2674 paeae
491 2603 734 2655 mortem
775 2596 1005 2674 nuptias
1052 2615 1218 2672 suas,
1266 2597 1429 2674 quasi
1473 2595 1819 2656 molitricem
1864 2611 2144 2655 novarum
2186 2609 2276 2652 re·

269 2697 396 2739 rum
427 2679 733 2739 interemit.
817 2679 1091 2740 Similiter
1119 2682 1154 2717 *
1186 2683 1339 2740 inter
1381 2689 1618 2740 ceteros
1652 2689 1748 2739 aut
1775 2679 2050 2739 affinitate
2085 2677 2277 2754 aliqua

274 2762 387 2822 sibi
424 2771 521 2822 aut
558 2762 991 2840 propinquitate
1022 2765 1399 2833 coniunctos;
1432 2764 1490 2823 in
1522 2763 1728 2842 quibus
1752 2761 1962 2822 Aulum
1996 2760 2276 2821 Plautium

271 2848 573 2921 iuvenem,
629 2862 799 2944 quem
853 2863 980 2905 cum
1032 2855 1163 2906 ante
1202 2857 1448 2908 mortem
1491 2865 1600 2927 per
1647 2847 1759 2905 vim
1806 2849 2276 2924 conspurcasset‚

189 2951 250 2993 so
271 2925 405 2988 Eat
442 2947 604 2990 nnnc
642 2929 826 3006 inquit
866 2936 1068 2989 mater
1107 2948 1245 2991 mea
1286 2937 1347 2991 et
1372 2947 1793 2992 successorem
1819 2945 2014 2989 meum
2043 2925 2276 2988 oscule-

268 3012 407 3072 tur!
437 3012 660 3072 iactans
685 3011 957 3072 dilectum
978 3013 1050 3072 ab
1078 3032 1141 3073 ea
1171 3014 1322 3074 etad
1346 3033 1510 3093 spem
1534 3015 1759 3093 imperii
1745 3011 2102 3092 impulsum.
2159 3008 2276 3069 Pri-

267 3095 507 3172 vignum
526 3095 754 3156 Rufium
778 3093 1105 3176 Crispinum
1131 3097 1412 3176 Poppaea
1437 3107 1649 3174 natum,
1681 3096 2038 3176 impuberem
2066 3092 2275 3169 adhuc,

270 3179 403 3256 quia
441 3179 742 3240 ferebatur
773 3179 1017 3240 ducatus
1050 3189 1109 3240 et
1137 3183 1381 3280 imperia
1423 3180 1661 3258 ludere,
1707 3178 2081 3258 mergendum
2111 3177 2275 3252 mari,

269 3261 403 3321 dum
438 3263 797 3340 piscaretur,
848 3265 1040 3324 servis
1081 3266 1263 3343 ipsius
1308 3265 1691 3326 demandavit.
1751 3264 2000 3324 Tuscum
2037 3262 2276 3323 nutricis

140 3337 159 3354 ⁰
194 3362 254 3404 ³5
276 3345 447 3405 liliam
488 3345 809 3424 relegavit,
872 3348 1026 3427 quod
1075 3349 1129 3407 in
1172 3351 1585 3427 procuratione
1635 3348 1895 3428 Aegypti
1935 3347 2181 3407 balineis
2218 3344 2276 3403 in

268 3429 576 3490 adventum
618 3447 779 3490 suum
826 3434 1109 3492 extructis
1159 3432 1420 3492 lavisset.
1496 3433 1780 3493 Senecam
1829 3439 2276 3512 praeceptorem

268 3512 341 3572 ad
371 3530 577 3574 necem
611 3516 923 3594 compulit,
971 3517 1233 3594 quamvis
1280 3533 1464 3595 saepe
1509 3525 1884 3577 commeatum
1923 3514 2144 3593 petenti
2171 3510 2275 3570 bo·

264 3597 476 3675 nisque
509 3596 739 3658 cedenti
769 3607 1082 3678 persancte
1112 3598 1395 3678 iurasset,
1445 3607 1776 3679 suspectum
1809 3616 1874 3658 se
1903 3597 2112 3704 l'rustra
2143 3611 2277 3673 per·
