2700 4234
486 301 607 364 136
662 311 725 360 e.
758 309 1060 359 summu
1094 309 1349 370 ruane.
1383 310 1478 358 ms
1510 311 1679 358 vrrs
1715 311 2084 360 causamn
2113 313 2253 361 nm.
2281 315 2422 362 1111.

484 467 692 540 deiude
733 465 1001 529 libuisset
1054 481 1333 543 egressus
1392 464 1676 542 triclinio,
1743 483 1871 527 cum
1925 467 2176 528 maxime
2230 467 2519 545 placitam

486 558 866 627 sevocasset,
926 548 1101 628 paulo
1136 557 1270 628 post
1308 548 1644 610 recentibus
1681 549 1866 612 adhuc
1908 550 2186 612 lasciviae
2217 553 2370 613 notis
2407 571 2516 612 re-

482 655 691 699 versus
729 635 826 696 vel
866 631 1137 694 laudabat
1170 632 1363 711 palam
1393 631 1490 692 vel
1534 633 1936 714 vituperabat,
2000 635 2230 714 singula
2269 655 2518 696 enume-

481 740 617 783 rans
670 719 824 780 bona
866 716 1091 778 malave
1148 717 1416 796 corporis
1467 725 1640 797 atque
1691 717 2054 780 concubitus.
2146 719 2519 796 Quibusdam

482 805 803 868 absentium
832 800 1162 862 maritorum
1195 801 1427 862 nomine
1456 801 1766 882 repudium
1807 802 1939 882 ipse
1969 803 2158 880 misit,
2217 804 2516 884 iussitque
2539 825 2564 864 5

483 892 542 952 in
573 897 704 951 acta
737 889 817 948 ita
848 884 1078 946 referri.

400 981 465 1038 37
606 971 931 1052 Nepotatus
973 965 1291 1048 sumptibus
1336 971 1585 1029 omnium
1626 969 2004 1048 prodigorum
2047 971 2281 1050 ingenia
2327 989 2516 1050 supe-

480 1056 662 1135 ravit,
725 1061 1081 1116 commentus
1122 1068 1333 1112 novum
1370 1049 1706 1114 balnearum
1747 1073 1939 1131 usum,
1997 1055 2520 1133 portentosissima

382 1132 393 1142 ’
480 1158 700 1221 genera
748 1138 1005 1200 ciborum
1048 1143 1221 1215 atque
1267 1151 1606 1214 caenarum,
1665 1146 1726 1198 ut
1767 1138 1970 1200 calidis
2008 1138 2352 1217 frigidisque
2406 1157 2516 1198 un-

481 1227 711 1303 guentis
755 1223 1080 1294 lavaretur,
1141 1219 1565 1298 pretiosissima
1606 1224 1920 1299 margarita
1965 1232 2138 1285 aceto
2180 1220 2516 1302 liquefacta
2537 1243 2586 1284 ιο

482 1308 783 1383 sorberet,
845 1304 1111 1365 convivis
1172 1320 1248 1364 ex
1306 1320 1446 1365 auro
1507 1323 1690 1384 panes
1743 1315 1804 1367 et
1854 1306 2102 1387 pbsonia
2147 1316 2515 1387 apponeret,

483 1397 595 1454 aut
630 1389 804 1471 fraqi
844 1387 1147 1450 hominem
1188 1404 1327 1448 esse
1357 1395 1647 1466 oportere
1679 1389 1946 1452 dictitans
1991 1399 2103 1453 aut
2133 1389 2515 1454 Gaesarem.

481 1477 632 1554 Quin
676 1485 735 1536 et
778 1490 1038 1536 nummos
1082 1490 1197 1533 non
1236 1470 1549 1534 mediocris
1579 1491 1828 1536 summae
1869 1494 1904 1535 c
1947 1476 2184 1554 fastigio
2216 1473 2520 1538 basilicae

477 1561 659 1623 Iuliae
694 1577 803 1639 per
831 1557 1049 1639 aliquot
1094 1556 1221 1618 dies
1264 1557 1482 1636 sparsit
1509 1557 1566 1617 in
1604 1558 1856 1638 plebem.
1943 1559 2278 1622 Fabricavit
2307 1568 2365 1620 et
2403 1561 2518 1621 de-
2577 1624 2582 1628 .

482 1647 633 1707 ceris
678 1643 1015 1706 Liburnicas
1073 1641 1376 1721 gemmatis
1424 1642 1743 1723 puppibus,
1806 1644 2268 1706 versicoloribus
2317 1645 2515 1722 velis,
2539 1669 2588 1710 ιι

479 1748 688 1809 magna
759 1728 1105 1789 thermarum
1178 1734 1236 1786 et
1295 1727 1617 1805 porticuum
1692 1736 1752 1787 et
1815 1728 2196 1790 tricliniorum
2258 1729 2519 1790 laxitate

478 1831 803 1893 magnaque
857 1811 1028 1872 etiam
1068 1811 1264 1870 vitium
1323 1819 1384 1870 et
1417 1811 1826 1889 pomiferarum
1869 1812 2141 1874 arborum
2183 1814 2520 1882 varietate:

480 1897 684 1977 quibus
718 1892 1086 1956 discumbens
1119 1893 1193 1955 de
1228 1892 1323 1955 die
1357 1895 1508 1954 inter
1537 1894 1754 1956 choros
1795 1913 1867 1957 ac
1917 1897 2295 1977 symphonias
2322 1895 2521 1957 litora

481 1980 831 2058 Campaniae
881 1986 1246 2057 peragraret.
1332 1976 1400 2038 ln
1447 1980 1906 2041 extructionibus
1947 1981 2374 2061 praetoriorum
2427 1989 2518 2068 aj-

480 2083 592 2145 que
643 2063 941 2141 villarum,
1006 2062 1160 2122 omni
1211 2061 1439 2123 ratione
1495 2063 1855 2143 posthabita,
1903 2065 2044 2126 nihil
2086 2073 2198 2126 tam
2251 2063 2519 2124 efficere
2539 2082 2592 2122 20

479 2147 937 2229 concupiscebat
982 2163 1152 2227 quam
1181 2145 1337 2227 quod
1369 2164 1549 2226 posse
1579 2148 1736 2210 effici
1766 2159 2100 2228 negaretur.
2187 2148 2265 2208 Et
2305 2149 2520 2208 iactae

478 2237 671 2315 itaque
719 2233 907 2295 moles
959 2231 1171 2293 infesto
1226 2248 1295 2292 ac
1340 2231 1628 2312 profundo
1672 2234 1848 2310 mari,
1912 2244 1973 2295 et
2020 2233 2256 2293 excisae
2313 2249 2522 2311 rupes

479 2317 761 2380 durissimi
793 2318 1002 2395 silicis,
1046 2326 1107 2378 et
1138 2317 1327 2396 campi
1357 2316 1644 2378 montibus
1669 2335 1894 2395 aggere
1930 2319 2190 2397 aequati,
2237 2324 2296 2375 et
2335 2331 2520 2376 com-

477 2403 709 2482 planata
734 2402 981 2462 fossuris
1020 2401 1293 2462 montium
1321 2402 1486 2480 iuga,
1539 2401 1862 2463 incredibili
1903 2401 2130 2482 quidem
2165 2398 2518 2476 celeritate,

478 2504 606 2546 cum
636 2502 833 2545 morae
866 2484 1039 2564 culpa
1066 2485 1257 2564 capite
1301 2484 1578 2545 lueretur.
1646 2484 1737 2545 Ac
1767 2502 1842 2547 ne
1873 2485 2102 2564 singula
2139 2501 2520 2562 enumerem,
2541 2507 2599 2547 25

476 2571 782 2629 immensas
842 2585 1023 2648 opes,
1094 2577 1391 2648 totumque
1463 2566 1605 2628 illud
1676 2569 1763 2630 Ti.
1828 2568 2102 2631 Caesaris
2176 2570 2362 2629 vicies
2446 2588 2524 2631 ac

478 2653 701 2732 septies
729 2651 916 2713 milies
930 2653 1275 2713 'sestertium
1306 2669 1425 2712 non
1453 2660 1578 2713 toto
1609 2661 1874 2713 vertente
1909 2670 2060 2714 anno
2095 2652 2454 2730 absumpsit.

393 2743 463 2800 38
599 2735 930 2798 Exhaustus
971 2737 1145 2815 igitur
1188 2745 1362 2817 atque
1404 2754 1590 2815 egens
1632 2736 1703 2797 ad
1747 2739 1982 2817 rapinas
2034 2738 2326 2798 convertit
2382 2739 2522 2798 ani-

473 2839 657 2898 mum,
721 2821 880 2882 vario
922 2829 981 2882 et
1015 2821 1465 2900 exquisitissimo
1513 2819 1920 2887 calumniarum
1966 2830 2026 2881 et
2065 2821 2404 2881 auctionum
2459 2832 2525 2882 et

473 2905 846 2982 vectigalium
880 2922 1124 2983 genere.
1190 2902 1464 2982 Negabat
1504 2907 1628 2965 iure
1665 2905 1954 2967 civitatem
1981 2905 2298 2966 Romanam
2328 2923 2520 2966 usur-
2546 2925 2601 2966 so

474 3009 619 3072 pare
660 3006 798 3066 eos,
857 3005 1100 3067 quorum
1137 2990 1389 3050 maiores
1429 2988 1539 3049 sibi
1583 2992 1960 3069 posterisque
2017 3007 2145 3051 eam
2186 2990 2522 3068 impetras—

475 3083 633 3152 sent,
688 3073 797 3134 nisi
830 3072 879 3132 si
916 3072 1017 3134 filii
1059 3082 1289 3148 essent,
1353 3090 1542 3152 neque
1593 3075 1740 3133 enim
1781 3074 2047 3152 intellegi
2093 3073 2314 3134 debere
2362 3091 2412 3151 p
2435 3091 2522 3134 o-

474 3168 729 3219 steros
786 3157 936 3218 ultra
984 3157 1135 3218 hunc
1190 3154 1464 3235 gradum;
1525 3157 1870 3236 prolataque
1929 3158 2210 3219 Divorum
2267 3155 2385 3217 Iuli
2453 3168 2526 3218 et

472 3241 721 3320 Augusti
752 3241 1063 3321 diplomata
1098 3249 1159 3301 ut
1192 3249 1398 3301 vetera
1429 3249 1489 3301 et
1523 3238 1793 3301 obsoleta
1823 3241 2094 3303 deflebat.
2184 3240 2524 3318 Arguebat

472 3333 531 3384 et
575 3342 885 3405 perperam
936 3324 1123 3386 editos
1166 3343 1416 3403 census,
1477 3323 1683 3403 quibus
1736 3335 1946 3407 postea
2001 3342 2364 3404 quacumque
2433 3325 2596 3386 deas

473 3426 645 3468 causa
696 3410 999 3489 quicquam
1039 3410 1382 3469 incrementi
1424 3410 1793 3487 accessisset.
1883 3409 2250 3478 Testamenta
2297 3410 2515 3486 primi-

472 3491 769 3570 pilarium,
812 3494 908 3569 qui
956 3493 1030 3553 ab
1064 3494 1223 3552 initio
1256 3491 1454 3553 Tiberi
1490 3493 1849 3570 principatus
1884 3510 2073 3573 neque
2106 3491 2269 3553 illum
2298 3510 2512 3574 neque

471 3591 538 3632 se
566 3573 842 3634 heredem
882 3575 1290 3654 reliquissent,
1351 3584 1412 3636 ut
1454 3577 1684 3652 ingrata
1729 3577 1998 3646 rescidit3
2058 3579 2196 3636 item
2257 3584 2510 3638 cetero·
