2700 4234
358 3447 444 3507 ,20
487 3486 492 3493 .

465 268 592 331 252
641 281 698 329 ο.
727 279 1028 329 sumom
1055 278 1313 338 TRANQ.
1339 277 1437 325 ms
1458 276 1627 325 vrrs
1652 276 2023 325 usnemun
2045 278 2185 325 Lm.
2214 278 2367 331 vm.

466 456 579 517 que
605 434 677 496 ad
703 442 878 513 caput
911 431 1216 513 quidquam
1253 440 1507 511 excepto
1543 430 1791 509 capulo,
1837 439 1895 491 et
1932 439 2243 510 praeterea
2278 432 2483 496 clausa

465 522 656 583 omnia
684 518 1055 596 repperisse;
1087 525 1262 595 atque
1284 515 1447 576 illum
1473 516 1701 575 interim
1736 522 1973 593 arrepto
2011 513 2384 596 deductoque
2408 518 2483 579 ad

462 615 683 667 terram.
705 600 1037 680 Stephano,
1063 600 1453 661 conluctatum
1476 599 1605 676 diu,
1648 598 1778 658 dum
1810 597 1986 659 modo
2023 598 2241 659 ferrum
2281 610 2480 662 extor-

465 705 681 769 quere,
725 684 900 745 modo
940 701 1279 763 quamquam
1309 684 1539 743 laniatis
1580 682 1775 759 digitis
1817 680 2024 743 oculos
2067 682 2331 743 effodere
2378 702 2480 746 co-

466 782 651 834 natur.
1307 834 1314 843 ,
1838 788 1843 791 ·
2498 786 2525 824 ⁵

594 853 838 914 Occisus
871 860 962 911 est
995 850 1180 912 XIIII.
1219 850 1314 911 Kl.
1353 849 1521 911 Octb.
1558 865 1709 909 anno
1746 851 1951 910 aetatis
1992 849 2476 927 quadragensimo

466 940 685 1019 quinto,
716 936 942 1014 imperii
968 936 1166 1014 quinto
1189 933 1437 995 decimo.
1484 930 1751 993 Cadaver
1772 936 1928 1009 eius,
1967 933 2237 1011 populari
2272 934 2477 996 sanda-

465 1022 586 1103 pila
607 1038 716 1099 per
739 1017 1102 1095 vespillones
1138 1024 1535 1094 exportatum,
1572 1014 1794 1090 Phyllis
1828 1017 2019 1075 nutrix
2050 1016 2109 1073 in
2145 1016 2479 1079 suburbano

465 1122 572 1166 suo
589 1104 788 1164 Latina
809 1102 907 1176 yia
940 1100 1258 1168 funeravit;
1297 1098 1404 1159 sed
1440 1098 1720 1177 reliquias
1750 1098 1969 1177 templo
2004 1096 2244 1159 Flaviae
2282 1105 2481 1177 gentis

467 1189 616 1251 clam
637 1185 853 1260 intulit,
883 1181 1292 1260 cineribusque
1314 1181 1495 1242 Iuliae
1520 1181 1639 1269 Titi,
1654 1182 1829 1258 filiae,
1850 1198 2018 1260 quam
2047 1190 2105 1240 et
2126 1182 2313 1261 ipsam
2338 1184 2477 1248 edu·
2500 1204 2549 1246 ιο

467 1279 644 1347 carat,
678 1266 1038 1329 conmiscuit.
1510 1280 1525 1288 ·

385 1368 450 1422 13
587 1354 816 1412 Statura
862 1350 968 1410 fuit
1012 1366 1302 1429 procera,
1360 1349 1521 1410 vultu
1560 1347 1829 1410 modesto
1876 1347 2226 1429 ruborisque
2274 1350 2480 1431 pleno,

463 1434 780 1516 grandibus
812 1433 1020 1511 oculis,
1044 1450 1246 1494 verum
1268 1433 1398 1493 acie
1424 1433 1763 1502 hebetior03
1801 1439 2114 1512 praeterea
2134 1432 2385 1512 pulcher
2408 1455 2480 1497 ac

464 1522 706 1597 decens,
733 1519 980 1579 maxime
1009 1518 1066 1576 in
1095 1518 1347 1594 inventa,
1372 1526 1431 1577 ct
1458 1516 1686 1597 quidem
1709 1524 1833 1576 toto
1874 1532 2131 1595 corpore
2149 1562 2168 1595 ,
2206 1521 2479 1597 exceptis

465 1603 747 1686 pedibus,
794 1619 1036 1682 quorum
1071 1600 1288 1678 digitos
1328 1602 1724 1662 restrictiores
1770 1599 2055 1670 habebat;
2103 1609 2315 1679 postea
2358 1603 2545 1664 cal-1⁶

465 1690 604 1750 vitio
632 1705 866 1767 quoque
888 1684 1168 1746 deformis
1209 1692 1267 1743 et
1304 1683 1591 1745 obesitate
1625 1685 1847 1745 ventris
1883 1693 1944 1745 et
1979 1701 2207 1745 crurum
2240 1686 2477 1763 gracili-

461 1780 606 1849 tate,
632 1789 781 1850 quae
805 1779 994 1831 tamen
1017 1770 1073 1827 ei
1105 1767 1421 1829 valitudine
1452 1768 1631 1846 longa
1664 1776 2115 1829 remacruerant.
2174 1766 2478 1831 Commen-

466 1856 592 1917 dari
616 1872 682 1913 se
718 1851 1072 1914 verecundia
1111 1853 1232 1913 oris
1269 1851 1419 1913 adeo
1456 1852 1775 1930 sentiebat,
1810 1861 1872 1912 ut
1906 1852 2059 1932 apud
2096 1861 2359 1913 senatum
2392 1856 2477 1915 sic

465 1936 752 2018 quondam
773 1936 1102 1996 iactaverit:
1163 1933 1372 2013 Usque
1412 1935 1620 1997 adhuc
1658 1943 1827 1997 certe
1864 1942 1922 1997 et
1968 1936 2236 1998 animum
2280 1956 2479 1999 meum

457 2018 784 2101 probastis
812 2024 874 2080 et
896 2017 1146 2079 vultum.
1216 2016 1465 2079 Calvitio
1502 2020 1580 2080 ita
1615 2020 2044 2099 offendebatur,
2084 2029 2148 2106 ut
2180 2022 2239 2080 in
2275 2031 2545 2083 contu-20

462 2104 690 2165 meliam
717 2121 878 2165 suam
899 2102 1177 2180 traheret,
1201 2103 1254 2162 si
1277 2104 1368 2163 cui
1389 2102 1488 2164 alii
1510 2104 1646 2164 ioco
1684 2106 1780 2165 vel
1817 2106 2006 2182 iurgio
2048 2103 2477 2177 obiectaretur;

466 2189 726 2267 quamvis
770 2185 1007 2265 libello,
1049 2199 1223 2267 quem·
1264 2186 1349 2247 de
1407 2206 1578 2249 cura
1623 2189 2075 2267 capillorum
2123 2188 2194 2249 ad
2233 2190 2479 2251 amicum

465 2271 664 2351 edidit,
687 2272 836 2333 haec
875 2272 1068 2348 etiam,
1101 2271 1269 2331 simul
1305 2270 1465 2331 illum
1504 2289 1687 2350 seque
1713 2272 2053 2349 consolans,
2086 2271 2433 2335 inseruerit:

699 2344 842 2434 Οὐχ
871 2342 1099 2437 ὁράᾳς,
1132 2341 1274 2427 οἷος
1301 2343 1486 2434 κάγώ
1514 2346 1718 2428 καλός
1745 2376 1817 2417 τε
1851 2350 2055 2437 μέγας
2093 2374 2204 2431 τες

462 2437 705 2501 Eadem
733 2456 828 2499 me
863 2444 1065 2499 tamen
1090 2444 1342 2499 manent
1369 2438 1735 2517 capillorum
1761 2440 1943 2520 fata,
1986 2448 2045 2502 et
2078 2438 2239 2518 forti
2266 2442 2476 2505 animo
2494 2468 2543 2511 25

459 2521 601 2601 fero
634 2538 874 2583 comam
899 2521 968 2582 in
998 2521 1427 2583 adulescentia
1454 2532 1887 2587 senescentem.
1951 2524 2141 2586 Scias
2178 2542 2295 2586 nec
2322 2544 2477 2606 yra-

384 2609 448 2663 19
463 2604 585 2666 tius
615 2604 939 2685 quicquam
972 2604 1198 2667 decore
1235 2624 1349 2667 nec
1378 2606 1646 2667 brevius.
1707 2607 1951 2670 Laboris
1987 2609 2327 2687 impatiens,
2372 2629 2481 2691 pe·

464 2688 630 2749 dibus
660 2706 766 2767 per
787 2688 989 2749 urbem
1011 2706 1130 2749 non
1152 2697 1375 2750 temere
1399 2688 1745 2769 ambulavit,
1778 2696 1837 2753 in
1873 2691 2251 2772 expeditione
2277 2702 2337 2754 et
2374 2712 2479 2772 ag-

461 2774 614 2833 mine
640 2789 791 2851 equo
815 2774 1023 2850 rarius,
1049 2771 1260 2834 lectica
1283 2773 1517 2835 assidue
1539 2785 1747 2836 vectus
1781 2785 1890 2842 est.
1948 2775 2258 2836 Armorum
2288 2778 2477 2853 nullo,

463 2857 802 2933 sagittarum
850 2857 944 2917 vel
993 2858 1311 2936 praecipuo
1363 2857 1551 2918 studio
1599 2860 1921 2921 tenebatur.
2000 2857 2293 2922 centenas
2328 2862 2479 2922 varii
2500 2882 2549 2924 so

462 2942 700 3018 generis
742 2940 904 3001 feras
940 2958 1122 3021 saepe
1155 2942 1213 3000 in
1248 2938 1481 3001 Albano
1518 2958 1763 3003 secessu
1800 2944 2208 3004 conficientem
2238 2954 2479 3025 specta-

462 3043 605 3085 vere
636 3024 927 3103 plerique,
954 3033 1124 3104 atque
1149 3027 1319 3084 etiam
1350 3043 1430 3085 ex
1462 3024 1738 3088 industria
1773 3029 1853 3089 ita
1890 3026 2242 3105 quarundam
2284 3031 2505 3109 capita·

463 3109 758 3186 figentem,
794 3116 856 3168 ut
877 3107 1102 3169 duobus
1136 3108 1344 3169 ictibus
1382 3110 1543 3188 quasi
1574 3127 1792 3171 cornua
1829 3111 2114 3173 efficeret.
2180 3111 2478 3173 Nonnum-

462 3209 631 3270 quam
654 3192 711 3252 in
749 3191 914 3270 pueri
952 3192 1159 3271 procul
1199 3194 1402 3253 stantis
1434 3193 1887 3274 praebentisque
1924 3212 2032 3274 pro
2069 3196 2321 3276 scopulo
2356 3197 2475 3257 dis-

462 3290 701 3352 pansam
723 3274 1001 3335 dexterae
1023 3294 1222 3337 manus
1253 3276 1521 3355 palmam,
1545 3280 1789 3355 sagittas
1810 3287 1966 3341 tanta
1992 3287 2117 3339 arte
2140 3278 2387 3360 direxit,
2412 3291 2475 3341 ut
2494 3308 2545 3349 35
2645 3296 2646 3362 χ

463 3375 664 3417 omnes
688 3375 796 3437 per
820 3359 1128 3419 intervalla
1159 3360 1471 3437 digitorum
1494 3364 1741 3423 innocue
1766 3363 2105 3424 evaderent.

574 3440 864 3503 Liberalia
889 3441 1074 3501 studia
1096 3445 1323 3523 imperii
1349 3445 1511 3505 initio
1550 3446 1847 3524 neglexit,
1878 3463 2223 3525 quamquam
2260 3446 2472 3508 biblio·

456 3524 659 3585 thecas
698 3524 966 3585 incendio
1003 3524 1338 3607 absumptas
1378 3530 1805 3609 impensissime
1849 3546 2128 3610 reparare
2178 3539 2471 3611 curasset,
