2700 4234
337 484 492 579 3¹3
489 485 641 589 1.ζῖξῖ

653 318 828 367 xxv1
1346 316 1757 364 PRAEFATIO.

791 474 1133 531 Difficillime
1167 490 1260 530 res
1293 478 1381 529 est
1412 474 1483 529 de
1512 472 1863 529 Vaticano
1906 472 2105 528 codiee
2134 472 2400 543 quodam,
2432 490 2463 527 e

659 574 773 630 quo
793 574 1001 631 paucas
1031 558 1305 613 lectiones
1341 574 1373 612 a
1398 556 1587 628 Lipsio
1613 556 1883 612 collectas
1896 549 2231 612 Pulmannus
2264 572 2313 611 a.
2335 560 2466 616 1574

659 640 856 697 edidit.
945 640 1206 696 Eiusdem
1246 640 1380 695 libri
1411 639 1630 711 Lipsius
1678 637 1801 710 ipse
1829 638 1885 693 in
1916 637 2175 709 Antiquis
2205 638 2465 693 lectioni-

658 725 762 780 bus
794 732 849 780 et
879 725 934 780 in
959 723 1168 779 Electis
1193 722 1527 779 mentionem
1550 721 1703 791 fecit,
1734 727 1961 792 tresque
1991 721 2266 777 lectiones
2292 721 2464 777 aPnl-

657 824 854 864 manno
905 823 1014 863 non
1060 806 1275 878 positas
1319 805 1645 861 Torrentius
1686 799 2025 877 protulit¹⁵).
2114 804 2311 859 Fertur
2345 804 2464 870 sine

659 890 1020 947 distinctione
1050 889 1287 961 capitum
1317 889 1561 959 scriptus
1592 904 1755 957 esse,
1796 903 1916 952 cum
1956 886 2105 942 notis
2140 880 2229 961 (Τ)
2266 894 2323 941 et
2351 893 2464 942 tres

658 973 879 1045 priores
913 977 1114 1028 tantum
1147 973 1359 1041 libros,
1403 971 1596 1027 Divum
1625 970 1820 1025 lulium
1850 970 2045 1027 Divum
2074 970 2385 1041 Augustum
2412 974 2469 1026 et

657 1055 970 1125 Tiberium,
1023 1055 1405 1123 continuisse,
1456 1054 1661 1110 amisso
1705 1057 1765 1106 ut
1809 1052 2032 1108 videtur
2073 1054 2251 1109 altero
2295 1059 2465 1109 tomo.

658 1136 993 1211 Quamquam
1021 1137 1275 1210 Lipsiana
1307 1142 1576 1208 excerpta
1608 1142 1716 1191 tam
1747 1136 2101 1206 negligenter
2145 1136 2290 1191 facta
2324 1142 2467 1201 sunt,

655 1318 707 1353 a.
745 1303 888 1351 1460
925 1300 1271 1363 transcripsit,
1311 1306 1490 1363 postea
1524 1301 1565 1347 Ι.
1597 1297 1735 1363 Aug.
1770 1296 2092 1362 Hemandus‚
2124 1304 2231 1347 tum
2262 1298 2329 1346 lo.
2362 1298 2468 1347 Ma-

657 1370 942 1430 nesseriuS‚
975 1382 1108 1418 nunc
1137 1366 1371 1416 Parisina
1401 1362 1702 1416 bibliotheca
1730 1379 1813 1415 no.
1845 1365 1983 1417 5806
2022 1365 2279 1430 possidet,
2314 1366 2467 1415 colla-

655 1438 843 1488 tionem
883 1436 1212 1497 casaubonus
1257 1448 1304 1484 a.
1361 1434 1490 1485 1595
1538 1432 1769 1483 Genevae
1815 1433 2031 1484 instituit
2081 1433 2310 1496 miroque
2358 1434 2468 1482 eius

655 1519 824 1555 amore
845 1512 1021 1571 captus
1052 1517 1324 1569 supparem
1354 1503 1520 1552 dicere
1542 1516 1698 1551 ausus
1729 1510 1806 1551 est
1836 1500 2155 1550 Memmiano.
2221 1500 2321 1551 Sed
2348 1516 2471 1551 con-

656 1573 794 1625 venit
823 1572 869 1621 ei
902 1573 1124 1623 omnium
1149 1571 1371 1619 maxime
1398 1584 1514 1619 cum
1534 1568 1879 1619 Palatinorum
1908 1570 2101 1635 primo;
2139 1583 2255 1618 nam
2285 1584 2337 1635 p.
2360 1568 2411 1630 3,
2436 1567 2470 1617 8

656 1642 819 1691 latius
855 1642 1050 1691 Caesar
1079 1640 1236 1689 Divus
1269 1654 1445 1689 annum
1478 1653 1666 1703 auem,-
1694 1654 1744 1703 p.
1783 1638 1898 1699 151,
1928 1636 1991 1693 19
2020 1641 2217 1701 copreis
2240 1637 2340 1686 XL
2364 1646 2471 1689 tro-

653 1710 828 1775 pheis‚·
859 1724 912 1775 p.
949 1708 1046 1761 201
1066 1744 1078 1765 ‚
1105 1706 1174 1759 36
1205 1722 1312 1769 per.
1331 1714 1439 1757 tres
1466 1722 1689 1765 mensem
1720 1722 1774 1771 p.
1806 1706 1925 1767 234,
1956 1705 2025 1757 32
2056 1722 2085 1755 e
2114 1707 2352 1757 Caesaris
2380 1709 2466 1755 mi-

655 1781 855 1837 nistris,
902 1777 958 1825 hi
996 1776 1092 1826 soli
1133 1776 1331 1826 codices
1372 1776 1613 1841 scriptum
1653 1773 1957 1827 habuerunt.
2039 1774 2269 1824 Eundem
2301 1782 2469 1823 tamen

655 1846 938 1896 Palatinum
959 1843 1199 1893 Gruterus
1219 1856 1420 1905 quoque
1451 1842 1656 1907 plurimi
1680 1840 1801 1891 fecit
1827 1849 1876 1890 et
1895 1842 2171 1893 nominavit
2197 1843 2469 1907 aliquando

659 1912 842 1963 librum
885 1910 1163 1976 simplicem
1210 1916 1259 1957 et
1306 1910 1639 1961 innocentem.
1728 1910 1842 1958 Fuit
1876 1916 2044 1961 tamen
2077 1911 2331 1960 secundus
2376 1910 2472 1959 ali-

661 1986 848 2044 quanto
903 1977 1162 2029 sincerior.
1245 1976 1446 2025 Tertius
1501 1976 1567 2025 ad
1622 1976 1845 2026 codicem
1891 1977 2109 2039 aliquem
2168 1979 2470 2043 propaginis

656 2048 818 2098 Paris.
853 2046 1010 2097 6116.
1071 2044 1204 2095 Med.
1243 2047 1294 2101 2,
1330 2051 1425 2093 etc.
1476 2045 1843 2094 contaminatus
1888 2060 2003 2095 esse
2034 2045 2265 2105 videtur,
2310 2061 2355 2096 e.
2388 2061 2468 2111 gr.

657 2130 708 2181 p.
743 2115 864 2175 214,
896 2114 978 2165 16.
1011 2140 1079 2151 -
1108 2112 1487 2175 Guelferbytani
1517 2113 1687 2178 primi,
1723 2111 1936 2162 Gudiani
1968 2112 2087 2164 268.
2120 2128 2252 2165 saec.
2288 2112 2363 2163 XI
2391 2112 2471 2178 (T)

655 2197 847 2249 paucas
889 2182 1134 2245 quasdam
1173 2182 1413 2231 lectiones
1457 2180 1677 2231 Wolflus
1726 2180 1952 2245 prodidit
1994 2197 2024 2231 a
2069 2182 2303 2247 Langero
2348 2182 2471 2232 sub-

655 2252 856 2301 missas.
925 2249 1025 2300 Sed
1057 2250 1255 2300 desidia
1289 2249 1483 2299 sensim
1515 2249 1787 2313 obrepente
1818 2249 1871 2297 in
1902 2248 1956 2301 G.
1990 2250 2249 2315 Caligulae
2280 2258 2329 2300 et
2356 2250 2471 2300 Divi

657 2319 852 2370 Claudii
887 2318 1003 2369 vitis
1039 2318 1328 2377 rarissime,
1365 2318 1417 2366 in
1456 2316 1669 2367 Neronis
1699 2317 1883 2376 semel,
1916 2317 1972 2367 in
2001 2319 2369 2384 posterioribus
2404 2332 2470 2367 ne

656 2386 812 2438 semel
846 2386 1048 2451 quidem
1076 2386 1158 2436 vel
1187 2385 1338 2435 buius
1380 2386 1495 2435 libri
1526 2386 1603 2434 vel
1636 2386 1849 2435 aliorum
1883 2386 2193 2437 mentionem
2228 2384 2363 2436 fecit.
2400 2412 2471 2423 —

657 2454 1105 2505 'sorrentianorum
1134 2454 1363 2504 codicum
1408 2468 1541 2505 unus
1578 2454 1767 2503 alterve
1800 2452 1883 2503 hic
1913 2454 2045 2505 foret
2071 2468 2471 2504 commemoran-

657 2523 784 2583 dus,
815 2522 861 2573 si
893 2521 1152 2571 Torrentio
1192 2521 1391 2572 codices
1432 2536 1553 2572 suos
1584 2529 1797 2589 quatuor
1829 2524 2034 2589 saepius
2067 2523 2362 2572 nominatim
2390 2523 2473 2571 di-

658 2591 920 2655 stinguere
958 2590 1256 2655 placuisset;
1299 2590 1402 2640 iam
1433 2604 1553 2640 vero
1585 2591 1656 2639 ita
1696 2589 1834 2653 loqui
1881 2591 2037 2641 solett
2090 2591 2284 2641 ‘codex
2312 2604 2471 2654 unus,

657 2656 797 2707 haud
827 2658 1006 2719 malus,
1039 2658 1275 2722 optimus,
1314 2666 1505 2723 noster,
1539 2664 1877 2723 pervetustus,
1911 2658 2024 2708 libri
2066 2660 2165 2709 duo
2182 2694 2196 2719 ,
2231 2661 2470 2723 quatuor’

658 2734 708 2776 et
736 2726 968 2777 similiter
985 2762 1000 2786 ‚
1049 2733 1104 2775 ut
1138 2726 1246 2775 eius
1275 2725 1418 2776 labor
1449 2726 1599 2777 hodie
1638 2740 1801 2791 paene
1834 2726 2027 2777 inutilis
2066 2728 2147 2778 sit.
2179 2752 2246 2763 —-
2277 2726 2473 2777 Parisi-

659 2808 840 2845 norum
870 2792 1101 2843 codicum
1146 2801 1346 2858 praeter
1377 2794 1745 2853 viterbiensem
1775 2794 1857 2844 hic
1896 2796 2189 2845 nominandi
2234 2801 2353 2845 sunt
2383 2808 2470 2844 no.

657 2861 792 2913 5801
824 2876 956 2911 saec.
991 2861 1089 2911 ΧΠ
1118 2862 1357 2927 optimus,
1392 2876 1542 2927 quem
1568 2862 1920 2923 casaubonum
1949 2878 2149 2927 quoque
2177 2864 2472 2929 inspexisse

656 2930 874 2995 probant
913 2932 1102 2979 omissa
1130 2946 1181 2994 p.
1216 2929 1331 2991 182,
1365 2930 1433 2981 20
1460 2931 1614 2981 verba
1642 2933 1794 2981 alteri
1827 2933 1991 2994 pluris
2023 2934 2279 2996 aliquanto
2318 2946 2474 2983 rosa-

655 3000 768 3058 νίας
819 3004 925 3047 tum
967 2998 1304 3047 Notre-Dame
1359 2998 1456 3050 188
1504 3013 1637 3048 saec.
1680 2997 1839 3061 XIII,
1897 3006 2136 3065 excerpta
2174 2999 2475 3063 continens:

654 3073 913 3131 postremo
949 3081 1026 3118 no.
1067 3064 1222 3117 5805.
1258 3065 1413 3118 5810.
1451 3067 1603 3118 6117.
1639 3081 1773 3117 saec.
1803 3066 1921 3118 XV.

796 3132 886 3197 15)
927 3134 1176 3183 Pauculae
1207 3135 1561 3187 adnotationes
1605 3150 1633 3184 e
1661 3136 1906 3186 Vaticano
1938 3136 2109 3186 codice
2151 3150 2183 3184 a
2216 3135 2475 3187 Politiano

653 3216 702 3253 a.
737 3202 872 3253 1480
901 3202 1063 3253 factae
1103 3202 1302 3253 huncne
1332 3204 1634 3254 Vaticanum
1666 3217 1733 3252 an
1772 3204 1927 3254 alium
1958 3210 2184 3269 spectent
2231 3204 2475 3271 equidem

653 3270 852 3336 ignoro.
927 3270 1146 3321 Fulvii
1177 3270 1407 3321 Ursini
1446 3286 1473 3321 e
1516 3272 1579 3325 V.
1618 3272 1671 3324 C.
1708 3280 1975 3337 excerpta,
2016 3286 2146 3335 quae
2178 3272 2326 3333 dicit,
2358 3273 2475 3339 ple-

653 3352 865 3401 rumque
889 3340 1234 3389 commenticia
1265 3346 1400 3401 sunt,
1435 3354 1499 3391 ex
1522 3340 1722 3390 Erasini
1752 3338 1994 3405 Stephani
2007 3339 2259 3389 Torrentii
2286 3341 2477 3392 editio-

656 3404 804 3454 nibus
831 3406 1058 3457 conflcta.
1119 3406 1280 3457 Nimis
1309 3408 1483 3457 timide
1514 3408 1577 3457 de
1608 3409 1719 3458 eius
1754 3407 1853 3457 fide
1886 3408 2175 3458 dubitarunt
2210 3409 2311 3457 Iac.
2342 3407 2477 3459 Gro-

651 3472 837 3522 novius
870 3481 919 3523 et
951 3473 1357 3541 Oudendorpius.
1422 3477 1555 3526 Raro
1588 3490 1689 3525 non
1724 3477 1961 3525 mentitur
1978 3510 1995 3539 ,
2042 3482 2095 3525 ut
2134 3490 2250 3525 cum
2293 3481 2477 3539 capita

655 3550 1013 3592 commemorat
1046 3558 1099 3609 p.
1136 3544 1230 3605 71,
1267 3544 1348 3595 16.
