2700 4234
505 291 589 377 'to
679 328 738 376 c,
772 328 1072 377 suna-om
1105 327 1362 387 TRANQ.
1399 329 1493 374 DE
1524 327 1689 375 vnn
1720 297 2260 376 cfflsnnuu'mn.
2296 329 2368 375 11.

847 486 1144 558 Postquam
1173 486 1255 542 bis
1283 488 1461 542 classe
1488 489 1661 544 vietus
1687 500 1855 542 naves
1871 486 2145 558 perdidit,

847 569 1156 642 Aliquando
1187 575 1249 626 ut
1273 573 1482 640 vincat,
1516 571 1649 626 ludit
1673 571 1892 626 assidue
1923 571 2121 624 aleam.

424 659 484 714 71
503 648 597 708 Ex
641 649 845 727 quibus
895 650 1022 708 sive
1069 649 1400 710 criminibus
1433 651 1559 709 sive
1593 649 1914 726 maledictis
1946 649 2233 709 infamiam
2267 649 2518 728 impudi-

413 3167 482 3222 72

505 733 677 792 citiae
711 733 990 793 facillime
1031 733 1304 792 refutavit
1346 742 1406 792 et
1446 734 1773 811 praesentis
1814 741 1874 792 et
1912 742 2191 811 posterae
2226 734 2379 793 vitae
2418 751 2516 792 ca·

505 817 724 885 stitate;
772 816 908 875 item
950 815 1289 876 lautitiarum
1330 815 1627 894 invidiam,
1678 834 1805 876 cum
1843 825 1903 876 et
1940 816 2296 876 Alexandria
2338 825 2518 896 capta
2550 838 2576 875 ⁵

503 899 640 959 nihil
683 899 792 958 sihi
825 908 1061 978 praeter
1089 916 1260 960 unum
1287 903 1596 960 murrinum
1627 901 1870 960 calicem
1898 919 1973 960 ex
2000 903 2377 960 instrumento
2406 919 2512 959 re-

502 985 604 1062 gio
632 984 950 1060 retinuerit,
984 993 1042 1043 et
1069 1001 1206 1044 mox
1232 1001 1373 1044 vasa
1404 1001 1577 1044 aurea
1608 984 1979 1044 assiduissimi
2004 1002 2139 1043 usus
2169 984 2520 1044 conflaverit

503 1069 711 1127 omnia.
780 1066 953 1128 Circa
990 1067 1256 1127 libidines
1291 1067 1481 1128 haesit
1493 1092 1508 1137 ;
1552 1077 1760 1147 postea
1792 1085 2055 1148 quoque,
2088 1077 2147 1128 ut
2174 1069 2400 1144 ferunt,
2440 1067 2519 1127 ad

503 1151 785 1212 vitiandas
839 1152 1098 1228 virgines
1153 1153 1508 1230 promptior,
1562 1169 1711 1230 quae
1763 1152 1875 1211 sibi
1922 1151 2170 1230 undique
2222 1154 2391 1212 etiam
2439 1151 2516 1211 ab

502 1253 688 1294 uxore
740 1236 1238 1313 conquirerentur.
1298 1235 1487 1294 Aleae
1525 1253 1814 1295 rumorem
1855 1235 2015 1295 nullo
2046 1235 2217 1295 modo
2250 1236 2577 1319 expavitffo
2691 1315 2692 1320 η

501 1319 752 1397 lusitque
785 1317 1125 1398 simpliciter
1151 1328 1211 1378 et
1242 1319 1433 1398 palam
1456 1319 1865 1379 oblectamenti
1898 1338 2072 1380 causa
2102 1320 2271 1378 etiam
2303 1337 2515 1395 senex,

503 1419 591 1479 ac,
623 1410 1027 1480 praeterquam
1054 1401 1369 1462 Decembri
1394 1420 1627 1480 mense,
1674 1403 1803 1462 aliis
1832 1421 2063 1483 quoque
2084 1405 2255 1462 festis
2286 1410 2346 1462 et
2373 1419 2516 1480 pro*

501 1487 670 1546 festis
713 1486 935 1546 diebuS.
995 1484 1124 1546 Nee
1161 1487 1218 1546 id
1259 1486 1488 1546 dubium
1538 1496 1645 1546 est.
1706 1487 2085 1567 Autographa
2116 1487 2357 1565 quadam
2388 1487 2517 1565 epi-

502 1569 651 1630 stula
695 1567 1004 1646 Caenavi,
1061 1573 1170 1647 ait,
1227 1571 1312 1629 mi
1360 1569 1583 1646 Tiberi,
1636 1587 1770 1630 eum
1811 1570 2005 1630 isdem
2022 1595 2053 1640 ;
2114 1576 2522 1630 accesserunt

503 1654 804 1715 convivae
840 1652 1114 1714 Vinicius
1155 1661 1215 1715 et
1239 1653 1434 1714 Silius
1465 1661 1671 1732 pater.
1739 1652 1911 1714 Inter
1951 1671 2209 1714 caenam
2251 1653 2517 1714 lusimus
2540 1669 2586 1710 15

498 1739 850 1817 geronticos
881 1743 941 1798 et
964 1737 1101 1798 heri
1127 1745 1188 1798 et
1215 1737 1399 1798 hodie
1410 1761 1441 1808 ,·
1488 1738 1634 1798 talis
1666 1739 1825 1798 enim
1850 1738 2125 1812 iactatis,
2156 1744 2227 1799 ut
2255 1737 2517 1816 quisque

502 1839 718 1882 canem
758 1827 869 1882 aut
910 1822 1220 1883 senionem
1259 1823 1551 1897 miserat,
1596 1822 1663 1880 in
1703 1822 1981 1902 sinyulos
2024 1822 2190 1883 talos
2228 1821 2517 1900 sinyulos

502 1905 801 1965 denarios
837 1904 904 1964 in
944 1905 1206 1964 medium
1251 1903 1649 1982 conferebat,
1692 1921 1847 1984 quos
1879 1905 2132 1966 tollebat
2158 1905 2509 1978 universos,

501 1989 606 2067 qui
641 1986 928 2048 Venerem
966 1989 1218 2049 iecerat.
1277 1987 1356 2047 Et
1399 2007 1597 2048 rursus
1634 1988 1761 2048 aliis
1792 1989 2033 2049 litteris:
2076 1987 2244 2064 Nos,
2287 1987 2373 2048 mi
2409 1986 2507 2047 Ti-

500 2071 669 2148 beri,
719 2069 1144 2151 Quinquatrus
1196 2073 1358 2132 satis
1412 2071 1679 2132 iucunde
1720 2074 1955 2152 eqimus
1968 2097 1997 2143 ,·
2050 2073 2307 2133 lusimus
2350 2072 2511 2131 enim
2531 2089 2585 2128 20

494 2174 613 2234 per
653 2157 848 2216 omnis
892 2156 1024 2216 dies
1059 2155 1389 2236 forumque
1434 2156 1809 2217 aleatorium
1838 2156 2216 2235 calfecimus.
2282 2155 2514 2216 Frater

503 2245 641 2299 tuus
677 2240 921 2320 maynis
963 2239 1342 2302 clamoribus
1380 2257 1511 2300 rem
1546 2241 1778 2320 qessit,·
1832 2241 1919 2301 ad
1960 2259 2258 2302 summam
2308 2247 2513 2300 tamen

495 2323 775 2401 perdidit
811 2343 936 2384 non
973 2325 1255 2401 multum,
1303 2324 1419 2384 sed
1460 2343 1541 2384 ex
1574 2326 1817 2403 maqnis
1849 2325 2228 2385 detrimentis
2248 2330 2513 2402 praete-r

501 2425 671 2485 spem
715 2407 1025 2486 paulatim
1071 2414 1385 2469 retractus
1430 2415 1539 2469 est.
1617 2405 1754 2487 qu
1793 2408 2045 2486 perdidi
2081 2407 2298 2488 viqinti
2336 2407 2515 2467 milia

500 2509 804 2551 nummum
852 2511 983 2553 meo
1033 2493 1306 2568 nomine,
1366 2492 1482 2552 sed
1528 2510 1665 2552 eum
1713 2490 1902 2572 effuse
1937 2493 2003 2552 in
2043 2493 2182 2553 lusu
2224 2489 2512 2551 liberalis
2531 2507 2582 2546 25
2691 2505 2692 2560 3

497 2573 785 2652 fuissem,
833 2582 903 2635 ut
941 2576 1112 2637 soleo
1138 2576 1515 2656 plerumque.
1578 2573 1741 2636 Nam
1770 2577 1829 2636 si
1858 2594 2018 2656 quas
2046 2593 2267 2636 manus
2296 2577 2515 2634 remisi

502 2657 717 2736 cuique
765 2661 1133 2738 eaeeyissem,
1188 2667 1300 2721 aut
1345 2659 1733 2720 retinuissem
1786 2661 1952 2738 quod
1992 2661 2207 2740 civique
2250 2658 2507 2733 donavi,

499 2741 781 2802 vicissem
817 2743 917 2802 vel
945 2745 1390 2823 quinquaqinta
1416 2743 1609 2804 milia.
1670 2743 1801 2803 Sed
1825 2743 1944 2806 hoe
1971 2743 2139 2804 malo
2154 2768 2185 2815 ,·
2232 2742 2506 2820 beniqni-

498 2831 600 2884 tas
641 2827 796 2886 enim
826 2845 965 2887 mea
997 2847 1092 2888 me
1122 2829 1208 2887 ad
1239 2827 1563 2888 caelestem
1591 2827 1858 2907 qloriam
1888 2826 2113 2908 efferet.
2188 2825 2403 2886 Scribit
2438 2826 2511 2886 ad

500 2908 703 2970 filiam:
736 2909 885 2972 Misi
909 2910 1021 2973 tibi
1051 2913 1348 2973 denarios
1376 2911 1670 2973 ducentos
1702 2913 2165 2992 quinquaqinta,
2200 2927 2355 2990 quos
2379 2909 2507 2969 sin-
2530 2927 2583 2967 30

494 2994 661 3072 qulis
699 2995 973 3056 convivis
1017 2996 1311 3056 dederam
1328 3041 1345 3071 ,
1388 2996 1447 3054 si
1483 2995 1709 3057 vellent
1742 2997 1903 3056 inter
1944 3014 2013 3056 se
2052 2994 2213 3056 inter
2248 3003 2510 3054 caenam

496 3079 597 3140 vel
625 3079 771 3140 talis
797 3078 896 3140 vel
917 3097 1045 3158 par
1071 3080 1278 3158 impar
1309 3079 1539 3140 ludere.

625 3163 687 3222 In
731 3164 944 3224 ceteris
991 3164 1248 3243 partibus
1287 3165 1441 3223 vitae
1478 3163 2028 3222 continentissimum
2059 3161 2511 3221 fuisse-constat

499 3262 568 3304 ac
612 3247 735 3305 sine
769 3247 1104 3327 suspicione
1133 3249 1306 3308 ullius
1336 3248 1477 3307 vitii.
1564 3245 1857 3306 Habitavit
1888 3249 2074 3325 primo
2112 3247 2269 3306 iuxta
2296 3244 2507 3305 Roma-

495 3344 627 3387 num
656 3329 866 3406 forum,
899 3350 1072 3410 supra
1102 3332 1306 3392 Scalas
1341 3330 1661 3406 anularias,
1697 3333 1754 3389 in
1790 3331 1960 3390 domo
1992 3347 2143 3408 quae
2179 3326 2344 3390 Calvi
2376 3343 2505 3388 ora·
2528 3343 2585 3384 ss.

495 3410 640 3470 toris
669 3412 888 3482 fueram
936 3423 1141 3492 postea
1170 3417 1228 3475 in
1258 3414 1511 3491 Palatio,
1560 3413 1665 3473 sed
1694 3415 1873 3482 nihilo
1903 3415 2087 3474 minus
2118 3410 2355 3472 aedibus
2384 3427 2507 3470 mo-

495 3493 641 3555 dicis
668 3493 1100 3574 HortensianiS,
1148 3509 1208 3559 et
1240 3517 1433 3576 neque
1464 3499 1701 3558 laxitate
1734 3509 1925 3576 'neque
1957 3496 2115 3556 cultu
2150 3493 2508 3573 conspicuis,

493 3587 554 3638 ut
595 3581 651 3638 in
692 3579 896 3658 quibus
945 3583 1206 3661 porticus
1233 3580 1453 3642 breves
1482 3590 1681 3640 essent
1707 3580 2063 3642 Albanarum
2096 3579 2511 3654 columnarum,
