2700 4234
930 338 1143 388 DIVUS
1187 342 1444 389 muns,
2127 329 2206 391 33

195 499 397 574 Quinto
432 496 686 559 Maximo
733 494 982 555 suffecto
1024 495 1458 576 trimenstrique
1516 496 1760 557 consule
1797 496 2080 557 theatrum
2126 497 2206 555 in·

193 590 489 659 troeunte,
539 598 668 640 cum
690 578 867 639 lictor
902 578 1279 639 animadverti
1312 600 1390 641 ex
1423 598 1584 640 more
1631 582 1930 657 iussisset,
1980 580 2051 640 ab
2087 582 2205 641 uni-

192 668 372 727 versis
413 664 834 726 conclamatum
878 671 1003 740 est,
1050 681 1167 723 non
1206 681 1341 723 esse
1385 682 1514 724 eum
1554 664 1882 747 consulem.
1940 664 2085 724 Post
2117 682 2206 723 re-

189 760 377 813 motos
419 748 751 811 Caesetium
798 756 855 805 et
899 746 1203 807 Marullum
1251 749 1516 809 tribunos
1559 758 1796 828 reperta
1834 758 1966 807 sunt
2011 751 2209 827 proxi·

149 839 289 896 smis
329 836 579 895 comitiis
618 831 919 911 complura
963 831 1240 909 suffragia
1288 833 1565 893 consules
1617 850 1725 893 eos
1774 832 2206 893 declarantium.

190 920 609 1000 Subscripsere
653 916 881 997 quidam
930 912 1071 974 Luci
1122 915 1283 977 Bruti
1331 926 1589 978 statuae:
1646 915 1896 978 Utinam
1930 918 2206 979 viveres!

189 1008 320 1067 item
356 1006 540 1084 ipsius
568 1001 871 1077 Caesaris:

351 1095 602 1163 Bruma,
646 1092 779 1163 quia
803 1102 965 1159 reyes
996 1090 1180 1161 eiecit,
1223 1092 1422 1146 consul
1438 1092 1659 1162 primus
1687 1090 1882 1163 sactus
1911 1098 2018 1146 est.-

354 1180 467 1233 Hic
480 1220 497 1248 ,
540 1177 673 1248 quia
707 1174 963 1231 consules
997 1174 1151 1228 eiecit
1161 1211 1179 1244 ,
1221 1188 1332 1229 rex
1351 1180 1638 1246 postremo
1669 1174 1860 1247 sactus
1882 1179 1982 1230 est.

121 1264 170 1305 10
193 1258 603 1336 conspiratum
639 1264 731 1314 est
774 1256 831 1311 in
872 1269 1000 1312 eum
1045 1272 1078 1312 a
1122 1255 1428 1330 sexaginta
1478 1255 1754 1334 amplius,
1800 1254 1945 1317 Gaio
2001 1252 2206 1315 Cassio

185 1343 511 1420 Marcoque
535 1348 593 1400 et
633 1338 877 1398 Decimo
915 1335 1094 1398 Bruto
1132 1339 1494 1418 principibus
1545 1341 2016 1419 conspirationis,
2097 1338 2208 1414 Qui

188 1428 433 1507 primum
480 1424 762 1499 cunctati,
809 1430 1070 1481 utrumne
1117 1422 1173 1480 in
1220 1420 1442 1502 Campo
1483 1442 1593 1502 per
1639 1425 1870 1483 comitia
1921 1422 2102 1483 tribus
2137 1422 2209 1483 ad

186 1512 465 1587 suffragia
507 1515 816 1568 vocantem
860 1505 1121 1584 partibus
1168 1506 1366 1566 divisis
1406 1526 1438 1566 e
1474 1516 1656 1587 ponte
1700 1508 2000 1568 deicerent
2037 1517 2209 1586 atque

185 1604 501 1674 exceptum
555 1590 945 1667 trucidarent,
993 1608 1064 1649 an
1110 1588 1167 1648 in
1220 1591 1402 1651 Sacra
1445 1592 1541 1651 via
1565 1590 1660 1650 vel
1709 1592 1766 1651 in
1812 1590 1965 1651 aditu
2002 1592 2210 1653 theatri

115 1698 163 1738 15
183 1679 581 1740 adorirentur:
632 1685 940 1754 postquam
981 1682 1217 1735 senatus
1257 1674 1454 1735 Idibus
1490 1676 1711 1735 Martiis
1742 1678 1799 1734 in
1833 1676 2076 1755 Pompei
2113 1692 2208 1735 ou-

183 1766 323 1824 riam
348 1763 580 1824 edictus
605 1768 729 1837 est,
774 1759 953 1819 facile
988 1766 1215 1838 tempus
1240 1768 1299 1819 et
1333 1760 1528 1820 locum
1552 1760 1970 1838 praetulerunt.

309 1847 431 1907 Sed
472 1844 713 1907 Caesari
754 1844 944 1903 futura
994 1842 1207 1903 caedes
1242 1844 1606 1905 evidentibus
1655 1844 1940 1924 prodigiis
1987 1843 2200 1903 denun-
2224 1844 2284 1898 81

184 1934 323 1992 tiata
369 1940 482 1991 est.
548 1928 777 1989 Paucos
836 1936 970 1987 ante
1014 1945 1280 2007 menses,
1334 1930 1548 1989 cumin
1592 1928 1827 1991 colonia
1870 1927 2071 2009 Capua
2107 1928 2205 1988 de-

186 2016 343 2075 ducti
409 2015 551 2091 lege
612 2013 756 2073 Iulia
803 2012 999 2072 coloni
1050 2012 1122 2072 ad
1179 2013 1531 2074 extruendas
1589 2013 1760 2075 villas
1817 2015 2208 2073 vetustissima

116 2114 166 2157 20
185 2099 505 2179 sepulchra
556 2096 940 2174 dissicerent,
978 2096 1152 2175 idque
1194 2116 1267 2158 eo
1327 2098 1639 2159 studiosius
1689 2098 1987 2176 facerent,
2051 2098 2207 2178 quod

182 2185 541 2265 aliquantum
587 2180 962 2242 vasculorum
1021 2181 1219 2259 operis
1274 2185 1490 2263 antiqui
1552 2191 1881 2243 scrutantes
1947 2183 2206 2261 reperie-

179 2269 348 2346 bant,
397 2266 601 2330 tabula
644 2283 827 2326 aenea
870 2267 927 2324 in
963 2266 1349 2343 monimento,
1413 2270 1470 2326 in
1510 2283 1624 2346 quo
1671 2265 1972 2327 dicebatur
2010 2265 2207 2346 Capys

184 2353 457 2415 conditor
516 2349 753 2430 Capuae
800 2350 1096 2429 sepultus,
1162 2352 1397 2411 inventa
1437 2361 1557 2427 est,
1615 2352 1952 2429 conscripta
1997 2352 2207 2411 litteris

180 2438 505 2517 verbisque
552 2434 795 2495 Graecis
829 2433 939 2493 hac
982 2438 1302 2511 sententia,
1361 2434 1752 2515 Quandoque
1790 2452 1939 2496 ossa
1974 2433 2210 2514 Capyis

114 2540 163 2579 25
184 2523 429 2585 detecta
461 2525 697 2594 essent,
743 2517 889 2597 fore
927 2525 996 2579 ut
1033 2516 1171 2580 Iulo
1203 2529 1561 2600 -proynatus
1599 2537 1788 2580 manu
1833 2519 2205 2599 con-sanqui-

180 2612 439 2669 neo'rum
468 2608 806 2667 necaretur
829 2602 1191 2682 maynisque
1234 2623 1384 2666 mom
1420 2602 1653 2666 Italiae
1692 2604 1983 2666 cladibus
2005 2603 2203 2666 vindi·

182 2697 456 2752 caretur.
540 2687 718 2749 Cuius
771 2687 889 2762 rei,
948 2705 1022 2747 ne
1067 2688 1193 2766 quis
1239 2689 1565 2751 fabulosam
1609 2697 1705 2750 aut
1749 2690 2207 2749 commenticiam

184 2783 383 2855 putet,
442 2782 654 2835 auctor
688 2780 781 2831 est
816 2768 1127 2831 Cornelius
1180 2772 1428 2851 Balbus,
1473 2774 1949 2834 familiarissimus
1997 2772 2207 2833 Caesa-

180 2862 283 2919 ris.
350 2857 645 2920 Proximis
700 2854 905 2915 diebus
948 2872 1229 2934 equorum
1283 2875 1537 2936 greges,
1595 2873 1744 2936 quos
1789 2858 1845 2915 in
1882 2855 2206 2917 traiciendo

113 2941 493 3004 ³⁰Rubicone
549 2940 780 3001 flumine
848 2949 1225 3000 consecrarat
1293 2959 1376 3001 ac·
1408 2958 1598 3018 vagos
1665 2950 1724 3001 et
1780 2943 1907 3000 sine
1964 2939 2208 3001 custode

181 3029 518 3103 dimiserat,
562 3025 851 3104 comperit
895 3025 1360 3103 pertinacissime
1420 3025 1636 3106 pabulo
1690 3025 1986 3086 abstinere
2037 3024 2207 3083 uber-

180 3115 399 3192 timque
454 3111 624 3171 flere.
710 3106 789 3167 Et
831 3107 1221 3169 immolantem
1276 3110 1574 3190 haruspex
1630 3110 1917 3188 Spurinna
1967 3109 2208 3185 monuit,

180 3202 439 3258 caveret
492 3192 872 3274 periculum,
929 3191 1099 3273 quod
1142 3210 1267 3255 non
1313 3193 1485 3255 ultra
1531 3192 1807 3254 Martias
1855 3190 2012 3253 Idus
2057 3211 2206 3273 pro-

176 3280 479 3357 ferretur.
551 3277 744 3338 Pridie
782 3286 971 3337 autem
1008 3277 1242 3337 easdem
1284 3276 1420 3338 Idus
1463 3294 1630 3339 avem
1663 3277 2044 3355 regaliolum,
2084 3294 2210 3337 cum

110 3383 160 3426 35
180 3365 385 3426 laureo
440 3361 669 3425 ramulo
714 3361 1107 3441 Pompeianae
1157 3364 1349 3423 curiae
1399 3381 1465 3422 se
1509 3362 1887 3439 inferentem,
1933 3362 2210 3423 volucres

178 3451 327 3509 varii
376 3447 624 3525 generis
675 3464 752 3505 ex
810 3446 1079 3525 proximo
1114 3464 1380 3529 ¹nemore
1434 3455 1786 3526 persecutae
1831 3446 2042 3507 ibidem
2097 3438 2208 3507 dis-

184 3541 560 3613 cerpserunt.
604 3528 690 3590 Ea
722 3548 867 3591 vero
912 3537 1119 3608 nocte,
1168 3534 1259 3590 cui
1297 3531 1504 3591 inluxit
1542 3530 1668 3591 dies
1709 3531 1938 3607 caediS,
1986 3540 2046 3590 et
2079 3533 2210 3608 ipse

184 3616 295 3677 sibi
341 3618 507 3676 visus
550 3620 645 3673 est
707 3632 816 3692 per
862 3614 1113 3693 quietem
1162 3615 1444 3675 interdum
1487 3633 1662 3696 supra
1708 3616 1894 3675 nubes
1939 3612 2212 3687 volitare,

287 3719 633 3763 sum-omos..
1044 3762 1049 3768 K
1757 3700 1794 3757 3
2055 3700 2062 3704 ’
