2700 4234
403 295 484 357 26
572 307 632 356 c.
665 307 966 356 sun'rom
1001 306 1258 368 TRANQ.
1291 306 1386 352 nn
1418 307 1585 354 vrrA
1618 305 1989 356 CAESARUM
2019 278 2157 356 mn.
2191 309 2236 356 1.

403 463 611 524 sendas
662 463 877 522 frustra
924 479 1106 541 saepe
1157 461 1443 538 misisset,
1498 462 1813 522 novissime
1858 461 1990 540 ipse
2042 461 2191 522 clam
2234 473 2410 524 noctu

404 547 704 626 parvulum
731 547 1023 623 navigium
1052 544 1213 605 solus
1245 544 1529 616 obvoluto
1570 547 1761 624 capite
1794 545 2171 624 conscendit,
2218 565 2411 626 neque

402 640 496 691 aut
539 633 666 712 quis
703 639 864 689 esset
900 639 1033 690 ante
1069 629 1292 689 detexit
1325 637 1421 689 aut
1458 629 1911 706 gubernatorem
1946 629 2161 690 cedere
2205 630 2411 692 adver-

317 723 384 778 59
405 733 505 775 sae
536 716 862 792 tempestati
896 731 1103 791 passus
1135 722 1256 790 est,
1282 731 1453 792 quam
1486 731 1673 793 paene
1706 712 1945 773 obrutus
1976 713 2262 775 fluctibus.
2319 715 2410 776 Ne

399 799 690 878 religione
720 797 948 877 quidem
979 797 1093 857 ulla
1125 815 1158 857 a
1190 815 1478 876 quoquam
1498 799 1739 876 incepto
1774 795 2117 857 absterritus
2146 817 2411 878 umquam
2430 823 2455 860 5

399 883 496 942 vel
538 881 860 942 retardatus
906 889 1014 940 est.
1101 880 1243 941 Cum
1287 880 1601 942 immolanti
1646 880 1971 958 aufugisset
2001 881 2224 960 hostia,
2275 901 2410 962 pro-

398 967 712 1026 fectionem
758 963 1038 1026 adversus
1073 965 1411 1042 Scipionem
1456 974 1517 1024 et
1560 965 1757 1024 Iubam
1796 981 1913 1024 non
1962 965 2200 1027 distulit.
2270 967 2409 1028 Pro·

399 1050 594 1130 lapsus
625 1051 796 1110 etiam
827 1051 884 1108 in
915 1066 1162 1126 egressu
1193 1051 1388 1126 navis,
1435 1065 1611 1108 verso
1645 1047 1717 1108 ad
1744 1048 1949 1108 melius
1981 1051 2171 1110 omine
2213 1049 2407 1114 Teneo

399 1140 486 1210 te,
520 1136 730 1212 inquit,
763 1131 1012 1212 Africa.
1081 1133 1174 1192 Ad
1205 1131 1519 1192 eludendas
1554 1141 1741 1192 autem
1773 1133 2253 1211 vaticinationes,
2285 1137 2405 1214 qui—

397 1217 504 1277 bus
534 1217 680 1278 felix
711 1226 769 1277 et
805 1219 1080 1276 invictum
1114 1218 1171 1276 in
1207 1234 1276 1277 ea
1311 1217 1616 1294 provincia
1647 1215 1901 1276 fataliter
1934 1217 2275 1296 Scipionum
2304 1233 2479 1278 no·1e

395 1311 526 1361 men
579 1300 909 1378 ferebatur,
963 1301 1467 1380 despectissimum
1528 1298 1811 1378 quendam
1868 1307 1947 1360 ex
1998 1299 2407 1363 Corneliorum

397 1405 651 1468 genere,
699 1388 788 1446 cni
831 1385 904 1446 ad
947 1383 1326 1465 opprobrium
1367 1385 1521 1444 vitae
1558 1383 1843 1444 Salvitoni
1886 1401 2215 1462 cognomen
2258 1395 2405 1464 erat,

397 1476 454 1532 in
487 1473 694 1532 castris
721 1488 918 1531 secum
950 1469 1165 1530 habuit.

313 1567 382 1622 60
524 1555 754 1616 Proelia
785 1572 902 1613 non
935 1562 1147 1614 tantum
1176 1552 1501 1630 destinato,
1548 1551 1653 1611 sed
1686 1571 1762 1612 ex
1792 1547 2109 1612 occasione
2141 1552 2406 1612 sumebat

397 1657 467 1700 ac
505 1657 686 1718 saepe
721 1637 792 1698 ab
825 1639 1034 1697 itinere
1073 1638 1294 1714 statim,
1341 1635 1624 1696 interdum
1656 1636 2047 1715 spurcissimis
2090 1644 2401 1716 tempesta·
2426 1657 2478 1699 15

397 1723 576 1800 tibus,
621 1741 747 1782 cum
793 1723 1021 1781 minime
1064 1723 1190 1800 quis
1225 1729 1509 1780 moturum
1542 1729 1800 1800 putaret;
1849 1736 1961 1781 nec
1990 1721 2101 1779 nisi
2136 1729 2403 1800 tempore

397 1815 659 1866 extremo
709 1805 780 1866 ad
821 1804 1200 1865 dimicandum
1244 1805 1567 1864 cunctatior
1600 1803 1787 1864 factus
1834 1812 1954 1880 est,
2008 1820 2123 1882 quo
2168 1805 2403 1883 saepius

397 1891 666 1966 vicisset,
712 1888 829 1948 hec
871 1891 1053 1948 minus
1085 1887 1480 1968 experiendos
1514 1905 1683 1947 casus
1722 1889 2000 1966 opinans,
2042 1887 2301 1967 nihilque
2334 1905 2403 1946 se

395 1981 606 2032 tantum
649 1971 1060 2050 adquisiturum
1099 1974 1381 2050 victoria,
1438 1979 1705 2050 quantum
1734 1971 1865 2008 *³¹³*
1900 1965 2183 2054 [auferre
2225 1971 2399 2032 cala-

393 2055 579 2116 mitas
603 2061 838 2133 posset.
917 2053 1167 2117 Nullum
1195 2051 1507 2138 umquam]
1541 2055 1769 2115 hostem
1812 2055 1987 2130 fudit,
2023 2057 2158 2134 quin
2196 2057 2399 2115 castris
2418 2074 2475 2116 20

395 2157 625 2219 quoque
656 2148 927 2200 exueret:
965 2141 1042 2199 ita
1073 2139 1286 2199 nullum
1319 2142 1566 2219 spatium
1596 2140 1925 2218 perterritis
1956 2138 2143 2198 dabat.
2221 2138 2397 2199 Anci-

394 2225 498 2302 piti
540 2223 771 2302 proelio
813 2241 996 2303 equos
1032 2221 1350 2284 dimittebat
1392 2233 1451 2292 et
1493 2225 1551 2282 in
1597 2224 1796 2302 primis
1830 2241 2023 2299 suum,
2069 2239 2183 2301 quo
2214 2224 2400 2282 maior

397 2307 766 2386 permanendi
830 2309 1152 2368 necessitas
1205 2309 1604 2387 imponeretur
1660 2306 1877 2368 auxilio
1932 2307 2108 2384 fugae
2167 2315 2397 2386 erepto.

311 2398 374 2452 61
398 2390 679 2452 Utebatur
720 2399 906 2450 autem
948 2409 1100 2470 equo
1140 2393 1385 2468 insigni,
1435 2389 1680 2470 pedibus
1724 2407 1916 2469 prope
1947 2389 2205 2450 humanis
2244 2399 2301 2450 et
2340 2390 2400 2450 in

393 2473 621 2533 modum
653 2473 961 2550 digitorum
989 2475 1220 2552 ungulis
1257 2477 1443 2552 fissis,
1490 2492 1659 2554 quem
1703 2483 1893 2534 natum
1934 2473 2084 2553 apud
2124 2491 2221 2552 se,
2270 2492 2398 2535 cum
2416 2495 2473 2536 25

393 2557 732 2636 haruspices
763 2559 1062 2637 imperium
1095 2558 1255 2618 orbis
1287 2567 1481 2619 terrae
1512 2555 1845 2635 significare
1878 2556 2111 2618 domiuo
2142 2575 2397 2637 pronun-

327 2677 339 2688 ι
393 2641 664 2717 tiassent,
715 2657 922 2719 magna
969 2658 1104 2702 cura
1155 2641 1294 2702 aluit
1343 2661 1457 2704 nec
1497 2644 1813 2721 patientem
1855 2642 2111 2701 sessoris
2158 2640 2397 2709 alterius

394 2724 607 2802 primus
639 2725 925 2794 ascendit;
975 2726 1134 2784 cuius
1178 2727 1350 2786 etiam
1391 2729 1571 2786 instar
1599 2743 1711 2805 pro
1744 2724 1889 2786 aede
1925 2725 2179 2786 Veneris
2208 2724 2395 2786 Gene-

307 2809 376 2863 62
394 2808 555 2866 tricis
592 2816 800 2884 postea
831 2807 1139 2869 dedicavit.
1211 2809 1547 2870 Inclinatam
1584 2811 1770 2869 aciem
1812 2808 1974 2869 solus
2015 2825 2197 2886 saepe
2226 2811 2395 2869 resti-

391 2892 494 2949 tnit
542 2888 832 2952 obsistens
875 2892 1230 2970 fugientibus
1273 2894 1648 2972 retinensque
1696 2892 1961 2970 singulos
2002 2900 2063 2951 et
2106 2895 2392 2954 contortis
2413 2906 2471 2950 so

390 2971 650 3033 faucibus
707 2984 1058 3035 convertens
1102 2979 1161 3036 in
1206 2975 1436 3050 hostem
1472 2985 1533 3036 et
1577 2976 1805 3056 quidem
1852 2974 2001 3036 adeo
2048 2975 2393 3056 plerumque

390 3056 682 3135 trepidoS,
739 3067 797 3116 ut
835 3057 1116 3136 aquilifer
1165 3062 1409 3120 moranti
1459 3078 1525 3120 se
1571 3059 1813 3139 cuspide
1864 3061 1938 3119 sit
1992 3061 2391 3138 comminatuS,

305 3155 372 3210 63
389 3140 532 3201 alius
566 3141 623 3199 in
661 3159 827 3201 manu
868 3143 1175 3203 detinentis
1215 3143 1517 3223 reliquerit
1556 3144 1800 3221 signum.
1865 3142 1999 3203 Non
2037 3145 2261 3205 minora
2292 3143 2391 3204 illa

389 3226 746 3284 constantiae
789 3227 948 3302 eius,
991 3227 1164 3287 immo
1205 3229 1425 3288 maiora
1468 3228 1641 3288 etiam
1674 3226 1886 3287 indicia
1931 3227 2163 3287 fuerint.
2249 3225 2392 3288 Post

386 3305 570 3366 aciem
599 3306 984 3369 Pharsalicam
1027 3327 1153 3370 cum
1194 3313 1531 3390 praemissis
1572 3313 1631 3371 in
1662 3311 1861 3372 Asiam
1906 3311 2095 3390 copiis
2138 3329 2245 3388 per
2290 3329 2464 3374 an-as

384 3390 603 3467 gustias
634 3389 1001 3470 Hellesponti
1043 3395 1307 3454 rectoria
1350 3394 1615 3456 navicula
1658 3397 1967 3471 traiceret,
2015 3393 2082 3453 L.
2122 3392 2389 3454 Cassium

383 3471 563 3550 partis
595 3473 878 3535 adversae
911 3493 1038 3534 cum
1071 3476 1274 3537 decem
1303 3480 1572 3538 rostratis
1606 3477 1847 3538 navibus
1882 3477 2112 3537 obvium
2141 3477 2253 3535 sihi
2284 3495 2384 3536 ne-

384 3573 494 3632 que
526 3557 741 3634 refugit
771 3567 828 3618 et
863 3562 1176 3620 comminus
1205 3561 1483 3640 tendens,
1520 3560 1672 3621 ultro
1712 3559 1783 3620 ad
1813 3560 2164 3621 deditionem
2190 3559 2387 3622 horta-
