2700 4234
411 842 553 915 AD
595 839 1162 919 LECTOREM
1203 842 1819 919 PRAEFATIO.

257 1223 262 1227 ἱ
363 1123 714 1205 Suetonium
737 1147 953 1218 studia,
984 1150 1455 1222 splendidissimis
1486 1150 1623 1209 olim
1648 1150 2025 1209 commendata

210 1232 522 1288 nominibus
549 1230 810 1287 Politiani
837 1230 1051 1289 Erasini
1081 1234 1288 1305 Lipsii‚
1319 1236 1523 1291 deinde
1548 1234 1865 1293 casauboni
1885 1234 2026 1292 Gro-

211 1316 502 1371 noviorum
543 1314 719 1387 patris
776 1320 832 1369 et
871 1316 971 1371 filii
1016 1315 1241 1373 Graevii
1289 1318 1585 1376 Burmanni
1640 1317 2025 1391 Oudendorpii

213 1398 437 1453 Ernesti
476 1398 760 1454 laboribus
797 1398 1124 1471 nobilitata,
1163 1408 1359 1458 nostro
1398 1402 1627 1459 saeculo
1659 1401 1823 1459 valde
1854 1400 2024 1457 refri-

211 1497 452 1553 gescere
494 1486 817 1553 coeperunt.
907 1480 1040 1538 Nam
1071 1484 1164 1555 qui
1197 1485 1469 1555 proximis
1502 1485 1845 1558 temporibus
1878 1484 2023 1541 Sue-

209 1565 366 1621 tonio
406 1564 624 1620 edendo
665 1580 881 1620 manum
925 1566 1318 1637 admoverunt,
1364 1570 1683 1625 scholarum
1718 1567 2023 1625 commodis

209 1649 506 1705 consulere
560 1648 700 1703 satis
748 1648 1062 1705 babuerunt
1115 1656 1172 1704 et
1210 1649 1335 1721 ipse
1375 1650 1695 1707 Fridericus
1734 1648 2023 1720 Augustus

208 1732 397 1801 Wolf,
451 1731 702 1803 quamvis
751 1731 966 1787 criticis
1017 1732 1289 1789 subsidiis
1346 1748 1459 1789 non
1504 1733 1868 1801 deficeretur,
1922 1732 2023 1787 do-

209 1822 422 1871 ctorum
471 1816 752 1871 bominum
795 1814 1204 1887 exspectationi
1243 1814 1421 1889 impar
1459 1817 1615 1873 visus
1660 1822 1765 1872 est.
1854 1814 2023 1871 Prae-

208 1906 364 1954 terea
407 1897 655 1955 nonnulli
691 1898 762 1953 de
792 1898 900 1953 fide
931 1914 1114 1955 rerum
1157 1915 1189 1954 a
1221 1898 1545 1971 Tranquillo
1580 1898 2021 1972 conscriptarum

209 1981 473 2038 laudabili
505 1980 694 2037 studio
727 1988 1136 2053 exposuerunt;
1163 1982 1233 2039 de
1265 1984 1455 2041 verbis
1480 1983 1838 2039 emendandis
1862 1982 2023 2038 libri-

209 2082 314 2137 que
345 2064 540 2137 specie
569 2064 831 2139 universa
862 2066 928 2120 ad
970 2065 1262 2138 pristinam
1291 2066 1673 2138 iutegritatem
1702 2066 2021 2122 revocanda

209 2148 386 2205 omnia
421 2155 547 2205 acta
575 2164 706 2204 esse
735 2148 858 2204 visa
889 2154 1035 2205 suut..
1101 2147 1292 2221 Neque
1324 2150 1384 2206 id
1412 2165 1644 2222 prorsus
1678 2148 1857 2215 fals03
1898 2165 2021 2204 nam

205 2233 273 2289 ab
307 2232 562 2303 egregiis
605 2230 720 2287 illis
753 2231 1064 2288 editoribus
1109 2238 1218 2288 tam
1265 2233 1399 2290 libri
1429 2239 1654 2289 veteres
1682 2248 1881 2303 magno
1918 2248 2021 2287 nu-

206 2332 356 2371 mero
389 2315 648 2385 inquisiti
693 2322 751 2371 et
792 2314 863 2370 ad
895 2315 1338 2372 emendationem
1379 2315 1615 2372 adhibiti
1652 2322 1817 2385 sunt,
1859 2330 2022 2387 quam

207 2398 626 2455 emendationes
650 2397 980 2469 ingeniosae
1003 2397 1282 2471 corruptis
1307 2400 1450 2455 locis
1473 2398 1738 2455 inventae
1752 2438 1773 2469 ‚
1802 2404 1863 2453 ut
1881 2414 2021 2455 sane

204 2484 299 2553 qui
322 2483 418 2537 vel
441 2496 698 2538 acervum
722 2480 912 2539 variae
938 2482 1198 2538 lectionis
1229 2500 1441 2553 augere
1465 2482 1786 2539 elaboraret
1808 2482 1899 2537 vel
1920 2482 2021 2537 ba-

203 2563 468 2621 riolando
499 2580 723 2636 operam
751 2566 940 2635 daret,
970 2582 1304 2638 paucorum,
1337 2566 1487 2622 sicut
1513 2582 1633 2623 mea
1664 2566 1773 2621 fert
1802 2564 2021 2638 opinio,

203 2647 444 2720 gratiam
479 2655 632 2703 esset
665 2655 1086 2705 consecuturus.

195 2769 214 2786 ⁴
331 2732 538 2799 Verum
569 2733 678 2789 boe
717 2732 954 2789 nonduin
987 2730 1124 2789 satis
1168 2732 1479 2805 perfectum
1508 2734 1637 2788 esse
1668 2731 1925 2801 videtur,
1964 2736 2023 2786 ut

207 2832 278 2871 ex
323 2814 542 2871 infinito
584 2815 850 2875 librorum
890 2832 1118 2873 numero
1159 2815 1353 2888 optimi
1399 2821 1455 2871 et
1500 2813 1873 2885 antiquissimi
1916 2813 2023 2869 eli-

205 2905 408 2970 gantur
438 2914 504 2955 ac
527 2904 797 2970 tamquam
824 2900 995 2956 duces
1017 2899 1135 2969 fidi,
1170 2915 1310 2971 quos
1343 2914 1611 2970 nusquam
1638 2896 1747 2953 nisi
1778 2896 1837 2951 in
1859 2913 2025 2969 aper-

205 2988 296 3039 tos
342 2998 570 3039 errores
613 2973 914 3038 inciderint
951 2983 1062 3056 ipsi
1093 2984 1361 3040 deserere
1389 2981 1592 3052 liceat,
1630 2982 2020 3037 observentur.

204 3066 391 3122 Multis
431 3066 489 3121 in
527 3067 729 3135 rebus,
769 3083 911 3138 quae
946 3057 1194 3123 leviores
1222 3066 1515 3136 videntur,
1558 3071 1619 3119 ut
1660 3070 1761 3125 est
1775 3064 2024 3121 vocabu-

206 3150 386 3205 lorum
409 3150 714 3207 collocatio
739 3156 833 3206 aut
855 3150 1138 3215 scribendi
1165 3151 1307 3210 ratio
1333 3156 1428 3207 aut
1451 3149 1691 3221 capitum
1713 3147 2025 3216 distincti0‚

207 3232 511 3290 editionum
541 3234 792 3306 priorum
823 3240 1113 3291 curatores
1143 3250 1353 3291 morem
1384 3232 1558 3289 semel
1589 3237 1874 3303 receptum
1903 3230 2025 3285 vul-

204 3322 503 3389 gatumque
537 3318 700 3389 sequi
731 3334 892 3389 quam
917 3334 989 3373 ex
1018 3317 1180 3374 libris
1203 3318 1489 3373 immutare
1521 3315 1846 3371 maluerunt.
1914 3312 2027 3371 Sed

206 3407 395 3457 nostra
431 3407 620 3457 aetate
657 3400 1004 3457 intellectum
1037 3406 1156 3470 est,
1184 3400 1399 3456 >nullam
1430 3414 1559 3455 esse
1600 3398 1875 3454 rationem*
1902 3398 2025 3453 vul-

207 3490 373 3553 gatae
405 3483 673 3541 lectionis
704 3498 772 3543 ac
803 3500 873 3539 ne
893 3485 953 3539 in
981 3476 1217 3541 minimis
1245 3484 1467 3556 quidem
1502 3483 1671 3538 rebus
1695 3480 2025 3549 habendam,

207 3566 313 3622 nisi
368 3568 704 3641 optimorum
756 3568 1026 3625 librorum
1071 3568 1371 3625 accederet
1425 3565 1745 3624 auctoritas.
1832 3564 2025 3635 Itaque
