2700 4234
985 326 1198 376 mvus
1241 325 1496 374 mnus,
2142 314 2241 376 '17

358 482 666 546 Confectis
707 479 882 542 bellis
935 479 1278 558 quinquiens
1329 479 1727 559 triumphavit,
1778 489 1915 561 post
1960 479 2245 540 devictum
2262 491 2333 548 37

227 571 572 648 Scipionem
619 573 828 642 quater
871 563 1078 647 eodem
1120 582 1355 640 mense,
1398 564 1505 626 sed
1540 566 1863 624 interiectis
1903 563 2138 640 diebus,
2189 574 2249 624 et

129 643 155 660 ‘
231 671 440 715 rursus
473 649 658 710 semel
693 657 830 729 post
861 656 1172 726 superatos
1200 647 1441 726 Pompei
1471 648 1713 708 liberos.
1780 648 2026 709 Primum
2057 657 2116 707 et
2146 655 2245 708 er·

231 735 711 798 cellentissimum
744 731 1088 810 triumphum
1117 733 1240 808 egit
1265 730 1582 808 Gallicum,
1618 741 1961 810 sequentem
1990 731 2245 792 Alexan-

185 837 210 876 ε
232 822 493 893 drinum,
531 815 738 876 deinde
769 814 1104 891 Ponticum,
1137 815 1270 875 huic·
1302 817 1627 894 proximum
1657 815 2021 892 Africanum,
2054 817 2245 874 novis-

230 907 438 964 simum
476 900 956 979 Hispaniensem,
1001 898 1234 958 diverso
1282 916 1570 977 quemque
1614 908 1895 979 apparatu
1938 907 1997 959 et
2042 901 2246 960 instru-

227 995 448 1048 mento.
542 982 750 1045 Gallici
783 982 1056 1061 triumphi
1087 981 1180 1041 die
1209 981 1526 1042 Velabrum
1569 983 2029 1061 praetervehens
2059 1001 2249 1062 paene

233 1089 406 1131 curru
437 1085 728 1129 excussus
757 1075 878 1142 est,
911 1084 1022 1126 axe
1054 1065 1348 1142 diffracto,
1390 1066 1766 1145 ascenditque
1800 1065 2146 1145 Capitolium
2177 1066 2249 1128 ad

231 1155 480 1229 lumina,
529 1149 908 1230 quadraginta
941 1149 1268 1228 elephantis
1297 1149 1501 1210 dextra
1544 1159 1717 1228 atque
1750 1151 1980 1210 sinistra
2011 1151 2248 1226 lychnu-

168 1253 218 1296 ιο
239 1238 386 1315 chos
427 1233 812 1314 gestantibus.
898 1232 1143 1294 Pontico
1191 1232 1479 1313 triumpho
1526 1235 1677 1294 inter
1727 1251 1979 1313 pompae
2025 1234 2250 1295 fercula

235 1318 409 1396 trium
441 1319 748 1378 verborum
781 1317 1052 1396 praetulit
1080 1317 1300 1376 titulum
1331 1318 1532 1393 veni,
1569 1317 1752 1394 vidi,
1788 1319 1933 1377 vici
1976 1335 2093 1378 non
2122 1326 2251 1378 acta

237 1403 384 1464 belli
430 1402 882 1478 significantem,
927 1401 1076 1460 sicut
1121 1402 1371 1476 ceteris,
1416 1402 1522 1461 sed
1552 1400 1827 1462 celeriter
1855 1402 2110 1463 confecti
2146 1418 2248 1460 no-

220 1497 372 1548 tam.
464 1486 771 1546 Veteranis
815 1484 1152 1561 legionibus
1193 1484 1450 1564 praedae
1492 1487 1723 1546 nomine
1764 1487 1823 1546 in
1868 1485 2097 1565 pedites
2137 1486 2337 1546 sin-38

233 1569 412 1648 gulos
445 1587 625 1648 super
653 1568 786 1630 bina
817 1569 1112 1646 sestertia,
1151 1585 1301 1648 quae
1331 1569 1494 1629 initio
1530 1569 1718 1629 civilis
1748 1569 2017 1629 tumultus
2055 1587 2247 1629 nume·

167 1669 216 1710 ιε
235 1662 504 1729 raverat,
537 1653 745 1712 vicena
775 1659 1054 1730 quaterna
1083 1652 1237 1712 milia
1260 1670 1543 1714 nummum
1574 1651 1751 1716 dedit.
1815 1651 2164 1729 Adsignavit
2194 1660 2252 1711 et

234 1754 438 1814 agros,
473 1735 580 1796 sed
609 1751 726 1796 non
758 1736 1082 1812 continuos,
1117 1753 1191 1795 ne
1222 1729 1354 1813 'quis
1386 1753 1798 1814 possessorum
1832 1735 2248 1815 expelleretur.

233 1821 465 1900 Populo
498 1827 736 1902 praeter
765 1819 1033 1880 frumenti
1055 1818 1245 1880 denos
1275 1820 1504 1880 modios
1540 1837 1612 1880 ac
1640 1820 1879 1882 totidem
1918 1819 2036 1880 olei
2071 1817 2251 1890 libras

232 1914 516 1964 trecenos
561 1920 795 1981 quoque
828 1920 1122 1978 nummos,
1156 1920 1306 1982 quos
1344 1903 1643 1983 pollicitus
1668 1903 1804 1964 olim
1843 1913 2004 1979 erat,
2040 1902 2251 1963 viritim

236 1988 454 2065 divisit,
486 1996 547 2046 et
576 1985 694 2065 hoc
723 1986 965 2066 amplius
991 1995 1271 2048 centenos
1295 2005 1405 2067 pro
1433 2005 1615 2049 mora.
1666 1987 1931 2049 Annuam
1956 1987 2129 2047 etiam
2152 1985 2249 2046 ha-

163 2086 218 2125 20
237 2072 572 2131 bitationem
598 2069 824 2132 Romae
855 2089 926 2142 us
1071 2069 1144 2131 ad
1171 2069 1304 2133 bina
1336 2073 1489 2132 milia
1520 2067 1837 2148 nummum,
1862 2074 1921 2132 in
1949 2070 2113 2131 Italia
2136 2086 2253 2129 non

235 2155 382 2216 ultra
409 2155 738 2233 quingenos
762 2089 1334 2244 se‘s‘tffifflnisit.
1395 2154 1628 2216 Adiecit
1670 2155 1901 2234 epulum
1942 2173 2014 2214 ac
2062 2154 2251 2213 visce-

233 2240 547 2314 rationem,
580 2247 640 2296 et
679 2247 812 2316 post
848 2236 1294 2316 Hispaniensem
1324 2239 1629 2300 victoriam
1664 2238 1775 2298 duo
1820 2236 2087 2316 prandia;
2122 2251 2252 2296 nam

238 2339 364 2380 cum
384 2324 546 2401 prius
563 2338 746 2399 parce
769 2337 958 2398 neque
978 2338 1088 2400 pro
1108 2321 1461 2382 liberalitate
1480 2340 1583 2381 sua
1609 2321 1933 2400 praebitum
1953 2320 2251 2395 iudicaret,

237 2405 437 2483 quinto
461 2413 597 2484 post
627 2403 720 2464 die
811 2403 906 2472 iud
929 2404 1314 2482 largissimum
1345 2405 1629 2483 praebuit.
1659 2403 1890 2466 xEdidit
1912 2403 2252 2484 spectacula
2270 2410 2337 2463 39

165 2503 218 2543 25
235 2488 380 2548 varii
400 2489 640 2564 generis
695 2507 750 2548 m
830 2475 1533 2565 us‘gladiatorium‚1udos
1554 2490 1722 2552 etiam
1740 2490 2085 2566 regionatim
2106 2485 2251 2546 urbe

235 2579 358 2632 tota
382 2580 442 2631 et
468 2570 637 2650 quide
727 2563 835 2651 pbr
863 2573 1110 2632 omnium
1135 2573 1459 2650 linguarum
1490 2573 1832 2651 histriones,
1866 2574 2001 2632 item
2030 2572 2252 2631 circen-

237 2672 351 2731 ses,
389 2654 664 2732 athletas,
706 2654 1116 2716 naumachiam.
1183 2657 1423 2718 Munere
1468 2657 1525 2715 in
1568 2657 1701 2718 foro
1747 2657 2105 2737 depugnavit
2144 2655 2253 2716 Fu-

232 2737 357 2797 rius
385 2737 664 2817 Leptinus
697 2740 880 2818 stirpe
912 2741 1205 2819 praetoria
1241 2748 1299 2799 et
1331 2741 1402 2815 Q.
1437 2738 1763 2818 Calpenus,
1803 2749 2043 2800 senator
2074 2757 2252 2816 quon·

236 2821 366 2880 dam
401 2830 684 2900 actorque
717 2840 1038 2883 causarum.
1093 2822 1431 2899 Pyrrichum
1462 2822 1819 2884 saltaverunt
1848 2823 2027 2882 Asiae
2061 2821 2252 2896 Bithy-

167 2927 218 2968 so
236 2905 488 2982 uiaeque
538 2906 862 2985 principum
915 2905 1103 2966 liberi.
1187 2906 1363 2968 Ludis
1413 2905 1689 2966 Decimus
1739 2906 2017 2966 Laberius
2070 2923 2255 2983 eques

231 2989 531 3049 Romanus
559 2990 787 3050 mimum
817 3008 979 3051 suum
1011 2991 1162 3067 egit,
1200 2991 1563 3068 donatusque
1596 2991 1929 3069 quingentis
1970 2991 2255 3049 sestertiis

233 3081 292 3131 et
337 3071 512 3132 anulo
559 3090 772 3149 aureo,
825 3091 1050 3134 sessum
1091 3075 1148 3133 in
1187 3073 1645 3153 quattuordecim
1689 3093 1723 3134 e
1757 3091 1970 3135 scaena
2004 3090 2112 3150 per
2162 3089 2253 3131 or·

234 3155 526 3216 chestram
556 3157 802 3217 transiit.
869 3155 1278 3234 Circensibus,
1312 3159 1503 3237 spatio
1539 3159 1681 3218 circi
1711 3158 1783 3219 ab
1812 3167 2059 3235 utraque
2091 3165 2255 3234 parte

233 3237 525 3316 producto
569 3247 626 3298 'et
665 3241 722 3299 in
753 3258 957 3317 gyrum
1000 3242 1206 3321 euripo
1245 3241 1473 3317 addito,
1520 3241 1832 3320 quadrigas
1878 3240 2165 3318 bigasque
2198 3249 2257 3300 et

166 3340 214 3380 35
235 3339 426 3400 equos
471 3321 826 3384 desultorios
873 3323 1238 3401 agitaverunt
1287 3323 1631 3386 nobilissimi
1669 3327 1931 3394 iuvenes,
2023 3323 2253 3385 Troiam

231 3405 370 3464 lusit
413 3415 598 3466 turma
631 3406 882 3487 duplex,
913 3408 1192 3468 maiorum
1225 3410 1625 3487 minorumque
1655 3427 1987 3490 puerorum.
2063 3410 2253 3469 Vena-

233 3489 427 3548 tiones
460 3490 650 3551 editae
687 3509 796 3571 per
828 3491 955 3552 dies
985 3492 1267 3570 quinque,
1305 3509 1377 3552 ac
1406 3493 1721 3554 novissime
1750 3512 1947 3575 pugna
1980 3492 2167 3552 divisa
2196 3492 2255 3550 in

233 3570 376 3632 duas
407 3575 602 3651 acies,
648 3577 958 3654 quingenis
989 3575 1317 3654 peditibus,
1362 3575 1688 3655 elephantis
1722 3579 1981 3652 vicenis,
2014 3575 2259 3634 tricenis

318 3671 628 3716 sum-omns·
1794 3661 1832 3718 2

177 1375 212 1415 'N
