2700 4234
895 283 1105 332 nsvus
1133 282 1500 350 anUDms.
2069 261 2076 267 ’
2109 272 2224 334 161

216 438 463 516 ademit,
493 437 737 500 Rhodiis
763 437 839 498 ob
865 439 1272 517 paenitentiam
1301 448 1564 500 veterum
1589 439 1934 502 delictorum
1959 435 2230 498 reddidit.

216 523 560 601 Iliensibus,
596 523 759 602 quasi
790 522 1083 584 Romanae
1114 523 1309 601 gentis
1340 523 1712 601 auctoribus,
1755 523 1963 584 tributa
2007 525 2062 581 in
2098 540 2228 601 per-

222 619 455 690 petuum
473 608 726 683 remisit,
760 608 1001 667 recitata
1032 616 1235 666 vetere
1255 607 1505 685 epistula
1536 607 1760 670 Graeca
1785 617 2020 668 senatus
2045 621 2230 686 popu-

134 753 141 758 .
219 695 381 774 lique
410 692 480 752 R.
508 691 761 752 Seleuco
794 692 922 768 regi
955 692 1257 751 amicitiam
1288 700 1347 750 et
1367 694 1707 753 societatem
1743 693 1822 752 ita
1845 691 2072 750 demum
2103 687 2230 769 pol-

164 791 193 830 5
219 778 485 853 licentis,
524 775 573 836 si
625 776 1093 853 consanguineos
1135 791 1273 834 suos
1314 773 1561 836 Ilienses
1607 775 1678 836 ab
1722 778 1874 835 omni
1917 792 2098 835 onere
2133 773 2230 833 im-

219 879 425 922 munes
473 860 879 939 praestitisset.
936 857 1185 920 Iudaeos
1234 859 1552 938 impulsore
1585 859 1834 920 Chresto
1881 856 2113 920 assidue
2147 867 2230 917 tu-

219 944 551 1006 multuantis
592 944 776 1006 Roma
819 942 1057 1023 expulit.
1103 942 1519 1005 Germanorum
1565 943 1781 1022 legatis
1827 944 1882 1002 in
1926 942 2234 1003 orchestra

222 1028 437 1090 sedere
492 1028 783 1106 permisit,
844 1026 1214 1105 simplicitate
1272 1044 1474 1088 eorum
1525 1037 1584 1088 et
1635 1027 1840 1088 fiducia
1892 1035 2232 1101 commotuS,

223 1111 385 1192 quod
420 1112 477 1170 in
512 1111 817 1191 popularia
848 1107 1110 1188 deducti,
1153 1129 1279 1170 cum
1315 1111 1856 1172 animadvertissent
1886 1110 2136 1171 Parthos
2177 1118 2236 1168 et

152 1208 204 1248 ιο
224 1196 538 1256 Armenios
570 1194 827 1255 sedentis
858 1196 915 1254 in
948 1203 1185 1271 senatu,
1227 1193 1298 1255 ad
1332 1195 1534 1256 eadem
1576 1196 1708 1256 loca
1739 1203 1950 1276 sponte
1989 1195 2231 1254 transie-

224 1288 389 1356 rant,
424 1278 599 1339 nihilo
632 1278 979 1339 deteriorem
1022 1279 1287 1338 virtutem
1319 1289 1413 1340 aut
1455 1279 1845 1340 conditionem
1875 1296 2034 1340 suam
2067 1295 2232 1357 prae-

228 1365 507 1424 dicantes.
556 1362 900 1438 Dryidarum
934 1361 1280 1439 religionem
1312 1363 1463 1442 apud
1497 1362 1695 1425 Gallos
1729 1362 1889 1424 dirae
1924 1363 2234 1422 immanita-

228 1451 337 1526 tis,
374 1456 431 1507 et
462 1456 675 1507 tantum
708 1447 929 1507 civibus
966 1445 1071 1505 sub
1105 1446 1373 1524 Augusto
1406 1446 1796 1525 interdictam,
1830 1449 2062 1527 penitus
2097 1444 2236 1506 abo-

227 1532 403 1601 levit;
460 1539 658 1592 co'ntra
700 1549 870 1592 sacra
900 1530 1195 1591 Eleusinia
1238 1532 1408 1591 etiam
1440 1531 1758 1591 transferre
1789 1549 1863 1590 ex
1893 1531 2088 1604 ‚Attica
2118 1529 2236 1590 Ro·

160 1624 209 1666 1⁵
230 1633 379 1676 mam
412 1624 652 1676 conatus
703 1625 824 1692 est,
873 1615 1267 1694 templumque
1310 1617 1367 1674 in
1410 1615 1608 1675 Sicilia
1651 1614 1902 1675 Veneris
1947 1613 2236 1690 Erycinae

232 1707 521 1760 vetustate
557 1699 892 1778 conlapsum
915 1708 976 1759 ut
1006 1718 1081 1758 ex
1112 1701 1340 1760 aerario
1369 1716 1507 1779 pop.
1532 1698 1602 1759 R.
1629 1700 2000 1775 reficeretur,
2035 1705 2239 1758 auctor

233 1784 359 1844 fuit.
408 1781 548 1842 Cum
578 1782 817 1860 regibus
847 1783 1057 1843 foedus
1088 1785 1145 1842 in
1182 1783 1315 1844 foro
1361 1785 1462 1844 icit
1500 1800 1682 1863 porca
1711 1800 1884 1843 caesa
1931 1801 2002 1842 ac
2034 1790 2237 1840 vetere

235 1866 517 1927 fetialium
552 1867 913 1945 praefatione
958 1866 1228 1928 adhibita.
1277 1867 1395 1927 Sed
1441 1876 1500 1927 et
1532 1866 1679 1928 haec
1709 1875 1767 1926 et
1797 1875 1995 1926 cetera
2030 1873 2236 1926 totum-

237 1969 351 2030 que
377 1948 523 2011 adeo
549 1967 624 2010 ex
644 1959 807 2029 parte
830 1969 1038 2029 magna
1073 1952 1454 2031 principatum
1477 1968 1592 2011 non
1617 1960 1729 2037 tam
1759 1965 1864 2028 suo
1899 1968 2066 2030 quam
2095 1966 2236 2009 uxo·

164 2047 362 2094 sorum
400 2033 853 2114 libertorumque
910 2033 1146 2096 arbitrio
1191 2035 1635 2113 administravit,
1684 2035 1814 2096 talis
1859 2033 2072 2114 ubique
2116 2033 2238 2113 ple-

235 2137 499 2198 rumque,
533 2119 761 2198 qualem
793 2137 929 2178 esse
960 2137 1089 2178 eum
1118 2128 1213 2180 aut
1242 2115 1550 2200 ex'pediret
1580 2119 1696 2180 illis
1729 2128 1824 2179 aut
1851 2101 2083 2178 liberet.

359 2204 618 2282 Sponsas
676 2196 977 2263 admodum
1024 2201 1382 2290 ‚adulescens
1435 2203 1574 2264 duas
1628 2202 1865 2263 habuit:
1935 2200 2238 2262 Aemiliam
2257 2205 2326 2260 26

238 2285 507 2365 Lepidam
543 2285 791 2364 Augusti
835 2269 1181 2366 pffi'il‘eptbffi
1219 2333 1236 2365 ,
1280 2290 1414 2348 item
1457 2287 1674 2347 Liviam
1702 2285 2104 2362 Medullinam,
2150 2285 2241 2345 cui

240 2379 299 2430 et
328 2386 659 2446 cognomen
696 2368 973 2430 Camillae
1009 2380 1164 2448 erat,
1202 2389 1235 2432 e
1272 2389 1496 2449 genere
1530 2372 1762 2450 antiquo
1803 2369 2102 2430 dictatoris
2135 2367 2241 2430 Ca-

166 2452 401 2514 nmilli.
490 2452 785 2531 Priorem,
836 2453 989 2532 quod
1034 2464 1309 2534 parentes
1350 2457 1475 2515 eius
1506 2454 1828 2533 Augustum
1861 2453 2243 2529 offenderant,

240 2537 525 2614 virginem
570 2535 756 2597 adhuc
795 2537 1145 2617 repudiavit,
1186 2540 1575 2618 posteriorem
1621 2541 1753 2618 ipso
1794 2538 1926 2615 die,
1979 2540 2072 2618 qui
2121 2546 2245 2597 erat

138 2679 143 2684 .
240 2621 454 2702 nuptiis
487 2618 835 2699 destinatus,
872 2640 946 2681 ex
980 2621 1291 2704 valitudine
1329 2625 1533 2684 amisit.
1578 2623 1814 2686 Uxores
1847 2623 2054 2684 deinde
2087 2622 2248 2683 duxit

241 2703 518 2766 Plautiam
563 2704 982 2783 Urgulanillam
1022 2707 1378 2787 triumphali,
1427 2718 1485 2769 et
1530 2726 1666 2769 mox
1697 2708 1923 2768 Aeliam
1954 2707 2246 2767 Paetinam

249 2787 535 2849 consulari
569 2798 754 2868 patre.
807 2789 948 2851 Cum
980 2800 1220 2871 utraque
1252 2791 1558 2853 divortium
1586 2793 1760 2868 fecit,
1803 2791 1908 2851 sed
1943 2808 2068 2850 cum
2104 2789 2244 2849 Pae-

174 2883 227 2926 80
247 2872 363 2931 tina
394 2888 468 2930 ex
492 2871 718 2934 levibus
744 2874 1015 2951 offensis,
1051 2893 1177 2935 cum
1209 2876 1574 2955 Urgulanilla
1606 2875 1681 2936 ob
1710 2874 2003 2934 libidinum
2033 2872 2250 2952 probra

247 2964 305 3016 et
363 2954 650 3018 homicidii
700 2960 1095 3038 suspitionem.
1159 2959 1299 3021 Post
1357 2961 1462 3022 has
1511 2959 1804 3036 Valeriam
1857 2957 2247 3032 Messalinam,

244 3037 477 3100 Barbati
506 3039 797 3103 Messalae
841 3041 1174 3104 consobrini
1219 3045 1307 3112 sui
1350 3045 1559 3122 liliam,
1607 3046 1664 3103 in
1693 3043 2110 3104 matrimonium
2154 3058 2248 3100 ac-

248 3125 423 3203 cepit.
501 3123 684 3200 Quam
733 3145 857 3186 cum
903 3128 1289 3205 comperisset
1331 3147 1510 3208 super
1559 3137 1757 3191 cetera
1815 3127 2032 3204 flagitia
2076 3133 2250 3204 atque

250 3206 543 3268 dedecora
581 3207 647 3269 C.
682 3208 825 3270 Silio
862 3213 1029 3272 etiam
1072 3215 1342 3291 nupsisse
1376 3211 1512 3275 dote
1549 3215 1697 3274 inter
1740 3212 2013 3291 auspices
2043 3209 2249 3276 ,consi-

180 3307 231 3350 85
250 3301 449 3370 gnata,
497 3291 787 3372 supplicio
831 3293 1046 3356 adfecit
1093 3297 1568 3377 confirmavitque
1624 3313 1731 3376 pro
1781 3295 2054 3358 contione
2099 3292 2254 3374 apud

251 3379 673 3454 praetorianos,
699 3385 1003 3458 queamus
1024 3377 1149 3440 sibe·
1166 3379 1565 3442 matrimonia
1584 3379 1748 3442 male
1773 3379 2080 3456 cederem,
2103 3396 2250 3458 per·

247 3477 607 3522 mansurum
635 3479 703 3521 se
733 3463 799 3523 in
830 3461 1176 3541 caelibatu,
1210 3481 1289 3524 ac
1317 3464 1443 3524 nisi
1469 3465 1950 3543 permansisset,
2001 3481 2126 3524 non
2153 3479 2250 3522 re·

249 3551 608 3608 casularum
652 3545 910 3626 confodi
943 3546 1233 3608 manibus
1275 3548 1574 3627 ipsorum.
1640 3547 1770 3611 Nec
1815 3549 2034 3694 idimoe
2078 3543 2258 3604 valuit

346 3649 652 3690 sUE‘romUs.
1224 3645 1231 3654 '
