2700 4234
355 266 437 326 60
526 277 586 324 ο.
619 273 921 324 snn'rom
951 271 1206 331 TRANQ.
1238 271 1334 317 m:
1359 270 1527 316 vrrs
1556 265 1926 316 cassanum
1954 268 2093 315 ΜΒ.
2126 270 2202 318 11.

357 445 624 512 tempore
651 438 710 490 et
735 430 872 489 loco
903 428 1043 504 lege
1073 433 1276 484 vetere
1306 424 1678 502 permissam,
1722 422 1931 482 ademit
1961 431 2369 504 praeterquam

261 561 268 568 -
357 516 508 578 ludis
563 523 622 574 et
661 529 859 572 sema.
932 509 1061 570 Nec
1103 517 1296 568 tamen
1337 523 1411 566 eo
1452 507 1636 565 minus
1668 515 1763 565 aut
1790 507 2148 589 xysticorum
2180 517 2367 570 certa·

357 603 547 660 tiones
589 605 686 657 ant
725 594 1109 672 gladiatorum
1158 608 1385 670 pugnas
1434 589 1806 650 severissime
1859 607 2094 668 semper
2146 595 2371 669 exegit.

358 683 504 744 Nam
541 680 879 741 histrionum
907 677 1196 736 licentiam
1227 673 1378 734 adeo
1411 673 1797 751 compescuit,
1832 682 1894 732 nt
1913 673 2370 752 Stephanionem

361 767 740 844 togatarium,
774 762 866 821 cui
897 762 953 819 in
992 757 1272 837 puerilem
1295 756 1547 817 habitum
1579 756 2019 818 circumtonsam
2052 766 2371 820 matronam
2394 781 2429 822 5

362 851 722 910 ministrasse
755 851 1152 922 compererat,
1185 858 1294 919 per
1318 841 1464 900 trina
1497 840 1720 900 theatra
1744 840 1935 918 ,virgis
1960 858 2191 901 caesum
2215 842 2368 902 rele-

363 932 618 1012 gaverit,
652 927 840 1004 Hylan
877 927 1315 1006 pantomImum,
1356 932 1635 1003 querente
1666 933 1970 1002 praetore,
2003 925 2059 984 in
2087 925 2233 986 atrio
2266 925 2370 986 do·

361 1034 487 1075 mus
531 1001 672 1074 snae
726 1014 953 1072 nemine
1011 1009 1255 1068 excluso
1314 1007 1565 1084 flagellis
1609 1007 1959 1084 verberarit,
2012 1017 2071 1067 et
2112 1007 2373 1082 Pyladen

363 1098 506 1159 urbe
525 1107 714 1175 -atque
740 1094 905 1155 Italia
945 1093 1337 1166 summoverit,
1376 1089 1533 1168 quod
1564 1100 1989 1169 spectatorem,
2021 1109 2056 1152 a
2096 1109 2211 1171 quo
2249 1094 2371 1152 cxi·

364 1181 675 1256 bilabatur,
711 1179 1164 1239 demonstrasset
1193 1174 1374 1252 digito
1409 1176 1901 1253 conspicuumque
1932 1174 2192 1235 fecisset.

279 1279 348 1335 46
495 1262 588 1323 Ad
638 1262 789 1323 hunc
837 1258 1066 1320 modum
1114 1257 1258 1318 urbe
1309 1257 1660 1336 urbanisque
1710 1259 1887 1318 rebus
1942 1257 2371 1336 administratis,

368 1347 589 1408 Italiam
626 1345 1049 1420 duodetriginta
1085 1342 1445 1404 coloniarum
1474 1358 1745 1418 numero,
1778 1341 2148 1402 deductarum
2178 1343 2249 1403 ab
2281 1362 2373 1420 se,

366 1430 756 1508 frequentavit
787 1426 1182 1507 operibusque
1211 1443 1284 1485 ac
1313 1423 1703 1502 vectigalibus
1735 1425 1983 1503 publicis
2017 1426 2373 1504 plurifariam

364 1513 662 1589 instruxit,
707 1513 877 1572 etiam
919 1512 1042 1570 iure
1092 1527 1163 1570 ac
1202 1508 1536 1586 dignatione
1582 1507 1709 1568 urbi
1752 1509 2000 1586 quodam
2041 1509 2217 1571 modo
2262 1528 2371 1589 pro

366 1606 530 1677 parte
583 1595 774 1674 aliqua
827 1593 1202 1671 adaequavit,
1263 1593 1603 1669 excogitato
1655 1610 1877 1669 genere
1941 1592 2447 1671 suffragiorum‚1s

369 1699 518 1760 quae
571 1679 644 1738 de
695 1677 1126 1755 magistratibus
1175 1676 1395 1736 urbicis
1448 1675 1795 1735 decuriones
1848 1675 2100 1736 colonici
2162 1679 2217 1737 in
2270 1695 2373 1738 sua

369 1766 615 1842 quisque
648 1762 880 1823 colonia
909 1762 1132 1821 ferrent
1166 1769 1224 1819 et
1251 1759 1357 1818 sub
1387 1759 1480 1819 die
1512 1760 1870 1818 comitiorum
1917 1759 2225 1838 obsignata
2254 1761 2371 1822 Ro-

366 1865 513 1907 mam
542 1846 852 1904 mitterent.
928 1842 1020 1903 Ac
1063 1842 1275 1902 necubi
1320 1851 1416 1902 aut
1457 1840 1833 1902 honestorum
1874 1841 2155 1904 deficeret
2200 1847 2373 1923 copia

368 1938 461 1989 aut
505 1926 874 1987 multitudinis
918 1926 1190 2002 suboles,
1241 1934 1572 2004 equestrem
1615 1924 1870 1986 militiam
1908 1929 2159 2004 petentis
2201 1929 2372 1988 etiam

369 2032 444 2072 ex
476 2009 974 2071 commendatione
1008 2009 1240 2088 publica
1273 2010 1549 2086 cuiusque
1584 2009 1785 2088 oppidi
1818 2009 2150 2082 ordinabat;
2186 2021 2243 2072 at
2274 2011 2366 2089 iis,
2386 2037 2445 2078 20

370 2097 464 2175 qui
498 2113 531 2154 e
567 2093 744 2174 plebe
774 2094 1052 2171 regiones
1082 2092 1191 2153 sibi
1222 2094 1499 2152 revisenti
1524 2092 1678 2152 filios
1702 2093 1927 2154 filiasve
1960 2094 2371 2174 approbarent,

373 2178 602 2256 singula
634 2195 988 2239 nummorum
1018 2177 1171 2238 milia
1201 2193 1311 2255 pro
1344 2176 1589 2253 singulis
1621 2176 1929 2238 dividebat.

285 2261 350 2316 47
498 2262 836 2322 Provincias
865 2261 1179 2322 validiores
1223 2269 1281 2321 et
1311 2278 1455 2338 quas
1489 2261 1687 2320 annuis
1729 2255 2160 2338 magistratuum
2191 2263 2372 2340 impe·

368 2348 469 2408 riis
506 2345 636 2423 regi
685 2363 795 2404 nec
836 2345 1010 2406 facile
1051 2363 1162 2405 nec
1202 2353 1379 2404 tutum
1423 2352 1580 2419 erat,
1631 2345 1759 2423 ipse
1805 2347 2093 2424 suscepit,
2144 2354 2373 2406 ceteras

370 2428 819 2508 proconsulibus
865 2430 1070 2488 sortito
1114 2428 1405 2506 permisit;
1454 2435 1512 2486 et
1552 2435 1743 2487 tamen
1783 2428 2089 2490 nonnullas
2122 2447 2448 2492 commu-25

369 2514 510 2572 tavit
553 2510 834 2570 interdum
876 2519 1048 2589 atque
1091 2528 1167 2569 ex
1208 2519 1457 2588 utroque
1499 2528 1721 2588 genere
1776 2510 2090 2594 plerasque
2137 2515 2373 2592 saepius

369 2595 525 2656 adiit.
605 2592 844 2663 Urbium
895 2593 1203 2671 quasdam,
1244 2593 1581 2654 foederatas
1625 2593 1731 2654 sed
1770 2595 1843 2654 ad
1875 2597 2110 2655 exitium
2140 2596 2374 2658 licentia

369 2676 744 2757 praecipites,
776 2676 1045 2736 libertate
1075 2678 1357 2755 privavit,
1389 2677 1533 2754 alias
1556 2686 1651 2738 aut
1674 2695 1811 2737 aere
1837 2678 2030 2739 alieno
2053 2678 2374 2740 laborantis

369 2761 618 2837 levavit,
662 2769 756 2822 aut
798 2769 1188 2822 terraemotu
1237 2761 1551 2821 subversas
1585 2760 1773 2820 denuo
1806 2761 2085 2840 condidit,
2131 2773 2226 2823 aut
2253 2782 2371 2823 me-

368 2846 472 2904 rita
517 2863 658 2921 erga
700 2843 976 2922 populum
1016 2845 1087 2906 R.
1132 2845 1475 2922 adlegantes
1511 2843 1811 2904 Latinitate
1856 2844 1951 2904 vel
1992 2846 2223 2906 civitate
2267 2845 2367 2910 do·
2390 2867 2447 2908 3ο

368 2927 542 2988 navit.
618 2926 747 2987 Nec
787 2936 924 3006 est,
955 2937 1011 2988 ut
1053 2929 1293 3007 opinor,
1342 2928 1678 3006 provincia,
1727 2937 1977 3007 excepta
2030 2928 2163 2989 dum
2215 2939 2375 2992 taxat

368 3011 568 3072 Africa
612 3021 670 3071 et
713 3012 1007 3088 Sardinia,
1059 3029 1226 3089 quam
1269 3029 1385 3071 non
1424 3009 1645 3071 adierit.
1721 3008 1787 3070 In
1836 3010 1941 3072 has
1984 3013 2186 3090 fugato
2231 3015 2371 3074 Sex.

368 3094 646 3174 Pompeio
684 3095 933 3156 traicere
965 3114 1040 3156 ex
1075 3094 1272 3154 Sicilia
1314 3102 1691 3174 apparantem
1733 3095 2040 3156 continuae
2086 3106 2143 3156 et
2174 3098 2369 3158 immo-

369 3177 534 3236 dicae
575 3186 952 3255 tempestates
991 3178 1382 3255 inhibuerunt,
1428 3196 1540 3238 nec
1590 3187 1727 3238 mox
1767 3181 2006 3239 occasio
2044 3189 2139 3240 aut
2196 3199 2372 3242 causa

369 3259 665 3320 traiciendi
693 3261 818 3322 fuit.

283 3356 353 3411 48
489 3342 824 3420 Regnorum
882 3343 1090 3422 quibus
1119 3343 1260 3404 belli
1289 3345 1414 3404 iure
1460 3345 1677 3422 potitus
1723 3354 1848 3422 est,
1891 3356 2129 3425 praeter
2162 3366 2373 3427 pauca,

368 3434 464 3486 aut
504 3426 686 3488 isdem
733 3426 939 3506 quihus
981 3428 1275 3488 ademerat
1318 3425 1595 3505 reddidit,
1637 3437 1731 3489 aut
1774 3428 2116 3507 alienigenis
2163 3433 2371 3491 contri-

368 3509 505 3570 buit.
571 3510 774 3590 Reges
803 3513 1001 3572 socios
1044 3513 1212 3570 etiam
1249 3511 1399 3570 inter
1428 3521 1613 3570 semet
1641 3512 1807 3592 ipsos
1847 3514 2373 3576 necessitudinibus

2392 1196 2449 1238 10

2390 3281 2441 3324 3⁵
