2700 4234
640 289 751 338 xn
1326 287 1740 336 PRAEFATIO.

648 454 825 504 estut
864 447 921 504 in
964 446 1349 518 antiquissimo
1383 446 1709 505 Memmiano
1751 446 1950 504 codice
1981 447 2274 504 duodecim
2310 447 2491 506 vitae.

648 531 961 589 nominibus
1000 531 1394 602 imperatorum
1423 531 1902 602 distinguerentur
1937 546 2164 600 omnes,
2205 532 2305 586 sed
2349 547 2463 589 non

646 617 789 672 ultra
834 615 1076 686 quinque
1116 614 1322 685 primas
1365 614 1490 670 Divi
1536 615 1701 682 Iulii,
1743 612 1870 669 Divi
1905 612 2183 684 Augusti,
2226 615 2464 685 Tiberii,

649 699 707 754 C.
744 697 1033 768 Caligulae
1046 693 1095 772 ²)
1114 738 1131 765 ‚
1182 697 1309 752 Divi
1358 697 1573 753 Claudii
1620 697 1764 753 vitas
1819 698 2142 753 numerandi
2185 699 2462 756 vocabula

646 786 1006 838 servarentur
1044 781 1239 836 liber
1269 781 1568 852 primus,
1601 781 1796 836 liber
1825 781 2144 844 secundu
2167 798 2228 851 s,
2259 781 2463 837 liber

646 865 949 934 tertius,
979 864 1181 920 liber
1210 871 1544 935 quartus,
1575 864 1768 920 liber
1799 864 2110 935 quintus.
2153 863 2239 920 Ao
2260 881 2330 920 ne
2351 866 2463 922 hoo

649 949 869 1019 quidem
896 948 1442 1021 praetermittendum
1461 954 1568 1010 est,
1597 947 1746 1019 quod
1770 946 1826 1001 in
1852 947 2050 1003 eodem
2073 948 2218 1003 libro
2253 947 2462 1004 Caesa-

644 1047 741 1088 res
768 1049 871 1088 sex
894 1031 1055 1104 primi
1079 1031 1319 1102 singulis
1334 1031 1632 1087 versiculis
1657 1031 1964 1086 litterarum
1990 1031 2258 1088 maiorum
2283 1037 2340 1086 et
2367 1047 2462 1086 ru-

644 1115 981 1172 bricatarum
1012 1114 1311 1186 incipiunt,
1337 1131 1442 1170 sex
1468 1114 1842 1186 posteriorum
1873 1121 2078 1170 tantum
2113 1115 2250 1180 duo,
2287 1113 2461 1171 Galba

646 1205 704 1254 et
737 1199 1017 1256 Vitellius.
1106 1198 1452 1275 Procedente
1493 1205 1744 1269 tempore
1771 1198 1970 1253 nalum
2011 1198 2178 1254 latius
2229 1197 2462 1268 serpsit,

645 1298 769 1337 cum
791 1283 1157 1353 interruptum
1189 1298 1539 1338 numerorum
1569 1281 1822 1338 ordinem
1851 1281 2116 1337 librarius
2147 1274 2352 1353 aliquis
2381 1280 2462 1338 ita

644 1365 1061 1422 resarciendum
1085 1364 1462 1435 existimaret,
1495 1373 1552 1422 ut
1585 1364 1822 1434 singulis
1846 1365 1978 1420 vitis
2003 1365 2256 1435 singulos
2280 1364 2460 1420 libros

634 1449 937 1516 tribueret,
967 1449 1023 1504 id
1057 1455 1143 1504 est
1174 1449 1350 1504 libros
1382 1448 1758 1519 distingueret
1785 1447 2096 1503 duodecim.
2186 1447 2265 1503 Ea
2300 1446 2459 1503 labes

644 1533 753 1588 iam
782 1531 1033 1588 codicem
1064 1530 1374 1586 Mediceum
1413 1532 1632 1588 tertium
1661 1527 1768 1603 (pl.
1804 1537 1874 1591 68
1893 1571 1910 1600 ,
1954 1527 2022 1603 7)
2055 1530 2148 1601 qui
2180 1531 2327 1586 inter
2357 1530 2460 1586 mi-

644 1633 745 1672 nus
790 1616 1046 1685 integros
1078 1616 1146 1670 de
1192 1615 1592 1688 antiquissimis
1640 1621 1762 1682 est,
1801 1613 2131 1686 occupavit,
2165 1620 2226 1668 ut
2264 1614 2460 1668 mirum

644 1695 827 1754 videri
861 1713 969 1754 non
1002 1698 1238 1768 debeat,
1283 1698 1432 1771 quod
1466 1697 1794 1755 Vincentius
1826 1697 2250 1754 Bellovacensis
2280 1703 2338 1752 et
2368 1697 2460 1752 la-

644 1782 817 1838 cobus
863 1781 1047 1850 Magni
1102 1787 1159 1836 et
1200 1781 1297 1837 alii
1339 1783 1556 1838 mediae
1603 1781 1803 1837 aetatis
1851 1779 2162 1853 scriptores
2205 1797 2326 1835 cum
2358 1783 2458 1836 v'e-

642 1863 965 1920 tustissimis
998 1864 1486 1928 editoribus,huno
1515 1865 1767 1924 ordinem
1797 1864 1976 1920 secuti
2009 1863 2136 1920 sint.
2201 1862 2314 1920 Sed
2337 1880 2461 1920 cum

643 1947 1084 2019 reputaverimus
1114 1953 1230 2003 tres
1254 1947 1483 2004 Fluvios
1507 1947 1836 2003 coniunctos
1865 1947 2066 2002 librum
2096 1947 2324 2003 efficere
2355 1946 2459 2001 mi-

644 2045 835 2086 norem
872 2045 1033 2100 quam
1063 2030 1154 2086 vel
1196 2046 1359 2085 unum
1389 2031 1667 2094 Tiberium
1687 2071 1704 2099 ‚
1739 2036 1969 2101 tresque
1999 2027 2321 2086 ‘aestivos'
2355 2029 2460 2084 im·-

642 2119 936 2185 peratores
991 2129 1060 2168 ne
1113 2112 1419 2183 Caligulam
1479 2114 1698 2186 quidem
1755 2130 2000 2185 aequare
2053 2113 2458 2183 magnitudine,

644 2195 977 2267 comparatis
1015 2196 1179 2252 etiam
1209 2196 1445 2252 aliorum
1485 2197 1818 2268 scriptorum
1858 2203 1918 2252 ut
1948 2196 2218 2267 Diogenis
2249 2196 2461 2252 Laertii

643 2279 975 2348 rationibus,
998 2286 1153 2335 recte
1178 2297 1245 2337 ae
1262 2281 1460 2336 merito
1486 2281 1734 2336 isaacum
1751 2280 2134 2336 Gasaubonum
2157 2296 2302 2336 anno
2323 2285 2460 2340 1595

580 2401 589 2408 -
643 2361 1009 2418 iudicabimus
1042 2362 1248 2419 Suidae
1280 2364 1596 2419 auctoritati
1627 2363 2004 2419 concessisse.

324 2441 531 2545 ¹¹⁸¹⁵ptae
554 2453 622 2482 ⁶⁸·
767 2445 938 2516 Capi
956 2451 1021 2500 tu
1038 2463 1088 2500 m
1114 2462 1333 2517 quoque
1359 2447 1588 2503 distin
1605 2447 1919 2502 ctionem
1943 2462 2012 2503 ne
2027 2446 2254 2503 silentio
2277 2451 2461 2501 trans-

646 2531 786 2597 eam,
815 2528 967 2584 nolui
993 2545 1115 2584 eum
1130 2529 1349 2600 quidem
1372 2530 1625 2586 ordinem
1648 2530 2078 2601 numerandique
2093 2545 2301 2586 morem
2326 2545 2461 2600 per-

646 2612 906 2681 turbare,
950 2628 1111 2682 quem
1143 2631 1171 2668 a
1202 2614 1409 2670 scribis
1439 2613 1630 2685 quinto
1661 2613 1880 2668 decimo
1919 2613 2148 2668 saeculo
2177 2612 2463 2669 inductum

644 2695 949 2767 primisque
980 2696 1320 2752 editionibus
1354 2703 1636 2768 receptum
1661 2695 1922 2752 Erasmus
1952 2695 2194 2752 numeris
2225 2695 2279 2750 in
2312 2711 2461 2751 mar-

644 2778 777 2848 gine
811 2777 1077 2834 editionis
1100 2779 1432 2836 Basiliensis
1467 2797 1516 2835 a.
1540 2785 1678 2840 1518
1699 2779 1972 2850 appositis
2005 2778 2264 2836 sanxisse
2296 2779 2461 2835 vide-

644 2867 731 2915 tur
761 2861 819 2916 in
852 2869 1207 2932 perpetuum;
1240 2878 1421 2934 neque
1451 2863 1500 2918 is
1533 2869 1640 2919 tam
1673 2863 1892 2934 ineptus
1933 2869 2020 2918 est
2055 2868 2114 2917 ut
2145 2861 2313 2918 abiici
2351 2862 2460 2917 de—

644 2943 846 2999 buerit.
911 2943 1025 3000 Sed
1056 2945 1206 3001 nolui
1242 2951 1421 3000 tamen
1459 2946 1682 3004 nescius
1719 2962 1910 3016 esses,
1946 2947 2130 3010 lector,
2155 2946 2460 3016 benevole,

642 3027 928 3097 reperisse
959 3044 1046 3082 me
1077 3028 1135 3083 in
1162 3029 1485 3086 Memmiano
1518 3029 1717 3085 codice
1745 3029 1910 3086 aliam
1951 3029 2188 3101 capitum
2217 3026 2459 3084 divisio-

644 3126 767 3165 nem
800 3116 907 3166 tam
938 3112 1277 3168 commodam
1321 3119 1540 3184 tamque
1571 3112 1938 3182 luculentam,
1979 3119 2039 3168 ut
2072 3113 2250 3184 ipsius
2282 3112 2459 3168 Tran-

646 3192 803 3262 quilli
848 3210 1007 3249 manu
1038 3194 1290 3250 instituta
1321 3211 1450 3250 esse
1481 3195 1754 3277 videatur.
1845 3196 1976 3254 Eam
2018 3196 2222 3267 igitur,
2259 3194 2458 3266 paucis

642 3275 807 3332 modo
874 3277 1038 3334 aliter
1088 3277 1486 3334 administratis
1541 3295 1682 3350 quae
1737 3279 2064 3339 necessario
2129 3277 2458 3347 refingenda

781 3471 839 3537 2)
877 3473 1157 3539 Tranquilli
1194 3472 1369 3523 libr-tem
1401 3475 1550 3524 vitam
1586 3474 1844 3540 Galiyulae
1869 3478 2192 3527 continentem
2222 3473 2456 3538 Lampri-

642 3541 758 3591 dius
794 3555 997 3606 quoque
1030 3551 1386 3592 commemorat
1415 3542 1466 3590 in
1503 3541 1778 3593 Commodo
1815 3558 1928 3609 cap.
1967 3542 2047 3593 10.
