2700 4234
1147 272 1359 321 nuno,
2131 263 2250 324 185

245 428 501 488 dinarum
537 426 633 487 die
665 427 946 508 pauculas
977 429 1174 488 uncias
1207 426 1508 503 venderet,
1540 427 1856 512 praeclusit
1887 435 2128 488 cunctos
2151 447 2248 488 ne-

245 513 587 590 gotiatores.
670 511 822 587 'Quin
870 514 1039 572 etiam
1078 513 1227 570 inter
1272 509 1588 570 canendum
1630 509 2084 572 animadversam
2129 531 2246 574 ma-

246 606 470 656 tronam
513 597 571 654 in
618 595 972 674 spectaculis
1021 596 1197 654 vetita
1250 611 1504 672 purpura
1559 592 1768 654 cultam
1817 594 2248 656 demonstrasse

250 678 733 759 procuratoribus
778 680 897 739 suis
937 678 1179 753 dicitur,
1236 676 1673 756 detractamque
1723 679 1862 738 ilico
1914 697 2030 740 non
2080 689 2250 740 veste

202 763 420 824 smodo
454 761 559 822 sed
583 772 641 824 et
668 763 841 823 bonis
871 764 1045 822 exuit.
1113 760 1270 820 Nulli
1299 759 1595 838 delegavit
1621 761 1873 821 officium
1905 771 2101 823 utnon
2134 762 2248 822 adi-

250 855 443 906 ceret:
480 845 623 906 Scis
660 846 812 926 quid
852 845 1002 906 mihi
1042 862 1200 923 opus
1240 844 1360 904 sit!
1407 853 1467 903 et
1495 842 1633 905 Hoc
1663 862 1958 924 agamus,
2005 865 2083 906 ne
2112 847 2250 926 quis

248 930 872 1011 quicquam-habeat!
914 929 1131 991 Ultimo
1175 927 1409 1006 templis
1445 927 1837 1006 compluribus
1879 929 2028 989 dona
2061 929 2248 991 detra·

244 1015 331 1074 xit
370 1015 793 1093 simulacraque
829 1031 904 1073 ex
936 1029 1078 1072 auro
1113 1010 1209 1070 vel
1242 1020 1489 1088 argento
1524 1011 1806 1072 fabricata
1850 1013 2154 1090 conflavit,
2188 1017 2251 1074 iu

246 1100 321 1157 iis
347 1097 639 1158 Penatium
671 1097 945 1174 deorum,
985 1113 1133 1175 quae
1161 1112 1299 1154 mox
1329 1093 1512 1155 Galba
1545 1097 1811 1155 restituit,
2091 1147 2095 1150 i

178 1206 227 1246 ιο
376 1180 690 1242 Parricidia
735 1191 794 1241 et
838 1179 1051 1240 caedes
1090 1197 1124 1239 a
1156 1176 1401 1238 Claudio
1436 1196 1684 1239 exorsus
1721 1189 1839 1249 est;
1891 1183 2051 1241 cuius
2086 1184 2338 1251 necis33

248 1268 359 1326 etsi
401 1281 517 1324 nou
562 1274 794 1342 auctor,
840 1273 898 1324 at
944 1265 1216 1324 conscius
1258 1262 1401 1338 fuit,
1446 1281 1640 1342 neque
1691 1263 2157 1343 dissimulanter,
2191 1275 2252 1325 ut

249 1351 345 1428 qui
375 1348 642 1426 boletos,
673 1350 729 1408 in
764 1364 877 1426 quo
911 1347 1024 1407 cibi
1056 1363 1279 1424 genere
1310 1364 1594 1405 venenum
1624 1348 1674 1406 is
1701 1357 2045 1427 acceperat,
2088 1349 2251 1428 quasi

249 1434 491 1494 deorum
526 1433 713 1493 cibum
762 1431 1009 1512 posthac
1056 1430 1376 1510 proverbio
1411 1429 1639 1500 Graeco
1674 1431 2024 1492 conlaudare
2054 1434 2126 1493 sit
2159 1450 2250 1492 so·

248 1518 400 1577 litus.
465 1515 641 1577 Certe
686 1515 949 1577 omnibus
993 1533 1185 1574 rerum
1227 1513 1654 1592 verborumque
1705 1516 2068 1575 contumeliis
2099 1535 2249 1578 mor-

180 1623 229 1662 15
252 1611 405 1660 tuum
436 1602 751 1662 insectatus
782 1608 901 1676 est,
933 1598 1106 1659 modo
1144 1597 1420 1657 stultitiae
1452 1598 1625 1657 modo
1656 1599 1935 1658 saevitiae
1966 1617 2247 1676 arguens;

248 1704 381 1745 nam
413 1693 471 1744 et
502 1703 555 1742 m
577 1702 611 1743 o
630 1685 784 1744 rari
838 1701 968 1742 eum
1008 1682 1234 1742 desisse
1276 1684 1426 1753 inter
1457 1681 1722 1741 homines
1752 1681 2036 1760 producta
2066 1685 2250 1762 prima

250 1766 476 1842 syllaba
526 1767 857 1843 iocabatur,
902 1767 1193 1844 multaque
1240 1764 1476 1824 decreta
1524 1775 1583 1824 et
1624 1767 1956 1843 constituta,
2015 1775 2074 1826 ut
2116 1769 2248 1826 insi·

251 1852 464 1932 pientis
500 1860 670 1929 atque
704 1850 902 1926 deliri,
948 1867 1056 1928 pro
1090 1850 1264 1908 irritis
1303 1848 1530 1918 habuit;
1581 1849 1830 1928 denique
1867 1849 2091 1910 bustum
2127 1852 2250 1910 eius

252 1935 581 2014 consepiri,
618 1936 726 1994 nisi
756 1934 949 1994 humili
980 1933 1213 2011 levique
1245 1934 1528 2010 maceria,
1556 1932 1836 2010 neglexit.

172 2045 230 2086 20
380 2017 763 2079 Britannicum
786 2035 902 2078 non
929 2019 1113 2076 minus
1136 2017 1519 2077 aemulatione
1555 2019 1740 2095 vociS,
1773 2036 1920 2096 quae
1944 2018 2027 2078 illi
2056 2020 2250 2078 iucun-

250 2103 379 2164 dior
410 2103 789 2182 suppetebat,
845 2120 1015 2180 quam
1061 2109 1215 2160 metu
1257 2119 1330 2160 ne
1377 2101 1721 2179 quandoque
1766 2101 1918 2179 apud
1963 2101 2251 2161 hominum

249 2187 491 2264 gratiam
519 2196 758 2265 paterna
788 2187 1066 2245 memoria
1097 2184 1498 2263 praevaleret,
1532 2202 1760 2244 veneno
1791 2185 2109 2262 adgressus
2139 2195 2248 2246 est.

252 2271 422 2346 Quod
470 2280 776 2350 acceptum
830 2289 864 2330 a
912 2267 1155 2348 quadam
1198 2267 1486 2344 Lucusta,
1537 2269 1981 2328 venenariorum
2037 2268 2249 2344 indice,

249 2372 381 2414 cum
413 2354 688 2432 opinione
730 2352 948 2413 tardius
975 2352 1249 2427 cederet,
1292 2359 1496 2410 ventre
1525 2351 1697 2411 modo
1733 2350 2046 2412 Britannici
2074 2362 2250 2428 moto,

172 2461 228 2499 25
250 2440 597 2498 accersitam
636 2437 931 2496 mulierem
968 2454 1069 2497 sua
1098 2453 1267 2496 manu
1296 2435 1631 2496 verberavit
1669 2453 1956 2513 arguens,
2002 2453 2110 2515 pro
2152 2453 2252 2496 ve-

249 2537 406 2580 neno
438 2518 747 2580 remedium
780 2520 1040 2588 dedisse;
1088 2521 1539 2597 excusantique,
1581 2520 1764 2578 minus
1812 2520 2001 2580 datum
2047 2519 2119 2580 ad
2155 2538 2251 2581 oc-

252 2603 577 2664 cultandam
608 2603 884 2664 facinoris
914 2603 1217 2680 invidiam,
1260 2602 1432 2662 Sane
1472 2605 1652 2683 inquit
1697 2604 1886 2684 leyem
1915 2601 2143 2665 Iuliam
2184 2605 2251 2664 ti-

247 2689 425 2748 meo!
456 2689 771 2766 coegitque
802 2706 867 2747 se
900 2704 1097 2747 coram
1128 2687 1183 2744 in
1215 2687 1486 2747 cubiculo
1520 2705 1688 2766 quam
1718 2698 1923 2766 posset
1951 2689 2252 2748 velocissi-

250 2789 403 2830 mum
434 2790 503 2831 ac
534 2781 1017 2852 praesentaneum
1064 2787 1351 2849 coquere;
1399 2770 1606 2832 deinde
1651 2772 1708 2829 iu
1755 2771 1901 2831 aedo
1949 2781 2250 2850 expertus,

172 2876 230 2916 so
256 2863 562 2934 postquam
592 2857 643 2916 is
676 2857 929 2936 quinque
961 2855 1137 2915 horas
1183 2855 1502 2933 protraxit,
1554 2855 1757 2914 iterum
1800 2873 1869 2914 ac
1899 2857 2133 2933 saepius
2161 2873 2251 2915 re-

134 2943 143 2950 ’
254 2947 483 2998 coctum
515 2939 783 3018 porcello
812 2939 1057 3008 obiecit;
1092 2954 1204 3016 quo
1237 2941 1422 2996 statim
1457 2939 1808 3013 exanimato,
1838 2939 2040 2998 inferri
2068 2939 2125 2996 in
2155 2939 2250 2996 tri-

252 3020 483 3082 clinium
511 3023 749 3101 darique
777 3023 1038 3083 caenanti
1063 3040 1261 3081 secum
1286 3021 1617 3082 Britannico
1641 3023 1964 3099 imperavit.
2023 3021 2098 3081 Et
2127 3039 2253 3080 cum

250 3105 353 3165 ille
383 3105 455 3167 ad
487 3108 730 3186 primum
764 3116 992 3186 gustum
1028 3105 1416 3182 concidisset,
1461 3105 1734 3165 comitiali
1763 3105 1970 3164 morbo
2004 3123 2080 3164 ex
2113 3122 2250 3164 con·

250 3189 552 3250 suetudine
598 3200 931 3268 correptum
977 3187 1129 3270 apud
1177 3189 1456 3250 convivas
1495 3191 1827 3265 ementitus,
1873 3197 2113 3268 postero
2160 3187 2252 3248 die

166 3298 228 3340 35
249 3275 459 3352 raptim
501 3276 651 3335 inter
695 3277 975 3335 maximos
1018 3271 1233 3332 imbres
1273 3273 1564 3333 tralaticio
1615 3272 1818 3332 extulit
1850 3273 2074 3332 funere.
2145 3272 2250 3331 Lu-

250 3366 451 3418 custae
486 3377 593 3438 pro
623 3351 1043 3437 navata'opera
1073 3357 1466 3436 impunitatem
1500 3355 1855 3434 praediaque
1888 3356 2108 3436 ampla,
2147 3355 2254 3416 sed

247 3449 309 3502 et
334 3439 657 3521 discipulos
688 3441 863 3517 dedit.

373 3525 653 3604 Matrem,
686 3526 841 3590 facta
876 3525 1143 3602 dictaque
1174 3542 1275 3584 sua
1310 3525 1708 3603 exquirentem
1737 3523 2007 3585 acerbius
2031 3529 2087 3581 et
2123 3532 2336 3584 cor-34
