2700 4234
877 295 971 343 DE
1020 297 1520 344 GRAMMA'ricrs.
2062 286 2185 348 259

188 450 569 528 maticumque
596 449 969 509 notissimum.
1004 451 1147 510 Sunt
1161 451 1258 529 qui
1280 450 1592 511 litteratum
1609 469 1641 512 a
1658 451 1979 513 litteratore
1993 452 2185 512 distin-

188 541 394 612 guant,
442 541 502 593 ut
538 533 745 594 Graeci
775 536 1209 610 grammaticum
1244 551 1277 594 a
1308 536 1730 613 grammatista‚
1775 545 1833 595 et
1875 534 2033 596 illum
2064 538 2184 615 qui-

189 617 317 677 dem
348 616 641 694 absolute,
677 615 829 676 hunc
856 617 1229 678 mediocriter
1259 617 1491 678 doctum
1521 619 1867 682 existiment.
1931 620 2185 695 Quorum

186 701 533 780 opinionem
521 699 801 760 Orbilius
841 704 1011 762 etiam
1043 701 1331 781 exemplis
1366 702 1694 773 confir-man
1737 720 1982 782 namque
2017 703 2192 782 apud

136 802 161 840 ε
186 785 459 845 maiores
498 785 608 861 ait,
660 801 795 846 cum
828 769 1081 864 fomilia
1122 784 1390 845 alicuius
1431 784 1673 845 venalis
1705 786 2184 864 produceretur,

182 887 309 930 non
339 875 561 929 temere
588 884 762 948 quem
792 866 1127 928 litteratum
1155 869 1219 929 in
1272 867 1481 945 titulo,
1512 869 1628 928 sed
1655 866 2054 932 litteratorem
2089 871 2182 930 ἰη-

180 951 381 1013 scribi
404 951 649 1013 solitum
679 969 845 1056 esse,
892 952 1077 1031 quasi
1102 971 1227 1014 non
1251 950 1596 1030 perfectum
1631 952 1885 1030 litteriS,
1924 955 2040 1014 sed
2072 955 2181 1015 im·

185 1035 411 1097 butum.

310 1121 565 1180 Veteres
584 1118 941 1196 grammatici
974 1129 1032 1180 et
1056 1119 1407 1180 rhetoricam
1431 1118 1753 1198 docebant,
1787 1139 1856 1182 ac
1877 1122 2186 1183 multorum·

105 1224 161 1264 10
182 1202 256 1263 de
290 1211 532 1281 utraque
562 1212 685 1262 arte
717 1204 1107 1264 commentarii
1136 1204 1413 1264 feruntur.
1487 1202 1812 1264 Secundum
1845 1223 2011 1285 quam
2047 1223 2182 1266 con-

182 1286 541 1347 suetudinem
574 1288 938 1364 posteriores
980 1305 1209 1366 quoque
1241 1289 1540 1366 existimo,
1586 1304 1911 1366 quanquam
1931 1292 2039 1348 iam
2071 1289 2180 1350 dis·

184 1371 361 1431 cretis
386 1369 880 1451 professionibus,
917 1371 1095 1432 nihilo
1126 1371 1312 1431 minus
1345 1371 1438 1431 vel
1464 1372 1770 1432 retinuisse
1793 1372 1887 1432 vel
1911 1374 2180 1433 instituis-

183 1471 248 1514 se
276 1462 335 1514 et
357 1456 521 1532 ipsos
549 1454 827 1533 quaedam
851 1473 1072 1532 genera
1096 1457 1508 1515 institutionum
1523 1455 1594 1514 ad
1611 1455 1998 1534 eloquentiam
2014 1475 2178 1536 prae-

182 1537 523 1618 parandam,
566 1548 626 1597 ut
663 1538 1057 1617 problemata,
1105 1539 1508 1618 paraphrasis,
1556 1538 1972 1618 allocutioneS,
2019 1541 2178 1600 etho-

110 1640 161 1680 ιε
186 1622 377 1699 logias
408 1630 577 1701 atque
618 1621 729 1682 alia
758 1622 873 1682 hoc
907 1640 1094 1700 genus
1108 1645 1122 1692 ;
1164 1641 1239 1682 ne
1284 1623 1511 1683 scilicet
1554 1623 1696 1682 sicci
1734 1624 1962 1683 omnino
2009 1633 2180 1704 atque

184 1705 325 1766 aridi
370 1705 535 1784 pueri
575 1704 901 1766 rhetoribus
938 1706 1319 1767 traderentur.
1388 1707 1552 1782 Quae
1598 1706 1826 1785 quidem
1857 1708 2038 1767 omitti
2071 1710 2181 1767 iam

182 1788 380 1865 vide0,
402 1787 619 1848 desidia
645 1789 999 1867 quorundam
1024 1799 1079 1850 et
1106 1790 1371 1858 infantia;
1396 1807 1510 1849 non
1535 1793 1685 1849 enim
1709 1789 1940 1850 fastidio
1963 1799 2177 1870 putem.

181 1873 277 1934 Me
304 1870 533 1950 quidem
556 1871 1023 1950 adolescentulo,
1054 1882 1263 1952 repeto
1290 1873 1574 1952 quendam
1595 1873 1924 1952 Principem
1947 1875 2177 1934 nomine

185 1957 421 2016 alternis
452 1954 1043 2035 diebus-declamare,
1077 1957 1316 2018 alternis
1347 1957 1640 2035 disputare
1659 2002 1677 2033 ,
1711 1957 2000 2018 nonnullis
2029 1976 2172 2019 vero

106 2052 162 2092 20
182 2057 351 2099 mane
396 2039 723 2117 disserere,
788 2049 925 2119 post
967 2040 1264 2102 meridiem
1306 2050 1534 2100 remoto
1575 2041 1799 2120 pulpito
1849 2041 2178 2102 declamare

180 2122 425 2185 solitum.
472 2122 791 2184 Audiebam
826 2126 1028 2200 etiam,
1062 2127 1335 2185 memoria
1363 2134 1586 2205 patrum
1616 2123 1894 2203 quosdam
1928 2143 1961 2184 e
1991 2143 2175 2202 gram-

176 2210 369 2268 matici
394 2210 585 2268 statim
615 2207 749 2270 ludo
780 2210 1058 2268 transisse
1091 2211 1148 2268 in
1178 2209 1366 2268 forum
1402 2216 1574 2288 atque
1603 2209 1660 2267 in
1689 2226 1982 2269 numerum
2011 2226 2176 2288 prae-

178 2293 653 2353 stantissimorum
682 2301 1053 2372 patronorum
1086 2301 1384 2372 receptos.

311 2372 469 2435 Glari
510 2375 881 2454 professores
924 2385 981 2436 et
1012 2375 1086 2436 de
1113 2375 1319 2455 quibus
1350 2375 1518 2454 prodi
1562 2376 1751 2453 possit
1787 2374 2004 2454 aliquid
2046 2373 2176 2434 dum

97 2476 156 2518 25
180 2466 339 2519 taxat
366 2476 400 2518 a
430 2458 629 2535 nobiS,
660 2459 787 2519 fere
816 2459 874 2519 hi
900 2459 1149 2520 fuerunt.

298 2541 509 2602 Sevius
528 2541 784 2603 Nicanor
808 2545 1025 2623 primus
1046 2543 1118 2604 ad
1142 2544 1348 2604 famam
1373 2543 1882 2620 dignationemque
1908 2540 2174 2604 docendo
2200 2561 2233 2614 5

179 2627 477 2706 pervenit,
505 2626 761 2706 fecitque
787 2635 1023 2706 praeter
1047 2628 1526 2703 commentarioS,
1556 2643 1796 2706 quorum
1819 2635 2008 2686 tamen
2037 2644 2173 2705 pars

177 2710 424 2770 maxima
446 2712 769 2790 intercepta
792 2711 1021 2788 dicitur,
1071 2721 1391 2787 satyram
1426 2727 1691 2788 quoque,
1724 2711 1782 2768 in
1805 2727 1916 2789 qua
1956 2709 2174 2770 liberti-

178 2810 311 2853 num
342 2812 407 2853 se
449 2811 518 2854 ac
550 2792 767 2874 duplici
801 2797 1145 2872 cognomine
1176 2813 1309 2856 esse
1346 2812 1453 2874 per
1486 2793 1634 2854 haec
1662 2791 1906 2854 indicat:

96 2891 157 2934 3ο
512 2881 703 2940 Sevius
730 2883 979 2939 Nicanor
1004 2883 1198 2938 Marci
1218 2883 1442 2939 libertus
1470 2881 1716 2954 neqabit:

511 2965 704 3022 Sevius
723 2975 857 3039 post
880 2960 1093 3024 huius*
1125 2968 1267 3023 idem
1298 2982 1366 3022 ac
1394 2965 1632 3022 Marcus
1661 2964 1883 3021 docebit.

178 3047 321 3106 Sunt
363 3029 457 3145 qfli
508 3044 767 3122 tradant,
812 3046 888 3107 ob
926 3047 1209 3106 infamiam
1255 3044 1536 3125 quandam
1580 3062 1708 3104 eum
1751 3045 1808 3103 in
1852 3042 2172 3102 Sardiniam

178 3131 504 3191 secessisse
532 3128 729 3208 ibique
757 3129 905 3190 diem
939 3129 1168 3190 obisse.

303 3211 578 3274 Aurelius
622 3212 878 3294 Opilius,
932 3213 1211 3292 Epicurei
1254 3211 1544 3274 cuiusdam
1585 3211 1858 3288 libertus,
1909 3210 2166 3290 philoso-
2193 3229 2228 3284 6

96 3315 156 3357 35
181 3298 373 3377 phiam
421 3299 643 3378 prime,
703 3297 910 3358 deinde
949 3297 1333 3372 rhetoricam,
1381 3297 1695 3356 novissime
1737 3296 2168 3373 grammaticam

178 3382 391 3446 docuit,
454 3381 702 3442 Dimissa
731 3390 917 3442 autem
947 3381 1179 3458 schola,
1218 3379 1490 3442 Rutilium
1524 3380 1730 3440 Rufum
1763 3379 2082 3440 damnatum
2114 3381 2169 3436 in

175 3464 375 3526 Asiam
406 3475 673 3544 secutus,
715 3465 923 3526 ibidem
956 3467 1236 3541 Smyrnae
1258 3462 1424 3524 simul
1459 3465 1788 3541 consenuit,
1822 3461 2168 3542 composuit-

179 3567 293 3628 que
327 3551 525 3611 variae
571 3550 905 3612 eruditionis
952 3551 1171 3629 aliquot
1214 3547 1535 3624 volumina,
1577 3565 1656 3606 σω
1696 3546 1917 3691 {lgneus
1952 3559 2164 3606 novem
