2700 4234
990 321 1198 373 DIVUS
1247 325 1496 374 IULIUS.
2209 318 2248 379 9

232 487 398 555 1·‚ent
436 486 679 537 coactus
707 486 797 537 est
824 478 1197 557 triumphum,
1242 496 1315 538 ne
1350 479 1652 539 consulatu
1685 460 2122 559 excluderetur,
2167 483 2246 543 di-

232 564 482 623 mittere.
571 561 623 621 E
667 559 895 621 duobus
944 562 1277 623 consulatus
1321 562 1832 642 competitoribus,
1886 564 2060 625 Lucio
2103 566 2245 628 Luc·
2264 582 2330 639 19

236 648 365 706 ceio
397 645 720 724 Marcoque
753 643 991 723 Bibulo,
1031 646 1337 706 Lucceium
1369 646 1478 706 sibi
1515 646 1802 723 adiunxit,
1843 658 2046 725 pactus
2081 660 2141 709 ut
2171 654 2244 729 is,

237 732 507 810 quoniam
552 730 796 788 inferior
836 732 1021 805 gratia
1057 739 1215 789 esset
1258 732 1622 828 pecuniaque
1656 731 1938 810 pollenet,
1985 752 2244 795 nummos

190 834 214 872 5
238 815 309 873 de
342 831 449 873 suo
474 857 493 889 ,
542 814 825 877 communi
859 814 1118 890 nomine,
1169 831 1275 891 per
1317 816 1606 875 centurias
1637 817 2052 893 pronuntiaret.
2119 820 2244 894 Qua

235 900 471 975 cognita
522 915 589 956 re
644 898 979 975 optimateS,
1026 914 1175 975 quos
1221 905 1408 957 metus
1455 906 1697 975 ceperat
1735 898 1875 959 nihil
1915 917 2030 960 ιιοιι
2075 920 2241 962 ausu-

230 1000 355 1041 rum
392 998 521 1041 eum
562 981 619 1039 in
656 997 874 1042 summo
906 984 1241 1057 magistratu
1274 981 1554 1041 concordi
1598 990 1656 1040 et
1687 985 2087 1045 consentiente
2121 987 2239 1046 col-

25 1090 27 1093 >
230 1066 397 1142 lega,
446 1072 718 1124 auctores
748 1063 956 1123 Bibulo
999 1064 1229 1123 fuerunt
1256 1064 1586 1125 tantundem
1620 1066 1964 1153 pollicendi‚
2011 1087 2083 1128 ac
2116 1070 2241 1147 ple-

230 1150 398 1226 rique
434 1150 713 1226 pecunias
746 1148 1142 1224 contulerunt,
1176 1166 1249 1207 ne
1279 1147 1504 1209 Catone
1535 1148 1764 1228 quidem
1795 1114 2082 1212 abnuente
2115 1171 2242 1213 eam

24 1098 60 1328 λ
162 1252 214 1293 10
232 1233 600 1321 largitionem
630 1250 663 1290 e
692 1250 759 1291 re
792 1230 1025 1309 publica
1056 1232 1203 1290 fieri.

360 1315 543 1393 Igitur
589 1333 713 1375 cum
752 1314 957 1374 Bibulo
1009 1315 1211 1374 consul
1256 1325 1501 1375 creatur.
1589 1316 1848 1377 Eandem
1887 1318 1964 1377 ob
2011 1337 2241 1379 causam

234 1416 422 1477 opera
464 1397 537 1457 ab
572 1398 936 1496 optimatibus
968 1398 1099 1459 data
1141 1406 1262 1477 est,
1303 1408 1366 1459 ut
1407 1401 1744 1479 provinciae
1775 1401 1982 1461 futuris
2031 1421 2239 1463 consu·

232 1482 385 1543 libus
414 1482 627 1541 minimi
663 1484 913 1559 negotii,
956 1482 1013 1542 id
1046 1491 1136 1541 est
1167 1478 1353 1543 silvae
1393 1483 1726 1563 callesque,
1763 1485 2238 1546 decernerentur.

233 1568 361 1643 Qua
392 1566 637 1626 maxime
668 1568 870 1626 iniuria
899 1567 1229 1642 instinctus,
1263 1566 1526 1627 omnibus
1559 1569 1770 1628 officiis
1794 1568 2048 1630 Gnaeum
2077 1570 2240 1629 Pom-

155 1667 208 1709 ιε
229 1652 425 1732 peium
472 1649 801 1710 adsectatus
851 1659 973 1727 est,
1020 1649 1303 1709 offensum
1350 1650 1642 1729 patribus,
1693 1652 1873 1729 quod,
1915 1652 2240 1713 Mithridate

224 1753 379 1813 rege
414 1736 605 1811 victo,
656 1736 1011 1794 cunctantius
1056 1734 1532 1794 confirmarentur
1573 1744 1701 1795 acta
1745 1754 1876 1799 sua:
1932 1735 2238 1815 Pompeio-

228 1837 344 1898 que
390 1818 649 1878 Marcum
704 1816 975 1877 Crassum
1032 1818 1461 1895 reconciliavit,
1514 1827 1776 1879 veterem
1826 1819 2112 1879 inimicum
2165 1838 2240 1879 ex

227 1902 536 1963 consulatu
560 1946 578 1979 ,
627 1920 797 1981 quem
838 1920 1055 1961 summa
1102 1902 1394 1963 discordia
1434 1903 1598 1962 simul
1643 1911 1983 1979 gesserant3
2029 1922 2100 1963 ac
2146 1920 2238 1963 so-

226 1987 500 2047 cietatem
550 2003 675 2045 cum
718 1994 965 2063 utroque
1001 1986 1155 2061 iniit,
1202 2004 1274 2045 ne
1312 1985 1450 2065 quid
1479 1995 1755 2064 ageretur
1788 1988 1847 2045 in
1880 2005 1946 2046 re
1983 1986 2238 2065 publica,

151 2086 203 2128 20
222 2069 386 2150 quod
415 2068 811 2147 displicuisset
843 2069 942 2128 ulli
974 2088 1007 2127 e
1040 2068 1241 2135 tribus.
1306 2068 1456 2129 Inito
1488 2069 1712 2130 honore
1743 2072 1961 2149 primus
1994 2072 2239 2131 omnium
2253 2080 2324 2133 20

218 2153 499 2228 instituit,
544 2162 607 2211 ut
637 2161 751 2213 tam
795 2160 1028 2213 senatus
1066 2170 1233 2231 quam
1269 2153 1472 2234 populi
1518 2154 1714 2213 diurna
1749 2163 1876 2215 acta
1919 2156 2240 2215 confierent

221 2247 279 2299 et
337 2236 795 2317 publicarentur.
884 2236 1196 2315 Antiquum
1248 2240 1418 2297 etiam
1467 2238 1664 2298 retulit
1711 2254 1957 2313 morem,
2010 2246 2072 2297 ut
2121 2255 2237 2315 quo

220 2340 429 2382 mense
464 2321 661 2380 fasces
701 2336 817 2379 non
846 2319 1089 2381 haberet
1110 2366 1128 2397 ,
1170 2338 1455 2381 accensus
1487 2329 1620 2381 ante
1653 2338 1782 2381 eum
1815 2322 1954 2397 iret,
1997 2320 2239 2392 lictores

221 2423 386 2485 pone
419 2411 825 2482 sequerentur.
910 2403 1072 2481 Lege
1106 2413 1294 2465 autem
1326 2406 1554 2481 agraria
1586 2403 1985 2484 promulgata,
2021 2403 2237 2463 obnun-

153 2492 461 2551 25tiantem
499 2488 791 2565 collegam
834 2489 1006 2548 armis
1047 2487 1181 2549 foro
1218 2488 1475 2567 expulit,
1525 2507 1596 2549 ac
1637 2498 1879 2568 postero
1915 2487 2012 2547 die
2043 2489 2101 2547 in
2147 2505 2237 2546 se-

222 2582 355 2633 natu
394 2579 812 2650 conquestum,
864 2590 975 2631 nec
1017 2588 1305 2651 quoquam
1348 2582 1589 2651 reperto
1639 2573 1735 2651 qui
1765 2590 1941 2651 super
1968 2570 2070 2634 tali
2103 2587 2236 2631 con-

224 2656 583 2716 sternatione
614 2654 841 2715 referre
872 2664 969 2715 aut
1002 2673 1245 2716 censere
1280 2655 1499 2736 aliquid
1530 2655 2038 2734 auderet,{qualia
2065 2655 2239 2715 multa

224 2736 408 2818 saepe
457 2740 514 2798 in
556 2738 877 2799 levioribus
910 2738 1096 2798 turbis
1136 2739 1372 2800 decreta
1403 2741 1699 2837 erant,)in
1743 2757 1869 2799 eam
1913 2740 2110 2815 coegit
2141 2737 2237 2797 de-

225 2824 653 2903 sperationem,
697 2832 788 2899 ut,
838 2822 1028 2900 quoad
1058 2832 1348 2901 potestate
1391 2822 1601 2900 abiret,
1636 2822 1807 2881 domo
1843 2821 2070 2883 abditus
2101 2821 2238 2880 nihil

158 2922 207 2962 30
224 2906 377 2967 aliud
412 2925 585 2985 quam
618 2924 725 2985 per
756 2906 943 2965 edicta
974 2906 1356 2967 obnuntiaret.

351 2991 519 3051 Unus
549 3008 625 3050 ex
654 3007 728 3049 eo
759 2999 1025 3069 tempore
1058 2992 1244 3050 omnia
1274 2994 1332 3049 in
1353 3009 1436 3049 .re
1478 2989 1708 3068 publica
1743 2998 1800 3049 et
1833 2988 1905 3049 ad
1946 2988 2238 3049 arbitrium

228 3074 683 3150 administravit,
735 3084 796 3133 ut
836 3072 1093 3133 nonnulli
1134 3074 1512 3151 urbanorum,
1559 3092 1684 3134 cum
1731 3072 1866 3151 quid
1906 3090 2016 3151 per
2049 3072 2240 3131 iocum

227 3158 477 3218 testandi
518 3158 706 3235 gratia
747 3158 1075 3235 signarent,
1118 3175 1235 3216 non
1278 3156 1536 3219 Caesare
1569 3165 1628 3217 et
1668 3155 1908 3231 Bibulo,
1951 3155 2055 3215 sed
2091 3154 2236 3215 Iulio

230 3248 287 3299 et
330 3238 587 3302 Caesare
631 3240 964 3301 consulibus
1006 3250 1195 3301 actum
1238 3241 1594 3317 scriberent,
1638 3240 1730 3299 bis
1776 3239 2020 3299 eundem
2069 3256 2236 3318 prae-

162 3336 210 3377 3⁵
230 3333 545 3401 ponentes,
590 3326 817 3386 nomine
861 3333 1035 3404 atque
1078 3326 1456 3401 cognomine;
1499 3333 1676 3404 utque
1721 3323 1902 3401 vulgo
1941 3340 2078 3383 mox
2122 3322 2238 3383 fer-

228 3416 425 3467 rentur
456 3408 513 3467 hi
544 3426 779 3469 versus:

374 3496 500 3552 Non
533 3494 729 3552 Bibulo
763 3499 1055 3569 quicquam
1090 3511 1273 3569 nuper
1312 3498 1415 3551 sed
1457 3496 1698 3553 Caesare
1735 3496 1954 3569 factum
1991 3502 2102 3553 est.-

644 3580 789 3635 Nam
824 3581 1019 3637 Bibulo
1056 3583 1186 3648 fieri
1220 3581 1442 3637 consule
1477 3583 1558 3636 nil
1595 3582 1826 3637 memini.
