2700 4234
927 305 1489 354 vvrnnnms.
1739 345 1756 356 .
2067 292 2192 354 215

924 733 1436 790 Ursulus.

316 889 684 951 Vitelliorum
714 891 995 968 originem
1029 889 1128 950 alii
1157 890 1328 951 aliam
1368 899 1428 951 et
1469 893 1702 970 quidem
1745 894 2194 957 diversissimam
2223 905 2254 958 1

189 973 449 1051 tradunt,
495 977 718 1055 partiar
734 984 996 1035 veterem
1030 983 1088 1034 et
1121 974 1412 1052 nobilem,
1450 978 1656 1054 partim
1695 996 1842 1038 vero
1882 995 2092 1038 novam
2137 987 2196 1039 et

192 1059 500 1119 obscuram
542 1067 718 1138 atque
764 1062 935 1119 etiam
978 1059 1303 1128 sordidam;
1350 1061 1664 1143 quodego
1709 1080 1820 1142 per
1859 1061 2194 1123 adulatores

193 1139 744 1222 obtrectatoresque
777 1143 1143 1222 imperatoris
1176 1142 1379 1202 Vitelli
1421 1146 1692 1206 evenisse
1736 1147 2039 1226 opinarer,
2087 1146 2198 1207 nisi

142 1243 172 1285 s
194 1223 491 1304 aliquanto
515 1229 672 1305 prius
694 1227 767 1287 de
790 1227 1041 1288 familiae
1064 1226 1398 1287 conditione
1421 1230 1699 1289 variatim
1725 1239 1904 1290 esset.
1935 1235 2105 1290 Extat
2120 1229 2192 1303 Q.

191 1310 368 1388 Elogi
392 1311 465 1371 ad
490 1309 762 1384 Quintum
783 1311 1081 1372 Vitellium
1102 1310 1237 1371 Divi
1260 1310 1510 1389 Augusti
1535 1323 1912 1392 quaestorem
1937 1313 2193 1392 libellus,

193 1411 309 1472 quo
343 1396 688 1472 continetur,
719 1394 994 1457 Vitellios
1027 1393 1225 1456 Fauno
1256 1394 1638 1474 Aboriginum
1667 1416 1812 1476 rege
1845 1407 1905 1458 et
1933 1397 2193 1474 Vitellia,
2269 1391 2272 1398 ’

193 1497 342 1558 quae
373 1478 565 1540 multis
598 1479 748 1540 locis
783 1497 890 1559 pro
920 1480 1151 1544 numine
1186 1479 1505 1557 coleretur,
1541 1491 1705 1541 ortos
1735 1491 1862 1542 toto
1892 1481 2056 1542 Latio
2095 1483 2194 1540 im·

193 1580 468 1641 perasse;
514 1564 719 1624 horum
765 1564 1057 1625 residuam
1102 1564 1343 1643 stirpem
1387 1565 1722 1642 exSabinis
1766 1567 2048 1626 transisse
2078 1564 2194 1624 Ro-

120 1661 175 1703 10
192 1664 341 1707 mam
369 1656 543 1725 atque
578 1649 729 1708 inter
758 1650 1037 1728 patricios
1071 1646 1388 1716 adlectam;
1433 1648 1642 1709 indicia
1676 1651 1873 1728 stirpis
1913 1650 2196 1710 mansisse

194 1731 289 1790 diu
318 1730 467 1789 viam
496 1730 793 1791 Vitelliam
826 1732 899 1792 ab
930 1730 1189 1792 Ianiculo
1220 1734 1292 1793 ad
1322 1750 1482 1793 mare
1504 1751 1712 1812 usque,
1744 1734 1882 1793 item
1905 1733 2196 1793 coloniam

194 1813 454 1874 eiusdem
496 1814 777 1891 nominis,
820 1833 991 1894 quam
1030 1816 1233 1894 gentili
1277 1818 1448 1895 copia
1503 1817 1788 1877 adversus
1832 1817 2196 1897 Aequiculos

192 1899 483 1958 tutandam
532 1899 669 1958 olim
720 1899 1239 1978 depoposcissent;
1298 1910 1568 1980 tempore
1634 1901 1847 1962 deiude
1903 1901 2197 1961 Samnitici

190 1981 334 2043 belli
356 1983 652 2061 praesidio
676 1984 733 2042 in
754 1983 1025 2062 Apuliam
1048 1986 1248 2060 misso,
1283 1986 1564 2064 quosdam
1607 2003 1684 2046 ex
1719 1985 1954 2046 Vitellis
1987 1984 2193 2045 subse-

120 2083 174 2126 ιε
192 2067 350 2128 disse
378 2069 696 2144 Nuceriae,
743 2085 1061 2147 eorumque
1101 2071 1444 2146 progeniem
1488 2069 1668 2148 longo
1709 2080 1845 2148 post
1885 2069 2192 2130 intervallo

189 2153 481 2230 repetisse
522 2151 725 2212 urbem
764 2161 941 2231 atque
986 2152 1247 2212 ordinem
1284 2155 1654 2214 senatorium.
1739 2152 1956 2215 Contra
1993 2153 2192 2231 plures
2223 2158 2258 2212 2

192 2245 487 2296 auctorem
529 2238 765 2314 generis
809 2235 1142 2297 libertinum
1188 2237 1600 2316 prodiderunt,
1655 2238 1888 2298 Cassius
1934 2237 2194 2298 Severus

188 2337 303 2380 nec
340 2321 527 2379 minus
566 2319 663 2380 alii
709 2321 953 2380 eundem
998 2329 1061 2381 et
1103 2330 1362 2381 sutorem
1412 2323 1985 2400 veteramentarium,
2033 2322 2192 2380 cuius

190 2403 343 2463 iilius
376 2404 737 2463 sectionibus
769 2414 827 2464 et
858 2405 1187 2482 cognituris
1204 2405 1442 2466 uberius
1488 2406 1889 2485 compendium
1929 2413 2192 2481 nanctus,

116 2503 171 2545 πο
195 2505 274 2546 ex
306 2487 552 2547 muliere
583 2486 831 2565 vulgari,
857 2487 1133 2549 Antiochi
1170 2489 1466 2550 cuiusdam
1505 2490 1816 2550 furnariam
1859 2490 2192 2550 exercentis

190 2570 330 2647 lilia,
366 2571 619 2649 equitem
648 2570 718 2630 R.
754 2573 1043 2651 genuerit.
1104 2574 1223 2633 Sed
1255 2574 1412 2653 quod
1443 2575 1759 2654 discrepat,
1790 2576 1864 2635 sit
1895 2575 1952 2634 in
1979 2574 2191 2634 medio.

192 2652 557 2716 Ceterum‘P.
590 2655 862 2717 Vitellius
894 2657 1067 2718 domo
1097 2655 1373 2735 Nuceria,
1411 2660 1536 2718 sive
1566 2658 1668 2719 ille
1701 2660 1896 2738 stirpis
1923 2659 2194 2736 antiquae

192 2741 318 2798 sive
353 2739 640 2818 pudendis
671 2740 1009 2819 parentibus
1044 2750 1221 2818 atque
1246 2743 1392 2819 avis,
1429 2759 1614 2823 eques
1639 2752 1802 2802 certe
1825 2741 1894 2801 R.
1925 2751 1982 2802 et
2002 2757 2194 2802 rerum

191 2821 439 2899 Aug-usti
467 2833 835 2902 procurator,
868 2833 1139 2903 quattuor
1168 2826 1319 2886 filios
1348 2827 1736 2907 amplissimae
1768 2825 2060 2902 dignitatis
2095 2843 2194 2886 co·

117 2908 496 2985 2⁵gnomines
540 2925 609 2968 ac
648 2917 865 2968 tantum
910 2910 1381 2988 praenominibus
1425 2911 1730 2970 distinctos
1779 2910 2015 2988 reliquit
2055 2908 2192 2969 Aul.

192 2991 265 3065 Q.
300 2990 362 3050 P.
394 2995 451 3052 L.
482 2991 667 3052 Aulus
698 2993 757 3052 in
786 2994 1091 3054 consulatu
1122 2993 1298 3070 obiit,
1346 3013 1516 3073 quem
1561 3012 1688 3054 cum
1720 2993 1976 3054 Domitio
2005 2991 2192 3053 Nero·

189 3077 279 3134 nis
311 3072 582 3136 Caesaris
613 3085 780 3155 patre
804 3079 1031 3152 inierat,
1064 3078 1400 3155 praelautus
1425 3079 1641 3157 alioqui
1664 3078 2038 3157 famosusque
2059 3095 2192 3138 cae-

188 3178 387 3219 narnm
417 3160 863 3238 magnificentia.
932 3161 1177 3235 Quintus
1212 3164 1395 3224 caruit
1422 3163 1646 3238 ordine,
1681 3180 1808 3222 cum
1841 3171 2081 3222 auctore
2105 3163 2191 3222 Ti-

187 3243 355 3304 berio
386 3246 617 3304 secerni
652 3247 835 3304 minus
869 3245 1115 3306 idoneos
1151 3255 1458 3306 senatores
1497 3248 1908 3326 removerique
1941 3247 2192 3325 placuis-

117 3336 301 3386 aoset.
333 3331 426 3407 1³„
466 3327 793 3388 Germanici
830 3347 1063 3406 comes,
1110 3326 1229 3389 CN.
1256 3329 1524 3391 Pisonem
1550 3331 1836 3391 inimicum
1867 3339 1926 3390 et
1953 3331 2191 3392 interfe-

11 3417 30 3482 Ι,
188 3420 411 3472 ctorem
456 3413 581 3471 eius
626 3415 923 3473 accusavit
980 3415 1535 3494 condemnavitque,
1579 3432 1650 3475 ac
1702 3425 1840 3496 post
1882 3424 2194 3493 praeturae

184 3494 471 3555 honorem
502 3498 653 3556 inter
682 3497 878 3557 Seiani
914 3499 1189 3558 conscios
1222 3507 1492 3575 arreptus
1515 3499 1653 3558 etin
1683 3499 2004 3560 custodiam
2028 3496 2191 3558 iratn'

185 3577 355 3638 datus
385 3579 621 3658 scalpro
659 3579 899 3641 librario
932 3599 1113 3642 venas
1146 3581 1256 3641 sibi
1285 3581 1507 3660 incidit,
1543 3601 1657 3643 nec
1689 3592 1803 3643 tam
1825 3583 2029 3642 mortis
2051 3597 2190 3662 pae-
