2700 4234
438 355 481 415 4
619 366 678 413 o.
712 365 1011 413 SUETONI
1044 365 1299 423 TRANQ.
1332 365 1428 410 DE
1461 365 1624 410 VITA
1659 364 2028 412 cAEsAntm
2064 366 2200 414 ΜΒ.
2231 368 2277 414 1.

441 536 602 601 quas
629 538 833 579 secum
864 518 1047 578 simul
1074 517 1523 595 defendissent,
1559 517 1748 579 exitio
1776 517 2098 596 futurum;
2129 538 2276 581 nam
2301 520 2460 583 Cae·

440 605 581 665 sari
610 602 832 662 multos
858 600 1097 661 Marios
1125 603 1345 661 inesse.

386 709 422 760 2
572 686 867 764 Stipendia
900 689 1079 763 prima
1112 686 1168 743 in
1191 685 1333 744 Asia
1364 684 1503 743 fecit
1531 683 1710 745 Marci
1735 685 1967 746 Thermi
2000 691 2288 765 praetoris
2320 708 2458 749 con-

442 771 739 837 tubernio;
774 788 805 828 a
838 788 953 847 quo
986 768 1058 829 ad
1086 768 1499 829 accersendam
1525 768 1773 828 classem
1798 770 1853 827 in
1879 769 2200 845 Bithyniam
2225 774 2457 845 missuS,

443 855 668 916 desedit
714 853 863 932 apud
913 851 1307 926 Nicomeden,
1361 869 1478 911 non
1514 853 1640 910 sine
1679 870 1912 912 rumore
1949 863 2278 931 prostratae
2327 858 2512 933 regie-1

414 934 782 1019 ‚pudicitiam
816 955 984 1015 quem
1016 954 1304 995 rumorem
1334 938 1522 1012 auxit,
1549 937 1696 995 intra
1725 954 1950 1016 paucos
1979 955 2178 997 rursus
2209 938 2335 999 dies
2365 959 2456 998 re-

444 1025 623 1103 petita
657 1020 918 1095 Bithynia
950 1039 1059 1099 per
1094 1038 1325 1079 causam
1356 1018 1678 1096 exigendae
1725 1022 2040 1099 pecuniae,
2083 1040 2232 1099 quae
2279 1021 2456 1081 debe-

442 1115 600 1166 retur
646 1104 866 1165 cuidam
899 1104 1169 1164 libertino
1205 1103 1401 1162 clienti
1438 1121 1562 1163 suo.
1607 1102 1855 1182 Reliqua
1881 1103 2077 1163 militia
2108 1105 2458 1164 secundiore

442 1191 597 1250 fama
627 1189 730 1247 fuit
763 1197 820 1247 et
867 1206 899 1247 a
934 1187 1183 1247 Thermo
1233 1188 1290 1245 in
1323 1189 1754 1266 expugnatione
1789 1186 2190 1262 Mytilenarum
2234 1205 2454 1248 corona

384 1279 426 1333 ,ὃ
446 1274 631 1334 civica
665 1272 907 1332 donatus
940 1279 1048 1331 est.
1107 1270 1315 1331 Meruit
1349 1280 1407 1329 et
1439 1270 1543 1330 sub
1576 1271 1826 1330 Servilio
1859 1270 2118 1331 Isaurico
2148 1274 2206 1330 in
2232 1271 2454 1349 Cilicia,
2483 1286 2530 1324 ιο

443 1357 547 1418 sed
578 1356 743 1416 brevi
772 1364 1057 1434 tempore.
1118 1354 1265 1413 Nam
1296 1354 1494 1415 Sullae
1535 1363 1722 1415 morte
1755 1365 2052 1434 comperta
2074 1402 2090 1431 ,
2136 1356 2302 1415 simul
2347 1374 2455 1435 spe

444 1458 632 1501 novae
682 1438 1097 1514 dissensionis,
1153 1456 1301 1517 quae
1349 1456 1457 1517 per
1497 1439 1752 1499 Marcum
1781 1438 2058 1517 Lepidum
2090 1438 2454 1514 movebatur,

442 1526 684 1585 Romam
728 1540 985 1601 propere
1038 1522 1205 1582 redit.
1270 1522 1346 1583 Et
1380 1522 1580 1601 Lepidi
1631 1522 1858 1601 quidem
1902 1524 2215 1600 societate,
2260 1541 2453 1603 quam-

446 1626 615 1687 quam
660 1608 886 1682 magnis
931 1605 1369 1665 condicionibus
1409 1608 1776 1683 invitaretur,
1827 1605 2129 1683 abstinuit,
2190 1625 2316 1666 cum
2374 1608 2454 1665 in·

444 1693 623 1767 genio
673 1692 796 1749 eius
838 1689 1058 1749 diffisus
1101 1699 1216 1749 tum
1260 1691 1608 1765 occasione,
1653 1708 1820 1767 quam
1857 1692 2136 1749 minorem
2182 1692 2463 1768 opinione'
2481 1708 2525 1747 15

385 1782 422 1835 4
446 1750 857 1836 offenderat!
838 1772 1107 1833 Ceterum
1134 1775 1457 1852 composita
1483 1774 1768 1833 seditione
1797 1774 1951 1843 civili
1976 1771 2308 1833 Cornelium
2335 1772 2453 1831 Do-

445 1858 717 1919 labellam
761 1858 1127 1916 consularem
1167 1866 1224 1915 et
1268 1856 1668 1936 triumphalem
1716 1856 2163 1943 repetundarum
2196 1858 2454 1935 postula-

446 1944 558 2010 vit;
594 1939 980 2017 absolutoque
1008 1938 1275 1999 Rhodum
1309 1940 1590 2000 secedere
1619 1942 1842 2015 statuit,
1869 1949 1926 1999 et
1947 1941 2026 2001 ad
2055 1940 2455 2001 declinandam

445 1989 711 2085 invidiam
753 2031 809 2081 et
844 2032 903 2081 ut
946 2042 1051 2100 per
1095 2026 1270 2083 otium
1315 2042 1382 2083 ac
1429 2027 1690 2101 requiem
1723 2023 2040 2102 Apollonio
2077 2024 2296 2084 Moloni
2341 2025 2455 2083 cla-

447 2110 676 2168 rissimo
718 2114 851 2165 tunc
898 2106 1125 2166 dicendi
1167 2109 1449 2183 magistro
1498 2124 1737 2184 operam
1777 2107 1958 2166 daret.
2028 2107 2154 2167 Huc
2195 2107 2324 2167 dum
2371 2106 2527 2166 h1-20

446 2193 646 2251 bernis
685 2192 793 2249 iam
842 2191 1135 2249 mensibus
1176 2192 1396 2266 traicit,
1447 2192 1601 2250 circa
1648 2189 2118 2251 Pharmacussam
2149 2191 2391 2251 insulam
2424 2209 2457 2250 a

449 2272 843 2354 praedonibus
870 2284 1073 2353 captus
1099 2284 1220 2350 est,
1246 2276 1570 2352 mansitque
1601 2273 1752 2353 apud
1778 2290 1912 2350 eos,
1940 2293 2058 2335 non
2081 2275 2204 2333 sine
2241 2292 2458 2333 summa

446 2359 871 2435 indignatione,
910 2372 1098 2436 prope
1137 2357 1514 2435 quadraginta
1547 2357 1672 2417 dies
1705 2376 1829 2416 cum
1864 2376 1975 2418 uno
2011 2357 2235 2418 medico
2271 2367 2326 2416 et
2361 2376 2455 2417 cu-

445 2442 720 2502 bicularis
754 2440 997 2501 duobus
1062 2440 1206 2500 Nam
1240 2442 1486 2500 comites
1523 2459 1851 2519 servosque
1886 2450 2118 2500 ceteros
2150 2442 2308 2501 initio
2343 2450 2454 2500 sta-

446 2528 545 2586 tim
580 2524 649 2584 ad
683 2524 1077 2603 expediendas
1107 2526 1414 2602 pecuniaS,
1447 2524 1654 2602 quibus
1685 2524 2097 2601 redimeretur,
2142 2524 2453 2583 dimiserat.
2473 2542 2525 2582 2⁵

446 2609 775 2670 Numeratis
816 2607 1025 2667 deinde
1070 2608 1490 2686 quinquaginta
1521 2608 1782 2683 talentiS,
1829 2610 2133 2686 expositus
2175 2608 2231 2665 in
2281 2608 2455 2667 litore

390 2760 395 2767 ,
446 2712 563 2754 non
616 2691 831 2750 distulit
888 2692 1021 2769 quin
1077 2710 1109 2749 e
1160 2693 1414 2768 vestigio
1463 2691 1654 2750 classe
1707 2691 1951 2751 deducta
2002 2700 2455 2769 persequeretur

447 2777 748 2849 abeuntis,
792 2792 861 2835 ac
901 2774 1175 2835 redactos
1216 2777 1271 2833 in
1309 2783 1655 2854 potestatem
1705 2775 2028 2853 supplicio,
2085 2774 2239 2852 quod
2272 2791 2454 2851 saepe

448 2860 563 2920 illis
592 2860 835 2918 minatus
866 2860 1016 2917 inter
1050 2860 1239 2918 iocum
1270 2859 1490 2934 fuerat,
1523 2859 1822 2917 adiiceret.
1873 2860 2150 2918 Vastante
2176 2860 2454 2935 regiones

450 2944 748 3021 proximas
778 2941 1102 3002 Mithridate
1132 2961 1203 3000 ne
1238 2942 1504 3000 desidere
1534 2944 1590 3000 in
1615 2944 1940 3002 discrimine
1973 2942 2263 3001 sociorum
2298 2942 2451 3001 vide·
2473 2954 2526 2995 so

450 3035 642 3101 retur,
668 3025 739 3084 ab
769 3025 976 3085 Rhodo
994 3042 1155 3103 ,quo
1186 3026 1588 3103 pertenderat,
1615 3027 1836 3084 transiit
1867 3026 1923 3083 in
1948 3024 2177 3099 Asiam,
2205 3024 2456 3088 auxiliis-

453 3126 567 3186 que
602 3111 914 3168 contractis
948 3119 1005 3168 et
1050 3110 1351 3187 praefecto
1400 3110 1560 3185 regis
1591 3108 1893 3189 provincia
1923 3107 2171 3199 expulso
2207 3109 2457 3168 nutantis

454 3211 523 3251 ac
557 3191 758 3251 dubias
794 3194 1057 3252 civitates
1087 3194 1318 3252 retinuit
1346 3194 1405 3251 in
1439 3192 1568 3251 fide.

398 3288 432 3338 5
581 3275 893 3336 Tribunatu
922 3276 1178 3352 militum,
1214 3278 1308 3354 qui
1338 3277 1555 3354 primus
1580 3276 1822 3335 Romam
1850 3293 2097 3336 reverso
2126 3294 2234 3354 per
2258 3276 2461 3346 suffra,

454 3359 550 3434 gia
585 3359 785 3438 populi
816 3359 1005 3435 honor
1032 3362 1269 3438 optigit,
1306 3369 1540 3419 actores
1568 3357 1959 3419 restituendae
1983 3359 2322 3419 tribuniciae
2351 3375 2530 3455 po-,ss

455 3445 710 3519 testatis,
740 3444 899 3502 cuius
923 3446 1035 3501 vim
1062 3443 1219 3502 Sulla
1246 3443 1607 3519 diminuerat,
1638 3460 1969 3501 enixissime
1993 3443 2150 3503 iuvit
2197 3442 2258 3502 L.
2291 3444 2459 3502 etiam

458 3524 674 3587 Cinnae
704 3528 906 3585 uxoris
935 3527 1127 3603 fratri,
1175 3535 1233 3585 et
1263 3527 1362 3603 qui
1397 3543 1523 3585 cum
1565 3543 1638 3585 eo
1675 3526 1827 3585 civili
1867 3525 2157 3586 discordia
2185 3523 2459 3603 Lepidum

458 3610 643 3669 secuti
675 3619 809 3685 post
838 3628 1039 3669 necem
1066 3610 1322 3670 consulis
1355 3608 1424 3669 ad
1445 3610 1762 3669 Sertorium
1789 3609 2196 3685 confugerant,
2221 3608 2466 3669 reditum
