2700 4234
0 1149 11 1233 l

980 350 1191 399 mvus
1238 351 1494 400 IULIUS.
2165 343 2244 402 27

236 513 355 603 ιιιε,
398 504 726 583 supplicem
766 504 837 564 ad
878 523 943 564 se
984 506 1230 585 recepit.
1300 504 1694 566 Alexandriae
1740 508 1896 567 circa
1945 521 2330 586 oppugna-64

232 590 451 648 tionem
479 590 675 667 pontis
700 590 1008 666 eruptione
1030 588 1282 648 hostium
1311 588 1500 649 subita
1525 589 1888 669 conpulsus
1869 609 1927 649 m
1951 590 2245 670 scapham,

234 671 497 752 pluribus
551 670 760 731 eodem
813 673 1359 753 praecipitantibus,
1422 690 1548 732 cum
1600 673 1896 734 desilisset
1952 676 2010 734 in
2066 690 2244 750 mare,

232 748 422 817 nando
454 773 567 835 per
596 754 881 814 ducentos
914 773 1121 835 passus
1148 758 1334 816 evasit
1365 756 1438 816 ad
1469 759 1790 836 proximam
1819 774 2057 834 navem,
2095 757 2247 817 elata

187 840 435 917 slaeva‚
481 858 557 898 ne
609 837 795 899 libelli
850 856 999 919 quos
1056 840 1291 900 tenebat
1332 840 1741 919 madefierent,
1786 840 2247 939 paludamentum

232 923 528 984 mordicus
560 922 826 998 trahens,
860 942 933 982 ne
966 923 1161 1003 spolio
1193 933 1498 1003 poteretur
1527 924 1732 984 hostis.

352 1006 595 1068 Militem
636 1024 825 1087 neque
867 1024 900 1067 a
942 1007 1201 1067 moribus
1247 1026 1438 1086 neque
1483 1027 1516 1068 a
1557 1008 1744 1069 forma
1776 1008 2095 1088 probabat,
2139 1007 2245 1067 sed
2262 1014 2328 1068 65

233 1100 447 1152 tantum
471 1109 504 1151 a
540 1089 781 1168 viribus,
816 1090 1213 1171 tractabatque
1247 1094 1374 1171 pari
1397 1094 1711 1152 severitate
1738 1101 1910 1172 atque
1943 1091 2244 1169 indulgen·
2277 1142 2282 1145 .

236 1177 333 1235 tia.
396 1173 530 1234 Non
562 1175 716 1233 enim
747 1172 958 1253 ubique
990 1192 1059 1235 ac
1090 1193 1354 1255 semper,
1379 1174 1485 1235 sed
1517 1193 1644 1235 cum
1667 1176 1854 1237 hostis
1887 1178 1945 1235 in
1974 1178 2244 1256 proximo

166 1277 215 1321 ze
238 1267 431 1335 esset,
470 1257 812 1319 coercebat:
858 1266 973 1317 tum
1007 1260 1251 1318 maxime
1291 1268 1536 1319 exactor
1571 1261 1948 1337 gravissimus
1986 1258 2244 1337 discipli-

235 1359 381 1419 nae,
416 1350 475 1401 ut
507 1359 693 1419 neque
724 1343 945 1401 itineris
978 1360 1167 1421 neque
1200 1343 1414 1422 proelii
1449 1352 1673 1421 tempus
1709 1343 2105 1420 denuntiaret,
2138 1342 2244 1401 sed

233 1434 496 1506 paratum
528 1433 587 1484 et
608 1427 880 1485 intentum
908 1428 1214 1486 momentis
1243 1426 1505 1487 omnibus
1533 1444 1650 1505 quo
1685 1428 1866 1487 vellet
1891 1427 2082 1487 subito
2107 1426 2241 1487 edu·

236 1518 419 1570 ceret.
484 1508 654 1583 Quod
684 1512 855 1571 etiam
884 1511 1009 1570 sine
1042 1528 1215 1571 causa
1238 1510 1578 1589 plerumque
1604 1511 1890 1590 faciebat,
1924 1512 2243 1591 praecipue

235 1593 447 1674 pluviis
480 1601 537 1651 et
567 1593 735 1652 festis
766 1593 989 1654 diebus.
1065 1594 1156 1653 Ac
1187 1594 1461 1671 subinde,
1495 1594 1921 1655 observandum
1951 1613 2016 1654 se
2049 1594 2243 1655 admo·

162 1699 214 1739 ιε
235 1694 412 1755 nenS,
454 1684 699 1756 repente
731 1677 977 1738 interdiu
1018 1677 1113 1737 vel
1149 1687 1327 1738 nocte
1370 1694 1436 1737 se
1467 1677 1841 1738 subtrahebat
1875 1678 2240 1755 augebatque

234 1762 380 1838 iter,
426 1770 485 1819 ut
526 1762 715 1820 serius
759 1761 1167 1841 subsequentis
1220 1761 1590 1839 defetigaret.
1655 1761 1830 1823 Fama
1873 1778 2018 1821 vero
2061 1761 2239 1820 hosti·
2258 1768 2326 1823 66

233 1844 370 1903 lium
404 1846 703 1924 copiarum
732 1848 1079 1924 perterritos
1110 1863 1227 1906 non
1256 1845 1526 1923 negando
1557 1845 1977 1922 minuendove,
2023 1844 2128 1905 se'd
2157 1846 2240 1903 in·

235 1945 415 2007 super
445 1928 848 2007 amplificando
882 1929 1366 2009 ementiendoque
1403 1929 1799 1991 confirmabat.
1877 1929 2080 2009 Itaque
2115 1944 2242 1987 cum

236 2014 569 2091 expectatio
603 2012 883 2073 adventus
906 2012 1084 2074 Iubae
1106 2013 1382 2075 terribilis
1407 2023 1592 2092 esset,
1627 2015 1970 2075 convocatis
2001 2013 2072 2074 ad
2103 2029 2240 2071 con-

158 2115 212 2155 ιο
235 2098 453 2155 tionem
482 2096 755 2157 militibus
788 2096 1055 2174 Scitote,
1092 2099 1306 2177 inquit,
1336 2098 1736 2175 paucissimis
1765 2097 1862 2157 his
1891 2096 2110 2157 diebus
2139 2113 2236 2155 re—

226 2198 363 2259 yem
406 2178 766 2258 adfuturum
808 2200 944 2242 cum
986 2181 1192 2242 decem
1234 2180 1608 2260 leyionibus,
1656 2181 1920 2260 equitum
1959 2180 2236 2259 triyinea,

230 2263 385 2325 levis
409 2270 773 2325 armaturae
794 2271 1027 2326 eentum
1047 2264 1327 2341 milibus,
1355 2265 1696 2343 elephantis
1723 2264 2026 2324 trecentis.
2083 2262 2234 2323 Pro·

229 2342 375 2407 inde
422 2348 709 2409 desinant
746 2347 995 2429 quidam
1039 2366 1343 2429 quaerere
1383 2349 1554 2409 ultra
1593 2356 1706 2409 aut
1733 2346 2016 2425 opinari,
2061 2345 2234 2405 miki-

230 2448 380 2510 que,
413 2431 521 2511 qui
548 2438 919 2511 compertum
946 2432 1180 2509 habeo,
1208 2431 1510 2503 credant,⁸
1539 2440 1654 2493 aut
1679 2430 1920 2511 quidem
1953 2431 2236 2491 vetustis·

156 2536 209 2575 ιιι
230 2515 393 2575 sima
421 2532 585 2575 nave
611 2516 935 2594 impositos
962 2534 1341 2597 quocumque
1370 2522 1548 2577 vento
1576 2515 1642 2577 in
1670 2532 2085 2595 quascumque
2113 2519 2234 2573 ter·

228 2616 345 2659 ras
380 2597 601 2661 iubebo
632 2599 833 2660 avelli.

354 2682 586 2743 Delicta
626 2702 816 2763 neque
859 2683 1211 2744 observabat
1258 2686 1448 2744 omnia
1487 2701 1677 2761 neque
1720 2701 1828 2762 pro
1861 2682 2034 2760 inodo
2067 2698 2235 2741 exse·
2255 2687 2318 2743 67

231 2765 543 2857 quebatur,
587 2767 693 2828 sed
739 2766 1105 2828 desertorum
1140 2786 1211 2827 ac
1259 2768 1672 2828 seditiosorum
1723 2776 1782 2827 et
1831 2768 2140 2845 inquisitor
2177 2772 2238 2823 et

230 2850 483 2929 punitor
512 2852 859 2928 acerrimus,
904 2850 1215 2912 conivebat
1254 2852 1312 2911 in
1361 2853 1596 2911 ceteris.
1685 2850 1778 2909 Ac
1817 2865 2238 2927 nonnumquam

157 2942 368 3012 sopost
407 2952 670 3013 magnam
710 2952 961 3014 pugnam
1008 2944 1179 3014 atque
1221 2936 1556 3012 victoriam,
1607 2936 1856 2994 remisso
1911 2932 2238 2992 officiorum

230 3036 500 3095 munere,
560 3018 849 3079 licentiam
901 3036 1127 3079 omnem
1181 3020 1396 3098 passim
1448 3016 1788 3079 lasciviendi
1846 3006 2235 3098 permittebat,

230 3105 449 3163 iactare
500 3101 740 3180 solitus,
792 3102 1012 3164 milites
1058 3120 1209 3164 suos
1256 3102 1441 3165 etiam
1485 3108 1893 3181 unquentatos
1936 3100 2089 3161 bene
2117 3117 2232 3177 pu-

224 3203 426 3265 qnare
448 3201 658 3265 posse.
746 3184 877 3246 Nec
919 3187 1129 3247 milites
1163 3204 1270 3247 eos
1300 3204 1410 3267 pro
1445 3188 1755 3263 contione,
1797 3184 1901 3245 sed
1931 3183 2234 3244 blandiore

227 3270 461 3330 nomine
498 3269 1051 3352 commilitones
1085 3270 1448 3351 appellabat,
1490 3270 1856 3349 habebatque
1897 3277 2010 3330 tam
2045 3267 2234 3328 cultos

158 3370 207 3409 ss
229 3364 290 3413 ut
312 3362 564 3433 argento
596 3342 657 3413 et
685 3372 827 3415 auro
857 3354 1055 3434 politis
1084 3356 1255 3415 armis
1286 3362 1554 3431 ornaret,
1585 3354 1752 3414 simul
1783 3362 1842 3413 et
1871 3353 1940 3415 ad
1975 3354 2237 3432 speciem

227 3445 289 3497 et
327 3454 443 3515 quo
486 3439 821 3499 tenaciores
862 3455 1062 3499 eorum
1099 3439 1156 3497 in
1185 3437 1416 3518 proelio
1448 3446 1648 3498 essent
1679 3445 1834 3497 metu
1861 3438 2067 3498 damni.
2138 3436 2234 3495 Di-

226 3520 454 3598 ligebat
486 3538 722 3601 quoque
754 3540 937 3621 usque
964 3522 1136 3599 adeo,
1168 3530 1229 3581 ut
1256 3521 1448 3583 audita
1481 3521 1646 3583 clade
1677 3521 1966 3582 Tituriana
1999 3519 2236 3580 barbam

226 3604 622 3684 capillumque
650 3606 996 3665 summiserit
1024 3624 1134 3667 nec
1162 3614 1296 3667 ante
1322 3592 1728 3685 dempserit
1672 3622 1840 3685 quam
1863 3603 2234 3664 vindicasset.
