2700 4234
1024 316 1368 366 GALBA.
2077 301 2199 366 209

196 494 305 538 eos
330 475 561 536 nonnisi
584 473 909 554 praeduros
932 472 1354 549 exoletosque;
1393 469 1660 531 ferebant
1693 472 1754 530 in
1771 469 2051 548 Hispania
2073 469 2198 531 Ice-

198 561 313 622 lum
336 578 373 620 e
393 559 693 619 veteribus
718 556 1059 618 concubinis
1079 601 1096 632 ‚
1123 554 1195 614 de
1212 553 1464 614 Neronis
1487 555 1646 614 exitu
1673 557 2023 614 nuntia-ntem
2037 600 2054 632 ‚
2081 571 2200 616 non

196 644 369 706 mOdo
409 640 709 703 artissimis
745 641 963 702 osculis
1006 638 1199 718 palam
1230 647 1541 716 exceptum
1577 638 1648 699 ab
1688 657 1795 716 eo,
1835 637 1942 698 sed
1975 648 2034 698 ut
2071 641 2197 700 sine

192 745 359 790 mora
380 727 703 787 velleretur
726 734 967 802 oratum,
1003 733 1175 802 atque
1200 723 1516 783 seductum.

150 832 179 873 ε
330 812 513 872 Periit
538 811 711 870 tertio
736 818 795 869 et
816 810 1255 888 septuagesimo
1276 809 1482 867 aetatis
1519 822 1667 867 anno
1683 851 1700 883 ‚
1737 807 1965 885 imperii
1995 825 2194 868 mense
2211 818 2282 874 23

194 897 468 975 septimo.
544 895 811 970 Senatus,
838 902 897 953 ut
936 893 1177 973 primum
1210 890 1427 951 licitum
1465 900 1586 968 est,
1623 898 1867 951 statuam
1903 891 1961 950 ei
1993 890 2198 952 decre-

190 989 363 1040 verat
382 988 671 1040 rostratae
696 976 1000 1039 columnae
1026 983 1455 1054 superstantem
1477 976 1535 1033 in
1562 983 1732 1053 parte
1753 973 1900 1051 fori,
1939 993 2052 1054 qua
2081 984 2196 1036 tru-

195 1062 420 1125 cidatus
441 1073 557 1132 est;
584 1060 689 1122 sed
712 1061 1011 1122 decretum
1034 1060 1436 1138 Vespasianus
1477 1058 1767 1137 abolevit,
1808 1076 2196 1138 percussores

197 1148 309 1208 sibi
334 1164 411 1208 ex
430 1147 712 1226 Hispani-a
736 1148 793 1206 in
815 1144 1087 1205 Iudaeam
1110 1135 1450 1204 submisisse
1477 1144 1766 1222 opinatus.

1068 1489 1307 1544 ouo.

142 1670 197 1712 ιο
326 1649 581 1712 Maiores
602 1648 849 1709 Othonis
874 1649 988 1707 orti
1012 1654 1142 1706 sunt
1174 1644 1396 1724 oppido
1423 1643 1731 1722 Ferentio,
1756 1645 1972 1707 familia
1993 1657 2198 1708 vetere
2221 1662 2250 1716 1

198 1744 259 1795 et
290 1734 577 1794 honorata
608 1741 783 1811 atque·
814 1749 892 1792 ex
920 1729 1284 1810 principibus
1316 1729 1605 1790 Etruriae.
1656 1730 1820 1791 Avus
1855 1730 1932 1792 Μ.
1965 1730 2198 1792 Salvius

198 1817 376 1894 otho,
410 1825 577 1894 patre
604 1819 804 1894 equite⁴
832 1814 909 1874 R.
936 1823 1117 1875 matre
1142 1813 1339 1874 humili
1364 1815 1648 1873 incertum
1681 1831 1754 1874 an
1778 1815 2060 1892 ingenua,
2090 1833 2199 1895 per

197 1903 447 1979 gratiam
461 1899 659 1960 Liviae
684 1899 988 1976 Augustae
1006 1943 1025 1974 ‚
1050 1900 1109 1958 in
1135 1900 1293 1958 cuius
1326 1897 1500 1958 domo
1527 1907 1817 1975 creverat,
1843 1909 2082 1961 senator
2105 1911 2196 1960 est

197 1986 413 2062 factus,
440 2001 553 2044 nec
574 1991 881 2064 praeturae
904 1980 1144 2059 gradum
1166 1983 1444 2042 excessit.

125 2091 181 2133 ιε
326 2068 499 2128 Pater
516 2065 579 2128 L.
604 2067 778 2144 Otho,
806 2075 1067 2126 materno
1102 2084 1325 2144 genere
1364 2064 1670 2145 praeclaro
1698 2065 2114 2146 multarumque
2139 2077 2197 2129 et

196 2169 533 2233 magnarum
558 2152 1107 2231 propinquitatum,
1132 2160 1245 2211 tam
1288 2167 1456 2210 carus
1490 2156 1721 2228 tamque
1765 2167 1882 2210 non
1915 2151 2194 2212 absimilis

196 2237 353 2296 facie
377 2235 615 2296 Tiberio
644 2237 894 2314 principi
917 2234 1045 2311 fuit,
1070 2234 1424 2312 ut-plerique
1453 2241 1822 2312 procreatum
1845 2251 1922 2294 ex
1955 2251 2029 2296 eo
2069 2254 2194 2296 cre·

198 2320 424 2380 derent.
484 2318 757 2382 Urbanos
792 2318 1082 2394 honores,
1119 2317 1594 2396 proconsulatum
1630 2317 1874 2378 Africae
1909 2328 1968 2378 et
2005 2329 2194 2380 extra·

201 2403 495 2465 ordinaria
524 2405 767 2480 imperia
791 2403 1163 2462 severissime
1192 2401 1624 2462 administravit.
1691 2401 1886 2462 Ausus
1908 2404 2082 2462 etiam
2105 2412 2196 2463 est

121 2509 179 2551 20
198 2491 261 2548 in
287 2486 528 2561 illyrico
550 2486 761 2547 milites
792 2484 1091 2564 quosdam,
1118 2485 1275 2564 quod
1297 2495 1457 2546 motu
1483 2483 1709 2546 Camilli
1743 2504 1819 2546 ex
1841 2488 2196 2565 paenitentia

199 2572 579 2650 praepositos
596 2588 735 2630 suos
753 2571 915 2648 quasi
935 2568 1284 2630 defectionis
1308 2568 1590 2630 adversus
1611 2567 1910 2631 Claudium
1923 2580 2196 2633 auctores

196 2653 555 2731 occiderant,
584 2656 775 2733 capite
800 2654 1024 2733 punire,
1058 2662 1117 2713 et
1140 2653 1370 2732 quidem
1397 2662 1532 2713 ante
1555 2655 1841 2733 principia
1877 2673 1942 2715 se
1977 2673 2194 2732 coram,

198 2740 459 2816 quamvis
486 2737 561 2798 ob
584 2737 643 2798 id
664 2740 857 2817 ipsum
879 2746 1183 2816 promotos
1208 2740 1265 2796 in
1306 2737 1652 2816 ampliorem
1690 2737 1932 2816 gradum
1969 2757 2000 2800 a
2027 2737 2194 2800 Clau-

198 2821 297 2882 dio
322 2825 519 2882 sciret.
572 2823 703 2897 Quo
726 2821 887 2882 facto
912 2823 1065 2881 sicut
1093 2821 1345 2898 gloriam
1369 2823 1560 2897 auxit,
1598 2823 1678 2881 ita
1700 2824 1946 2899 gratiam
1965 2825 2194 2892 minuit;

118 2929 175 2970 2⁵
199 2923 370 2986 quam
392 2915 581 2966 tamen
602 2915 822 2966 mature
835 2907 1195 2983 reciperavit
1216 2905 1450 2966 detecta
1463 2905 1673 2984 equitis
1690 2905 1760 2965 R.
1783 2905 2007 2984 fraude,
2024 2924 2196 2984 quem

198 2989 579 3069 prodentibus
604 2990 795 3050 servis
830 3007 1037 3050 necem
1060 2986 1305 3050 Claudio
1342 3007 1554 3068 parare
1589 2999 1975 3069 compererat.
2023 2989 2193 3053 Nam-

197 3091 313 3152 que
336 3083 395 3133 et
417 3082 654 3134 senatus
681 3073 911 3135 honore
933 3075 1253 3151 rarissimo,
1286 3083 1471 3136 statua
1494 3075 1550 3132 in
1575 3072 1797 3134 Palatio
1823 3075 2033 3152 posita,
2060 3091 2192 3152 pro-

197 3167 434 3218 secutus
460 3167 551 3218 est
586 3175 715 3218 eum
738 3166 797 3217 et
815 3154 1093 3238 Claudius
1130 3157 1418 3219 adlectum
1453 3159 1604 3217 inter
1643 3159 1922 3236 patricios
1959 3157 2192 3219 conlau-

197 3241 341 3302 dans
364 3241 735 3320 amplissimis
754 3241 977 3319 verbis,
1002 3241 1376 3320 hoc-quoque
1402 3240 1644 3302 adiecit:
1680 3239 1807 3319 Vir,
1839 3259 1960 3322 quo
1981 3241 2190 3304 melio·

123 3344 178 3386 so
194 3343 301 3386 res
314 3324 549 3386 liberos
570 3323 804 3386 habere
818 3343 896 3386 ne
917 3332 1063 3404 opto
1086 3325 1348 3406 quidem.
1389 3323 1483 3384 Ex
1505 3325 1680 3386 Albia
1703 3325 1973 3388 Terentia
1999 3328 2193 3407 splen·

197 3409 329 3470 dida
346 3409 561 3470 femina
584 3409 729 3469 duos
752 3411 907 3470 lilios
930 3410 1151 3488 tulit‚L.
1178 3409 1461 3470 Titianum
1487 3419 1544 3469 et
1567 3412 1848 3472 minorem
1868 3411 1946 3472 M.
1973 3427 2193 3488 cogno·

193 3497 405 3555 minem
427 3493 569 3564 sibi;
601 3493 729 3554 tulit
758 3502 817 3553 et
847 3494 1040 3571 filiam,
1082 3511 1252 3573 quam
1285 3490 1520 3552 vixdum
1553 3493 1809 3556 nubilem
1836 3495 2029 3556 Druso
2053 3494 2192 3556 Ger-

194 3579 407 3638 manici
429 3577 555 3636 filio
579 3577 907 3658 despondit.

282 3680 594 3735 sumemus.
1747 3706 1756 3716 .
1811 3664 1889 3722 14
1987 3705 1992 3712 -
