2700 4234
983 270 1448 323 Dom'mAsz.
2095 265 2221 329 249

342 425 436 487 Ab
465 426 698 487 iuventa
732 425 960 486 minime
991 427 1178 487 civilis
1206 428 1399 505 animi,
1436 428 1735 497 confidens
1768 431 1972 508 etiam,
2005 441 2064 493 et
2098 428 2223 491 cum

223 510 414 571 verbis
439 518 554 570 tum
580 509 758 570 rebus
793 509 1164 590 immodicus,
1213 510 1453 573 Caenidi
1487 514 1669 591 patris
1704 513 2100 593 concubinae,
2147 533 2223 575 ex

220 594 424 655 Histria
467 611 748 655 reversae
793 594 1171 673 osculumque
1216 604 1276 655 ut
1333 605 1597 657 assuerat
1650 598 1947 675 offerenti,
1998 617 2219 659 manum

225 677 516 757 praebuit;
562 695 844 756 generum
887 678 1083 739 fratris
1124 678 1361 757 indigne
1405 680 1605 740 ferens
1649 681 1877 741 albatos
1930 690 1989 741 et
2021 682 2221 761 ipsum

178 782 202 823 5
221 764 510 823 ministros
537 761 780 837 habere,
809 762 1224 842 proclamavit:
1297 751 1443 823 Οὐκ
1500 752 1765 842 ἀγαθὸν
1805 764 2223 845 πολυκοιρα-

220 845 342 925 νίη.
430 845 820 925 Principatum
850 863 995 906 vero
1027 846 1296 925 adeptus,
1331 864 1523 945 neque
1552 848 1609 906 in
1640 856 1841 908 senatu
1872 850 2091 909 iactare
2122 849 2217 909 du·
2239 860 2307 914 13

219 930 433 1007 bitavit,
468 936 528 990 et
559 928 742 1009 patri
779 946 848 990 se
890 935 951 990 et
981 928 1184 1009 fratri
1222 930 1547 1009 imperium
1588 931 1868 1011 dedisse,
1912 932 2058 994 illos
2099 931 2225 993 siba·

216 1012 565 1075 reddidisse
572 1038 605 1085 ,·
649 1030 842 1093 neque
873 1016 931 1073 in
963 1013 1292 1074 reducenda
1337 1024 1475 1094 post
1526 1014 1829 1077 divortium
1874 1032 2059 1077 uxore
2104 1016 2219 1077 edi-

220 1116 371 1177 cere,
404 1106 742 1159 revocatam
781 1115 909 1158 eam
951 1098 1016 1159 in
1047 1096 1347 1176 pulvinar
1389 1116 1587 1160 suum.
1667 1099 1999 1161 Adclamari
2050 1102 2222 1161 etiam

155 1195 202 1239 ιο
219 1183 273 1242 in
297 1179 718 1261 amphitheatro
745 1182 904 1260 epuli
933 1180 1026 1242 die
1049 1180 1300 1242 libenter
1317 1182 1519 1245 audiit:
1550 1182 1815 1245 Domino
1853 1182 2225 1246 et'dominae

214 1264 519 1344 feliciter!
606 1264 725 1325 Sed
753 1275 812 1325 et
842 1264 1176 1345 Capitolino
1213 1267 1525 1327 certamine
1563 1277 1807 1328 cunctos
1837 1268 2060 1345 ingenti
2084 1283 2221 1329 con-

217 1366 384 1409 sensu
419 1350 736 1427 precantis,
766 1358 828 1409 ut
852 1349 1166 1410 Palfurium
1195 1349 1398 1411 Suram
1425 1352 1793 1427 restitueret,
1827 1352 2053 1431 pulsum
2086 1352 2223 1412 olim

219 1441 412 1493 senatu
447 1449 520 1493 ac
551 1442 688 1493 tunc
717 1431 789 1493 de
821 1433 1152 1494 oratoribus
1185 1443 1561 1511 coronatum,
1608 1436 1769 1496 nullo
1810 1452 2105 1514 responso
2137 1434 2218 1494 di·

217 1525 439 1594 gnatus,
466 1524 670 1580 tacere
699 1524 914 1577 tantum
953 1515 1125 1578 modo
1163 1518 1332 1577 iussit
1375 1534 1527 1578 voce
1567 1520 1899 1597 praeconis.-
1968 1518 2101 1579 Pari
2132 1537 2219 1579 ar-

156 1614 201 1655 15
218 1601 514 1677 rogantia,
551 1617 677 1661 cum
707 1610 1150 1679 procuratorum
1182 1617 1414 1661 suorum
1444 1602 1673 1661 nomine
1704 1601 2008 1661 formalem
2044 1601 2219 1662 dicta-

217 1693 300 1743 ret
333 1682 665 1763 epistulam,
698 1685 784 1744 sic
816 1686 1045 1763 coepit:
1075 1683 1385 1759 Dominus
1415 1689 1475 1745 et
1506 1685 1662 1746 deus
1690 1689 1905 1759 noster
1937 1684 2056 1745 hoc
2081 1684 2225 1763 fieri

216 1766 390 1828 iubet.
453 1767 629 1831 Unde
677 1768 990 1830 institutum
1037 1768 1320 1848 posthac,
1379 1778 1439 1829 ut
1490 1787 1564 1829 ne
1608 1768 1831 1848 scripto
1877 1767 2104 1847 quidem
2152 1784 2223 1829 ac
2332 1817 2337 1835 ,

217 1867 479 1913 sermone
513 1851 850 1930 cuiusquam
883 1851 1286 1933 appellaretur
1319 1852 1507 1913 aliter.
1576 1853 1808 1913 Statuas
1854 1852 1963 1911 sibi
2006 1854 2063 1913 in
2113 1850 2219 1913 Ca-

218 1934 416 2013 pitolio
445 1935 679 1996 nonnisi
713 1953 920 1997 aureas
953 1944 1012 1996 et
1040 1944 1353 2013 argenteas
1397 1936 1533 2014 poni
1584 1937 1843 2015 permisit
1884 1952 1955 1996 ac
2000 1935 2219 2015 ponde·

155 2036 200 2077 20
216 2020 291 2078 ris
330 2020 493 2079 certi.
585 2016 762 2080 Ianos
793 2037 1079 2097 arcusque
1111 2038 1239 2080 cum
1265 2019 1561 2099 quadrigis
1598 2028 1658 2079 et
1680 2018 2003 2097 insignibus
2026 2022 2219 2081 trium·

214 2102 449 2180 phorum
487 2120 604 2183 per
647 2104 926 2180 regiones
967 2102 1128 2163 urbis
1184 2113 1398 2164 tantos
1426 2121 1495 2164 ac
1538 2111 1625 2164 tot
1669 2104 1957 2181 extruxit,
2000 2113 2063 2164 ut
2105 2105 2219 2165 cui-

215 2187 336 2246 dam
368 2184 600 2249 Graece
629 2187 966 2265 inscriptum
1000 2188 1104 2247 sitz
1152 2187 1328 2248 arci.
1410 2184 1759 2248 Consulatus
1805 2187 2223 2264 septemdecim

214 2270 380 2349 cepit,
420 2277 568 2349 quot
596 2279 729 2330 ante
759 2288 888 2330 eum
917 2287 1120 2340 nemo;
1155 2288 1230 2331 ex
1261 2270 1468 2350 quibus
1498 2279 1726 2349 septem
1768 2268 1993 2330 medios
2041 2271 2249 2355 conti·-

211 2356 426 2431 nuavit,
475 2370 684 2415 omnes
729 2363 919 2415 antem
964 2372 1153 2435 paene
1196 2354 1363 2415 titulo
1407 2363 1575 2415 tenus
1619 2353 1836 2431 gessit,
1873 2371 1988 2413 nec
2028 2370 2219 2433 quem-

149 2448 200 2497 25.
215 2454 376 2515 quam
409 2436 563 2497 ultra
597 2435 692 2501 Kl.
724 2437 859 2499 Mai.
893 2438 1212 2517 plerosque
1247 2438 1317 2499 ad
1341 2436 1475 2499 Idus
1500 2456 1685 2517 usque
1707 2436 2022 2498 Ianuarias.
2080 2437 2223 2498 Post

210 2530 392 2582 autem
423 2520 576 2583 duos
607 2521 958 2601 triumphos,
1003 2521 1330 2585 Germanici
1369 2523 1714 2600 cognomine
1743 2530 2077 2601 assumpto,
2116 2522 2219 2581 Se-

211 2604 533 2682 ptembrem
561 2622 823 2667 mensem
857 2615 915 2667 et
944 2605 1260 2667 Octobrem
1301 2624 1378 2667 ex
1413 2605 1905 2685 appellationibus
1936 2605 2056 2666 suis
2081 2604 2220 2668 Ger-

207 2688 486 2751 manicum
524 2687 1022 2769 Domitianumque
1054 2689 1562 2768 transnominavit,
1604 2688 1760 2770 quod
1798 2688 1984 2751 altero
2022 2706 2221 2749 susce-

211 2772 391 2849 pisset
429 2773 758 2852 imperium,
788 2773 976 2835 altero
1006 2783 1170 2835 natus
1201 2782 1382 2836 esset.

144 2870 192 2914 so
327 2856 440 2917 Per
468 2856 624 2917 haec
650 2855 928 2917 terribilis
968 2860 1192 2917 cunctis
1232 2866 1291 2918 et
1328 2857 1579 2934 invisus,
1621 2854 1851 2917 tandem
1898 2872 2222 2933 oppressus
2238 2860 2305 2913 14

207 2948 294 2999 est
321 2940 641 3002 amicorum
675 2940 1133 3020 libertorumque
1162 2942 1491 3003 intimorum
1538 2939 2006 3019 conspiratione,
2058 2937 2224 2998 simul

208 3031 262 3082 et
289 3026 514 3084 uxoris.
580 3023 807 3085 Annum
839 3024 1106 3103 diemque
1136 3024 1392 3086 ultimum
1424 3024 1581 3085 vitae
1608 3025 1720 3084 iam
1750 3021 1973 3103 pridem
2018 3038 2221 3099 suspe-

207 3114 353 3167 ctum
382 3106 662 3185 habebat,
695 3108 898 3169 horam
933 3110 1122 3187 etiam,
1158 3127 1270 3169 nec
1303 3126 1423 3169 non
1456 3117 1513 3168 et
1543 3125 1731 3185 genus
1762 3107 1984 3168 mortis.
2065 3103 2222 3164 Adu-

205 3188 532 3251 lescentulo
577 3189 856 3253 Chaldaei
900 3201 1106 3253 cuncta
1145 3191 1591 3271 praedixerant3
1636 3199 1805 3271 pater
1848 3206 2084 3269 quoque
2133 3206 2224 3249 su-

143 3290 313 3369 ssper
344 3292 587 3335 caenam
621 3276 912 3355 quondam
955 3276 1150 3353 fungis
1194 3276 1581 3337 abstinentem
1627 3275 1816 3354 palam
1857 3274 2120 3335 irriserat
2162 3281 2224 3333 ut

207 3356 468 3432 ignarum
499 3362 676 3419 sortis
699 3378 858 3437 suae,
895 3358 1052 3439 quod
1084 3377 1200 3420 non
1229 3360 1449 3420 ferrum
1477 3358 1672 3459 potius
1701 3360 1952 3419 timeret.
2028 3358 2224 3433 Quare

207 3440 452 3517 pavidus
499 3460 734 3522 semper
773 3452 948 3523 atque
978 3444 1240 3519 anxius,
1289 3444 1535 3503 minimis
1585 3443 1754 3505 etiam
1808 3440 2223 3521 suspitionibus

209 3533 446 3600 praeter
485 3528 714 3589 modum
747 3526 1250 3598 commovebatur-3
1285 3534 1344 3586 ut
1374 3525 1549 3587 edicti
1572 3526 1644 3587 de
1670 3525 2010 3637 excidendis
2031 3522 2225 3582 vineis
