2700 4234
511 313 1063 363 DEPERDITORUM
1105 313 1467 362 mmmmm
1506 311 1905 373 RELIQUIAE.
2092 296 2208 361 311

215 473 372 551 cipit.
426 470 649 530 Dicitur
679 478 868 529 autem
897 466 1194 545 pulvinus,
1227 466 1450 527 dicatur
1478 484 1730 527 necesse
1766 476 1856 527 est
1886 466 2216 545 cervicalis,

212 560 273 615 ἰιι
302 553 648 616 cubicularis
676 550 1026 612 tricliniaris.

337 636 664 714 Pugillares
700 652 773 695 an
802 632 1136 733 pugillaria]
1168 630 1298 692 Nec
1329 634 1639 713 pugillaria
1682 652 1797 694 nec
1826 633 2081 713 pugillar
2103 632 2215 693 dici

218 720 472 799 potest*
501 719 699 795 aliter,
743 720 875 796 quia
925 718 1222 795 proprium
1269 733 1480 778 nomen
1522 727 1612 778 est
1641 718 1805 778 huius
1837 719 1923 778 rei
1961 716 2215 795 codices,

174 803 351 865 sinde
393 820 499 882 per
544 801 972 861 diminutionem
1014 796 1302 876 codicilli,
1344 810 1407 861 ut
1452 810 1587 880 puta
1635 800 1889 862 codicilli
1933 801 2215 879 triplices.

221 887 330 965 [sic
374 885 636 949 dicuntur
683 882 967 962 codicilli,
1013 881 1070 942 id
1119 891 1210 942 est
1244 884 1376 961 quia
1406 892 1521 945 tam
1550 887 1714 964 parvi
1747 894 1877 944 sunt
1902 893 1964 944 ut
1993 884 2217 974 pugillo

215 971 398 1029 teneri
431 970 674 1048 possint.
741 964 953 1029 Cicero
988 982 1222 1045 quoque
1264 966 1503 1027 libellos
1542 985 1688 1047 quos
1718 968 1916 1048 plures
1956 969 2015 1027 in
2052 985 2219 1028 manu

217 1052 468 1113 habebat
497 1051 748 1113 vocabat
770 1050 1138 1131 pugillares]

337 1134 493 1196 Inter
515 1135 694 1195 decus
719 1144 776 1195 et
797 1134 999 1213 decor]
1027 1133 1206 1193 decus
1231 1142 1321 1192 est
1342 1133 1552 1212 glor1a,
1567 1133 1747 1195 decor
1759 1134 1964 1196 forma.
1993 1136 2217 1197 Utrum·

145 1232 202 1274 10
221 1237 335 1298 que
373 1220 634 1297 genitivo
683 1236 820 1279 casu
865 1216 1240 1295 discernitur,
1283 1234 1411 1277 nam
1456 1217 1609 1297 quod
1650 1219 1874 1279 virtutis
1902 1218 2081 1279 decus
2112 1227 2217 1296 est,

219 1304 564 1382 corripimus
595 1320 630 1363 o
661 1310 719 1361 et
747 1301 986 1362 dicimus
1013 1300 1194 1361 decus
1225 1299 1481 1379 decoris,
1532 1301 1686 1379 quod
1725 1301 1968 1381 formae,
2007 1302 2217 1382 produ·

220 1388 398 1447 cimus
431 1396 488 1447 et
518 1385 754 1445 dicimus
779 1384 960 1445 decor
990 1384 1240 1446 decoris.

247 1472 260 1481 ’
343 1472 498 1530 Inter
535 1468 669 1529 mihi
713 1476 771 1527 et
813 1468 923 1547 mi]
979 1477 1280 1546 utrumque
1321 1483 1646 1545 pronomen
1678 1478 1796 1548 est,
1840 1469 1945 1531 sed
1976 1469 2217 1531 alterum

218 1554 540 1614 invocantis
581 1552 824 1613 alterum
866 1553 1192 1632 poscentis;
1226 1550 1467 1610 dicimus
1494 1553 1643 1611 enim
1676 1570 1711 1613 o
1745 1556 1819 1613 mi
1856 1562 2054 1633 pater,
2092 1571 2218 1614 cum

149 1655 204 1697 ιε
219 1638 591 1713 invocamus,
639 1645 697 1697 et
729 1635 972 1696 dicimus
1005 1634 1074 1695 da
1103 1634 1265 1711 mihi,
1299 1651 1427 1693 cum
1454 1636 1769 1712 poscimus.

342 1720 500 1781 Inter
540 1720 637 1779 hic
670 1722 837 1798 panis
879 1728 936 1779 et
963 1718 1080 1779 hoc
1112 1718 1287 1796 pane]
1327 1717 1425 1777 hic
1463 1720 1657 1796 panis,
1701 1720 1798 1799 qui
1830 1721 2058 1798 integer
2098 1728 2215 1781 est:

220 1804 333 1865 hoc
373 1822 546 1882 pane,
591 1821 717 1862 cum
746 1802 966 1863 fractus
1000 1809 1120 1878 est,
1151 1800 1427 1879 dicimus,
1461 1819 1537 1861 ex
1565 1820 1677 1863 uno
1709 1821 1860 1882 pane
1893 1821 2020 1863 cum
2053 1803 2219 1883 plura

219 1887 404 1948 frusta
433 1887 590 1947 facta
614 1885 879 1946 sunt.l1i
909 1903 1089 1964 panes
1120 1884 1225 1945 sed
1253 1884 1373 1943 hoc
1402 1902 1571 1963 pane.

345 1969 598 2030 Plurium
619 1984 691 2027 an
715 1968 961 2047 plurum]
991 1967 1166 2028 Aiunt
1190 1967 1418 2047 quidam
1440 1969 1664 2047 plurum
1690 1970 1906 2031 dehere
1932 1970 2065 2049 dici,
2091 1970 2223 2050 quia

145 2069 201 2110 ιο
224 2069 343 2113 ιιοιι
373 2052 615 2113 dicimus
641 2051 958 2112 meliorium
991 2069 1105 2111 nec
1139 2051 1515 2129 doctiorium,
1557 2056 1633 2114 ita
1675 2072 1787 2114 nec
1836 2054 2081 2136 plurium
2123 2054 2221 2115 de

220 2139 366 2199 here
399 2135 532 2197 dici.
591 2134 708 2195 Sed
748 2135 844 2196 alii
891 2138 1080 2212 aiunt,
1131 2152 1525 2234 quaecumque
1558 2136 1765 2216 plurali
1800 2140 2134 2198 accusativo
2164 2138 2223 2197 in

161 2207 240 2278 i
275 2228 332 2279 et
385 2239 414 2281 s
443 2219 679 2280 veniunt
720 2228 777 2279 et
804 2222 823 2279 i
855 2218 1212 2298 producunt,
1261 2220 1522 2295 genitivo
1555 2236 1663 2297 per
1694 2221 1806 2280 ium
1838 2219 2056 2281 dehere
2086 2220 2221 2297 dici,

221 2312 505 2381 tamquam
545 2306 756 2364 montis
795 2304 932 2363 tium
972 2302 1150 2362 fontis
1182 2302 1353 2377 tium,
1397 2319 1514 2363 non
1541 2312 1792 2363 montum
1828 2322 1939 2364 nec
1967 2304 2217 2372 fontumz

221 2388 301 2447 ita
332 2386 578 2465 plurium
607 2386 887 2461 dicimus,
919 2400 1033 2444 ιιοιι
1065 2384 1307 2463 plurum.

149 2484 206 2525 ²⁵
259 2565 313 2626 b
347 2484 610 2562 Uterque
641 2500 712 2543 an
739 2482 1002 2561 utrique]
1040 2491 1283 2560 uterque
1314 2500 1392 2541 ex
1426 2480 1682 2561 duobus,
1728 2484 1953 2563 utrique
1993 2502 2069 2543 ex
2099 2484 2221 2563 plu·

223 2586 274 2627 ι·ι
319 2586 404 2626 us.

345 2662 760 2725 Huiuscemodi
791 2681 862 2723 an
893 2662 1270 2741 eiuscemodi]
1303 2662 1661 2724 eiuscemodi
1695 2664 2000 2726 barbarum
2032 2672 2139 2743 est,
2167 2672 2227 2724 et

223 2756 496 2827 superest
528 2754 587 2807 ut
613 2744 1010 2806 huiuscemodi
1040 2746 1317 2805 dicamus.

351 2842 512 2903 Inter
539 2842 832 2903 librarium
862 2851 920 2902 et
957 2842 1329 2920 manuarium]
1372 2842 1667 2903 librarium
1711 2854 1803 2903 est
1834 2844 1988 2923 quod
2017 2843 2226 2904 librum

147 2944 201 2986 so
221 2927 500 3004 sustInet,
529 2928 876 2987 manuarium
906 2934 995 2987 est
1025 2925 1178 3005 quod
1213 2942 1381 2985 manu
1407 2926 1659 3003 tangitur
1686 2936 1783 2987 aut
1811 2929 2140 2988 sustinetur.

349 3024 509 3085 Inter
541 3041 815 3099 promere
847 3032 905 3083 et
933 3023 1228 3102 proferre]
1261 3024 1575 3101 promimus
1620 3042 1690 3084 ea
1722 3042 1869 3103 quae
1914 3027 1972 3085 in
1999 3034 2226 3105 promtu

221 3116 386 3184 sunt,
417 3107 768 3186 proferimus
791 3105 1124 3183 recondita,
1158 3108 1320 3185 quasi
1349 3123 1528 3185 porro
1558 3106 1815 3169 ferimus.

352 3203 464 3264 Hic
512 3204 678 3264 alvus
708 3222 781 3264 an
815 3203 964 3264 haec
1001 3202 1190 3282 alvus]
1251 3202 1465 3263 Omnes
1508 3202 1661 3264 hanc
1705 3205 1893 3265 alvum
1921 3204 2241 3265 dixeruntz·

221 3304 372 3366 aqua
405 3286 594 3348 alvum
630 3289 796 3348 citam
826 3288 1000 3364 facit,
1033 3303 1146 3347 non
1178 3288 1369 3346 citum.
1429 3286 1546 3347 Sed
1569 3289 1929 3367 temporibus
1960 3285 2225 3350 emenda·

146 3379 202 3421 8⁵
223 3379 316 3430 tur
358 3370 652 3449 facundia,
701 3372 777 3432 ita
812 3369 1054 3431 dicimus
1096 3369 1192 3430 hic
1239 3369 1403 3430 alvus
1435 3369 1551 3431 hoc
1591 3379 1886 3451 tempore,
1942 3374 2105 3453 quasi
2131 3370 2226 3433 hic

216 3462 656 3613 ιιιωκῖἳειιιιιϊιιίιιιιι
695 3556 768 3598 an
817 3536 1172 3617 caeruleum]
1216 3536 1509 3597 caerulum
1554 3548 1644 3599 est
1690 3547 1973 3618 tamquam
2007 3552 2224 3614 aurum,
