2700 4234
469 382 580 445 160
679 399 745 446 ο.
777 405 1109 459 sussrom
1140 403 1378 456 ramo.
1411 398 1513 443 nra
1534 389 1684 436 vr‘rA
1717 379 2076 428 cassanum
2105 380 2244 427 Lm.
2270 380 2338 432 v·

470 549 689 607 sionem
725 567 954 613 verens
1043 564 1100 611 et
1132 550 1370 624 Appium
1405 537 1648 596 Caecum
1695 549 2032 608 censorem,
2089 534 2326 609 generis
2378 533 2468 594 sui

471 637 923 710 promotorem,
954 601 1331 691 libertinorum
1374 619 1521 677 lilios
1553 617 1606 674 in
1632 624 1890 675 senatum
1919 615 2212 692 adlegisse
2245 615 2466 694 docuit,

475 700 740 790 ignarus,
775 712 1132 789 temporibus
1161 705 1312 781 Appi
1336 709 1392 760 et
1415 700 1692 778 deinceps
1719 697 2044 777 aliquandiu
2071 697 2468 760 libertinos

480 796 665 856 dictos
712 810 828 852 non
876 796 1075 868 ipsos,
1121 789 1214 864 qui
1255 801 1419 843 manu
1463 784 1882 859 emitterentur,
1931 781 2033 841 sed
2074 782 2362 858 ingenuos
2393 801 2471 843 ex

479 879 567 940 his
596 880 955 956 procreatos.
990 869 1258 945 Collegio
1290 875 1660 945 quaestorum
1692 882 1799 942 pro
1825 873 2069 925 stratura
2098 866 2316 925 viarum
2344 865 2468 943 gla·
2497 887 2522 927 s

481 957 771 1022 diatorium
802 969 1006 1011 munus
1038 951 1275 1012 iniunxit
1306 948 1682 1027 detractaque
1712 947 1964 1008 Ostiensi
1995 956 2054 1006 et
2083 947 2304 1008 Gallica
2336 967 2469 1027 pro-

479 1039 697 1110 vincia,
745 1053 939 1095 curam
970 1035 1155 1094 aerari
1191 1033 1419 1093 Saturni
1451 1032 1725 1113 reddidit,
1779 1049 1944 1111 quam
1976 1030 2166 1091 medio
2203 1040 2470 1110 tempore

483 1127 782 1203 praetores
814 1127 941 1192 aut,
975 1119 1053 1177 uti
1087 1133 1267 1193 nunc,
1301 1125 1569 1195 praetura
1599 1116 1776 1175 functi
1810 1117 2214 1175 sustinuerant.

596 1200 987 1280 Triumphalia
1015 1209 1349 1260 ornamenta
1385 1200 1612 1276 Silano,
1646 1199 1799 1259 filiae
1840 1216 1978 1258 suae
2011 1215 2233 1277 sponso
2254 1243 2271 1275 ,
2327 1216 2471 1259 non-

479 1289 605 1348 dum
651 1284 856 1364 puberi
898 1283 1081 1361 dedit,
1130 1282 1443 1344 maioribus
1485 1300 1628 1343 vero
1674 1291 1807 1342 natu
1852 1291 1963 1342 tam
2001 1282 2191 1341 multis
2240 1291 2472 1361 tamque
2495 1302 2544 1343 10

478 1368 681 1445 facile,
719 1376 777 1427 ut
810 1367 1057 1448 epistula
1090 1369 1373 1427 communi
1406 1367 1698 1444 legionum
1728 1368 1955 1425 nomine
1987 1366 2240 1425 extiterit
2270 1373 2471 1445 peten-

478 1455 642 1529 tium,
674 1460 733 1511 ut
766 1451 977 1528 legatis
1007 1450 1408 1511 consularibus
1439 1449 1601 1509 simul
1637 1467 1763 1508 cum
1796 1450 2060 1510 exercitu
2084 1457 2141 1509 et
2163 1448 2473 1528 triumpha·

478 1537 551 1598 lia
584 1535 880 1612 darentur,
913 1553 985 1595 ne
1016 1551 1242 1595 causam
1272 1533 1412 1594 belli
1448 1551 1681 1613 quoquo
1711 1533 1884 1592 modo
1919 1542 2282 1613 quaererent.
2317 1532 2473 1592 Aulo

478 1621 701 1682 Plautio
741 1621 912 1680 etiam
942 1621 1267 1679 ovationem
1304 1618 1565 1678 decrevit
1600 1619 1984 1696 ingressoque
2015 1616 2216 1676 urbem
2243 1615 2476 1677 obviam

481 1721 867 1785 progressuS,
912 1712 969 1763 et
1008 1705 1065 1761 in
1097 1701 1440 1781 Capitolium
1473 1702 1625 1760 eunti
1665 1709 1724 1760 et
1754 1700 1884 1761 inde
1928 1719 2126 1760 rursus
2157 1699 2477 1760 revertenti
2499 1717 2548 1758 15

481 1789 630 1850 latus
666 1789 828 1848 texit.
897 1784 1137 1847 Gabinio
1169 1786 1470 1862 Secundo,
1521 1782 1768 1845 Cauchis
1796 1793 1974 1862 gente
2007 1783 2346 1844 Germanica
2382 1801 2475 1842 su-

484 1873 735 1952 peratis,
770 1887 1096 1947 cognomen
1128 1867 1412 1929 Cauchius
1443 1885 1723 1947 usurpare
1758 1870 2068 1928 concessit.

399 1974 466 2028 25
603 1954 905 2032 Equestris
941 1951 1167 2013 militias
1198 1955 1275 2013 ita
1322 1952 1639 2028 ordinavit,
1687 1961 1747 2011 ut
1781 1961 1916 2031 post
1961 1951 2265 2012 cohortem
2306 1950 2475 2027 alam,

485 2046 621 2117 post
662 2037 809 2095 alam
859 2035 1199 2095 tribunatum
1244 2035 1495 2112 legionis
1535 2034 1729 2105 daret;
1791 2035 2188 2115 stipendiaque
2238 2034 2478 2095 instituit

486 2131 541 2181 et
570 2119 938 2196 imaginariae
967 2118 1201 2179 militiae
1228 2136 1444 2195 genus,
1490 2117 1644 2196 quod
1687 2128 1926 2178 vocatur
1969 2137 2187 2196 supra
2233 2135 2550 2178 nume-20

484 2221 657 2281 rum,
696 2220 809 2281 quo
844 2201 1115 2262 absentes
1132 2211 1189 2288 et
1213 2201 1377 2262 titulo
1402 2212 1569 2262 tenus
1597 2203 1991 2279 fungerentur.
2022 2202 2236 2263 Milites
2269 2201 2480 2262 domos

486 2288 804 2348 senatorias
826 2285 1101 2346 salutandi
1126 2303 1299 2347 causa
1326 2286 1553 2363 ingredi
1577 2288 1742 2345 etiam
1765 2295 1987 2364 patrum
2013 2286 2252 2347 decreto
2279 2284 2480 2364 prohi-

485 2371 624 2432 buit.
667 2369 1019 2446 Libertinos,
1058 2371 1239 2448 quise
1264 2386 1372 2449 pro
1411 2368 1783 2448 equitibusR.
1821 2378 2096 2448 agerent,
2139 2368 2478 2448 publicavit.

484 2455 753 2533 Ingratos
786 2462 845 2512 et
878 2452 949 2512 de
981 2453 1186 2531 quibus
1217 2454 1443 2531 patroni
1467 2461 1844 2531 quererentur
1871 2454 2176 2514 revocavit
2204 2455 2260 2513 in
2293 2453 2477 2512 servi-

485 2548 659 2598 tutem
690 2536 1103 2615 advocatisque
1132 2553 1332 2596 eorum
1355 2538 1619 2613 negavit,
1651 2554 1717 2596 se
1746 2536 2286 2597 adversuslibertos
2316 2537 2478 2613 ipso·
2499 2559 2550 2598 25

484 2638 606 2681 rum
637 2621 725 2678 ius
756 2618 1054 2678 dicturum.
1112 2618 1253 2679 Cum
1287 2619 1514 2698 quidam
1544 2636 1723 2698 aegra
1756 2629 1815 2680 et
1844 2620 2072 2681 adfecta
2105 2621 2388 2698 mancipia
2421 2621 2481 2677 in

485 2703 724 2763 insulam
765 2701 1102 2781 Aesculapii
1150 2703 1343 2763 taedio
1388 2703 1653 2763 medendi
1699 2713 2093 2783 exponerent,
2145 2721 2347 2766 omnes
2379 2703 2480 2781 qui

485 2793 919 2865 exponerentur
957 2786 1176 2847 liberos
1236 2804 1371 2846 esse
1419 2788 1641 2864 sanxit,
1701 2805 1813 2848 nec
1853 2788 2044 2848 redire
2089 2790 2145 2847 in
2189 2787 2481 2848 dicionem

487 2871 730 2946 domini,
766 2871 812 2930 si
845 2870 1303 2940 convaluissent;
1372 2870 1526 2949 quod
1560 2873 1605 2930 si
1649 2873 1778 2950 quis
1815 2889 2029 2932 necare
2071 2889 2240 2950 quem
2279 2870 2483 2931 mallet

487 2972 652 3034 quam
681 2971 1014 3033 exponere,
1049 2953 1245 3015 caedis
1278 2954 1512 3014 crimine
1541 2957 1743 3015 teneri.
1789 2957 2060 3017 Viatores
2104 2972 2175 3015 ne
2220 2973 2328 3034 per
2365 2954 2480 3016 lta·
2502 2972 2552 3013 30

486 3039 599 3099 liae
630 3037 847 3117 oppida
892 3039 1001 3098 nisi
1044 3047 1142 3100 aut
1170 3038 1414 3117 pedibus
1456 3047 1550 3098 aut
1593 3039 1739 3099 sella
1781 3049 1874 3100 aut
1903 3039 2114 3101 lectica
2145 3039 2480 3115 transirent,

487 3122 701 3181 monuit
732 3121 939 3183 edicto,
977 3122 1235 3184 Puteolis
1262 3131 1320 3183 et
1348 3122 1546 3183 Ostiae
1578 3123 1834 3201 singulas
1868 3123 2142 3184 cohortes
2176 3122 2247 3183 ad
2276 3139 2484 3183 arcen-

487 3205 593 3265 dos
621 3205 1012 3266 incendiorum
1044 3224 1212 3268 casus
1245 3206 1579 3266 collocavit.

612 3287 965 3367 Peregrinae
1000 3290 1342 3351 conditionis
1377 3289 1641 3350 homines
1683 3290 1860 3350 vetuit
1896 3306 2180 3368 usurpare
2216 3289 2485 3350 Romana
2652 3354 2661 3362 ,

486 3372 713 3432 nomina
738 3373 867 3433 dum
891 3382 1045 3433 taxat
1062 3373 1376 3453 gentilicia.
1405 3371 1706 3433 Civitatem
1723 3373 1793 3433 R.
1818 3381 2164 3451 usurpantes
2186 3373 2246 3430 in
2270 3388 2484 3452 campo
2509 3396 2561 3438 35

485 3452 787 3531 Esquilino
822 3458 1013 3516 securi
1055 3458 1364 3536 percussit.
1419 3456 1760 3517 Provincias
1798 3455 2076 3516 Achaiam
2120 3465 2178 3516 et
2203 3454 2485 3516 Macedo·

487 3537 667 3611 niam,
725 3555 867 3616 quas
909 3538 1175 3599 Tiberius
1228 3539 1297 3600 ad
1355 3557 1547 3600 curam
1597 3557 1755 3601 suam
1799 3538 2198 3614 transtulerat,
2253 3540 2490 3601 senatui

486 3617 749 3678 reddidit.
812 3621 1003 3697 Lyciis
1040 3620 1114 3682 ob
1150 3620 1473 3682 exitiabiles
1506 3622 1656 3682 inter
1685 3642 1750 3682 se
1787 3622 2107 3684 discordias
2150 3621 2492 3684 libertatem
