2700 4234
528 268 653 330 234
687 278 746 327 c.
779 276 1083 326 susrom
1112 276 1372 337 TRANQ.
1402 276 1502 323 ms
1528 277 1695 324 vm
1730 276 2100 325 GAEsAnoM
2134 278 2276 327 mn.
2302 280 2463 326 vm.

443 448 511 501 αι
650 432 922 494 Ordinem
949 432 1106 492 vitae
1139 431 1289 490 hunc
1325 430 1453 491 fere
1496 431 1695 491 tenuit.
1766 429 1831 490 In
1880 432 2215 511 principatu
2256 434 2536 494 maturius

527 536 763 597 semper
793 535 864 577 ac
896 516 969 577 de
1001 523 1175 574 nocte
1205 514 1553 590 evigilabat;
1586 514 1720 574 dein
1760 514 2045 593 perlectis
2094 516 2366 594 epistolis
2399 518 2538 578 offi-

531 603 864 680 ciorumque
897 600 1144 660 omnium
1173 596 1503 675 breviariis,
1542 600 1765 658 amicos
1796 597 2152 675 admittebat,
2184 617 2255 659 ac
2282 599 2415 659 dum
2446 620 2539 661 sa-

529 686 770 761 lutatur,
815 693 874 745 et
918 681 1214 743 calciabat.
1243 683 1373 760 ipse
1412 700 1477 741 se
1522 690 1583 741 et
1637 681 1977 749 amiciebat;
2038 690 2293 761 postque
2334 683 2538 744 decisa

530 784 928 849 quaecumque
972 765 1350 825 obvenissent
1396 767 1663 842 negotia,
1718 766 2032 842 gestationi
2076 774 2137 825 et
2176 765 2307 825 inde
2354 769 2537 845 quieti
2564 782 2589 822 s

529 852 794 929 vacabat,
830 850 1152 911 accubante
1179 848 1373 926 aliqua
1404 848 1795 928 pallacarum,
1840 866 1985 927 quas
2016 849 2075 907 in
2106 849 2299 910 locum
2334 850 2533 910 desun-

531 946 660 997 ctae
693 933 964 996 Caenidis
1000 933 1275 1012 plurimas
1325 934 1737 1001 constituerat;
1783 951 1816 992 a
1860 941 2095 992 secreto
2144 933 2202 991 in
2244 932 2535 995 balineum

527 1019 951 1097 tricliniumque
983 1015 1282 1077 transibat.
1351 1015 1483 1076 Nec
1512 1015 1634 1076 ullo
1665 1024 1933 1093 tempore
1962 1015 2193 1076 facilior
2224 1026 2319 1076 aut
2348 1016 2533 1077 indul·

530 1104 766 1181 gentior
795 1101 1053 1177 traditur,
1087 1116 1272 1177 eaque
1307 1108 1601 1159 momenta
1636 1097 1941 1159 domestici
1970 1098 2043 1160 ad
2075 1100 2292 1178 aliquid
2331 1110 2533 1179 peten-

532 1187 664 1247 dum
694 1201 1053 1263 magnopere
1086 1181 1420 1260 captabant.
2554 1198 2605 1241 ιο

445 1274 516 1329 22
657 1268 734 1329 Et
785 1286 961 1347 super
1003 1282 1242 1326 caenam
1294 1275 1485 1326 autem
1538 1273 1599 1325 et
1654 1282 1891 1344 semper
1946 1265 2091 1327 alias
2152 1266 2533 1345 comissimus,

529 1352 703 1413 multa
733 1352 866 1411 ioco
898 1349 1288 1426 transigebat;
1333 1358 1460 1409 erat
1500 1349 1650 1410 enim
1692 1348 2019 1409 dicacitatis
2060 1350 2377 1428 plurimae,
2424 1353 2535 1410 etsi

531 1434 794 1496 scurrilis
825 1443 885 1494 et
913 1432 1218 1510 sordidae,
1265 1441 1327 1492 ut
1356 1451 1431 1493 ne
1476 1434 1857 1512 praetextatis
1891 1431 2122 1511 quidem
2162 1434 2360 1493 verbis
2402 1434 2548 1505 abs<

528 1521 757 1579 tineret.
838 1518 915 1577 Et
944 1526 1133 1577 tamen
1165 1516 1438 1576 nonnulla
1488 1518 1611 1576 eius
1644 1515 1999 1577 facetissima
2042 1526 2273 1594 extant,
2316 1519 2375 1577 in
2412 1519 2531 1597 qui-

531 1604 638 1663 bus
669 1611 728 1662 et
755 1602 923 1662 haec.
979 1601 1279 1662 Mestrium
1306 1599 1542 1660 Florum
1570 1600 1959 1677 consularem,
1985 1600 2309 1661 admonitus
2336 1601 2411 1661 ab
2436 1619 2533 1679 eo,
2554 1618 2607 1661 ιι»

533 1687 604 1766 pl
623 1694 876 1747 austra
898 1686 1091 1765 potius
1128 1702 1292 1763 quam
1330 1684 1623 1762 plostra
1646 1682 1910 1763 dicenda,
1937 1693 2181 1763 postero
2206 1683 2299 1744 die
2322 1684 2531 1745 Flau-

463 1843 468 1848 ,
531 1788 680 1830 rum
711 1768 999 1829 salutavit.
1066 1766 1449 1846 Expugnatus
1488 1776 1677 1827 autem
1723 1784 1755 1826 a
1798 1768 2071 1846 quadam,
2122 1770 2285 1847 quasi
2330 1785 2531 1828 amore

533 1872 638 1913 suo
668 1852 996 1930 deperiret,
1045 1868 1172 1910 cum
1218 1850 1533 1930 perductae
1582 1865 1690 1929 pro
1737 1850 2047 1912 concubitu
2092 1853 2361 1912 sestertia
2393 1870 2530 1931 qua-

504 1936 833 2012 ,dringenta
861 1933 1156 2011 donasset,
1182 1934 1529 1995 admonente
1554 1933 1979 2013 dispensatore,
2006 1952 2178 2014 quem
2203 1934 2275 1995 ad
2296 1935 2532 1995 modum

533 2035 802 2079 summam
830 2016 1150 2079 rationibus
1185 2016 1369 2077 vellet
1399 2016 1625 2094 inferri,
1667 2015 2078 2096 Vespa-siam,
2112 2019 2327 2097 inquit,
2366 2019 2528 2079 ada·
2550 2044 2604 2086 20

437 2108 716 2168 asmata.
773 2101 1058 2163 Utebatur
1089 2110 1150 2160 et
1188 2100 1457 2160 versibus
1488 2099 1729 2161 Graecis
1769 2104 2124 2181 tempestive
2164 2102 2305 2163 satis
2351 2112 2411 2163 et
2455 2103 2532 2163 de

532 2186 780 2266 quodam
811 2202 1094 2265 procerae
1121 2193 1372 2244 staturae
1395 2184 1830 2263 improbiusque
1853 2193 2024 2246 nato:

767 2257 990 2348 μακρὰ
1008 2260 1224 2347 βιβάς,
1263 2264 1579 2347 κραδάων
1608 2260 2029 2346 δολιχόσκιον
2072 2268 2292 2347 ἔγχος·

533 2362 591 2415 et
618 2352 689 2413 de
722 2351 935 2412 Cerulo
960 2352 1195 2428 libert0,
1234 2354 1328 2431 qui
1369 2351 1531 2411 dives
1561 2351 1862 2411 admodum
1887 2352 1964 2414 ob
1995 2352 2533 2429 subterfugiendum

533 2434 880 2515 quandoque
911 2437 1000 2494 ius
1028 2437 1154 2496 fisci
1183 2436 1491 2512 ingenuum
1522 2452 1587 2495 se
1622 2444 1681 2495 et
1709 2435 2021 2496 Lachetem
2052 2445 2267 2496 mutato
2296 2440 2528 2498 nomine
2548 2460 2601 2501 ἰε

532 2526 813 2596 coeperat
839 2518 1028 2578 ferre:
1592 2582 1619 2613 ς
1738 2594 1755 2617 Ι
2038 2593 2056 2617 t

683 2625 691 2628 ·
1135 2652 1138 2657 -
1565 2620 1617 2661 ω
1648 2602 1905 2683 Acme,
1951 2603 2204 2681 Λακης,

845 2672 1022 2761 ἐπὰν]
1047 2672 1434 2765 ἀποθάνῃς,
1478 2666 1681 2757 αὖθις
1720 2680 1787 2759 ἐξ
1832 2676 2035 2765 ἀρχῆς
2064 2685 2201 2747 ἔσει

834 2758 1167 2847 Κήρυλος.

527 2852 774 2913 Maxime
801 2859 989 2911 tamen
1011 2850 1372 2911 dicacitatem
1398 2851 1726 2912 adfectabat
1746 2852 1805 2911 in
1834 2852 2189 2914 deformibus
2218 2854 2431 2931 lucris,
2466 2864 2531 2915 ut
2548 2878 2606 2919 30

523 2934 792 2996 invidiam
817 2935 1006 3013 aliqua
1042 2934 1410 2995 cavillatione
1444 2935 1691 2995 dilueret
1739 2936 2197 3017 transferretque
2232 2936 2305 2997 ad
2348 2937 2529 2998 sales·
2675 2938 2676 2945 ’

649 3017 948 3093 Quendam
987 3036 1020 3077 e
1054 3018 1203 3077 caris
1233 3018 1509 3077 ministris
1555 3018 2042 3098 dispensationem
2090 3022 2313 3081 cuidam
2359 3025 2529 3099 quasi

524 3104 692 3163 fratri
728 3111 1022 3181 petentem
1056 3118 1183 3162 cum
1216 3100 1567 3179 distulisset,
1607 3104 1795 3180 ipsum
1824 3102 2184 3165 candidatum
2215 3104 2285 3164 ad
2316 3122 2384 3165 se
2418 3122 2527 3165 vo-

532 3187 712 3254 cavit;
747 3194 1070 3265 exactaque
1101 3187 1379 3265 pecunia,
1425 3194 1689 3262 quantam
1716 3187 1765 3245 is
1811 3204 1939 3246 cum
1984 3187 2373 3265 suffragatore
2414 3206 2525 3250 suo

529 3270 869 3347 pepigerat,
910 3270 1036 3327 sine
1077 3286 1238 3330 mora
1285 3267 1604 3335 ordinavit;
1646 3270 2041 3349 interpellanti
2081 3289 2218 3331 mox
2258 3273 2599 3333 ministretis

529 3348 734 3411 Alium
763 3348 905 3427 tibi,
939 3352 1050 3426 ait,
1083 3369 1316 3431 quaere
1356 3351 1665 3429 fratrem,·
1704 3352 1841 3431 hic,
1884 3370 2067 3433 quem
2104 3360 2271 3415 tuum
2304 3362 2521 3434 puta-⁹,
2674 3342 2676 3367 ⁴

520 3452 697 3495 mem
727 3440 834 3495 est.
899 3434 1211 3495 Mulionem
1244 3436 1300 3494 in
1330 3436 1537 3495 itinere
1568 3436 1816 3515 quodam
1854 3438 2183 3516 suspicatus
2232 3436 2305 3499 ad
2350 3439 2523 3499 calci·

523 3517 705 3579 andus
737 3516 917 3579 mulas
951 3517 1279 3594 desiluisse,
1313 3527 1374 3577 ut
1405 3518 1635 3579 adeunti
1662 3521 1941 3598 litigatori
1984 3523 2232 3601 spatium
2262 3538 2523 3583 moram-
