2700 4234
513 283 600 345 52
704 295 765 343 c
798 292 1100 342 sum-om
1130 291 1387 350 TRANQ.
1420 289 1517 336 mr
1545 289 1714 336 vrrA
1746 286 2117 336 CAESARUM
2147 289 2287 336 ms.
2320 289 2397 337 ιι.

513 450 774 510 Arimino
805 456 974 508 tenus
1005 444 1342 522 munienda,
1376 444 1635 521 reliquas
1662 441 2103 522 triumphalibus
2142 444 2281 502 viris
2310 461 2386 504 ex
2417 462 2536 505 ma-

491 533 726 599 -nubiali
757 533 1008 611 pecunia
1037 529 1382 610 sternendas
1412 527 1721 587 distribuit.

638 616 838 678 Aedes
869 633 1068 702 sacras
1102 621 1392 674 vetustate
1427 612 1739 691 conlapsas
1768 619 1869 672 aut
1890 609 2163 672 incendio
2196 550 2537 692 absumptas

511 702 723 762 refecit
759 717 978 779 easque
1024 706 1084 758 et
1125 705 1357 758 ceteras
1396 695 1855 775 opulentissimis
1897 694 2066 755 donis
2094 693 2432 774 adornavit,
2476 708 2537 758 ut

513 789 606 865 qui
637 787 694 844 in
727 784 936 844 cellam
967 780 1279 862 Capitolini
1309 780 1469 841 Iovis
1510 779 1768 840 sedecim
1795 778 1951 840 milia
1978 779 2177 858 pondo
2220 783 2343 841 auri
2372 799 2536 859 gem·
2567 797 2600 836 5

510 887 748 948 masque
805 885 874 927 ac
927 866 1270 943 margaritas
1324 866 1693 943 quingenties
1744 865 1997 923 sestertii
2053 881 2167 924 una
2217 863 2537 929 donatione
2665 931 2666 934 Ἴ

426 975 490 1029 31
513 952 843 1014 contulerit.
951 950 1268 1028 Postquam
1322 965 1466 1008 vero
1520 948 1916 1026 pontificatum
1962 943 2299 1026 maximum,
2364 969 2541 1029 quem
2664 975 2666 1078 1

511 1054 814 1116 numquam
853 1037 991 1094 vivo
1005 1034 1256 1113 Lepido
1309 1032 1542 1092 auferre
1587 1033 1971 1109 sustinuerat,
2028 1041 2257 1093 mortuo
2308 1033 2539 1094 demum

511 1121 804 1200 suscepit,
837 1118 1111 1198 quidquid
1143 1117 1512 1178 fatidicorum
1539 1115 1821 1176 librorum
1852 1116 2064 1178 Graeci
2096 1115 2400 1197 Latinique
2429 1136 2535 1196 ge-

511 1206 668 1266 neris
716 1203 889 1264 nullis
935 1202 1032 1262 vel
1072 1219 1272 1280 parum
1323 1199 1550 1261 idoneis
1601 1199 1939 1260 auctoribus
1991 1201 2170 1276 vulgo
2212 1200 2535 1280 serebatur,
2562 1219 2611 1259 ιο

512 1306 688 1367 supra
711 1287 826 1348 duo
858 1285 1012 1346 milia
1047 1293 1345 1345 contracta
1375 1283 1626 1364 undique
1655 1285 1937 1345 cremavit
1974 1303 2045 1344 ac
2091 1285 2255 1346 solos
2299 1288 2537 1347 retinuit

511 1371 867 1448 Sibyllinos,
919 1369 1030 1428 hos
1074 1385 1306 1448 quoque
1350 1367 1567 1430 dilectu
1608 1367 1839 1439 habito;
1888 1367 2261 1449 condiditque
2308 1370 2536 1431 duobus

509 1456 716 1516 forulis
762 1455 974 1516 auratis
1025 1452 1130 1512 sub
1171 1451 1417 1513 Palatini
1466 1451 1763 1533 Apollinis
1810 1452 1957 1514 basi.
2037 1452 2266 1514 Annum
2307 1473 2340 1514 a
2380 1453 2535 1516 Divo

508 1539 656 1600 Iulio
702 1539 1051 1614 ordinatum,
1097 1536 1201 1597 sed
1247 1545 1457 1615 postea
1500 1537 1881 1615 neglegentia
1924 1536 2327 1599 conturbatum
2358 1548 2534 1618 atque
2628 1543 2633 1548 “

511 1623 844 1700 confusum,
879 1640 1079 1681 rursus
1111 1621 1182 1680 ad
1215 1622 1515 1700 pristinam
1542 1624 1828 1682 rationem
1860 1621 2122 1699 redegit:
2158 1623 2216 1682 in
2248 1624 2409 1684 cuius
2441 1640 2534 1683 or·
2558 1643 2609 1684 ιε

509 1707 801 1768 dinatione
855 1703 1140 1766 Sextilem
1185 1722 1443 1765 mensem
1499 1724 1532 1765 e
1594 1707 1700 1766 s'uo
1754 1709 2104 1784 cognomine
2161 1709 2533 1786 nuncupavit,

507 1793 696 1868 magis
738 1804 907 1869 quam
949 1789 1356 1868 Septembrem
1400 1808 1516 1868 quo
1562 1799 1689 1851 erat
1729 1800 1929 1868 natus,
1977 1790 2131 1869 quod
2170 1790 2288 1852 hoc
2332 1791 2441 1864 sibi
2476 1801 2537 1851 et

510 1878 728 1955 primus
765 1872 1100 1934 consulatus
1147 1883 1207 1934 et
1248 1875 1512 1951 insignes
1554 1877 1840 1935 victoriae
1884 1871 2256 1955 optigissent.
2323 1878 2534 1937 Sacer-

509 1959 704 2018 dotum
737 1966 796 2016 et
825 1975 1119 2017 numerum
1152 1967 1212 2017 et
1235 1958 1573 2035 dignitatem
1606 1959 1713 2020 sed
1742 1969 1801 2020 et
1825 1958 2126 2020 commoda
2150 1962 2325 2037 auxit,
2362 1977 2535 2039 prae·

510 2043 681 2120 cipue
735 2040 1058 2102 Vestalium
1114 2043 1421 2120 virginum.
1515 2041 1775 2122 Cumque
1837 2046 1895 2102 in
1944 2042 2284 2104 demortuae
2336 2044 2537 2103 Iocum
2556 2057 2614 2098 20

509 2126 680 2187 aliam
725 2127 857 2204 capi
904 2136 1237 2205 oporteret,
1282 2126 1682 2207 ambirentque
1722 2127 1883 2187 multi
1924 2145 1997 2186 ne
2029 2127 2177 2186 iilias
2206 2128 2264 2184 in
2309 2135 2539 2186 sortem

510 2211 741 2286 darent,
785 2209 1095 2288 adiuravit,
1148 2212 1197 2270 si
1240 2212 1859 2290 cuiusquam-neptium
1907 2227 2135 2270 suarum
2165 2218 2553 2288 competeret
2665 2229 2666 2270 3

509 2303 706 2371 aetaS,
740 2293 1064 2356 oblaturum
1092 2314 1158 2355 se
1187 2295 1369 2356 fuisse
1402 2314 1547 2356 eam.
1613 2294 1905 2356 Nonnulla
1950 2295 2123 2355 etiam
2165 2313 2242 2354 ex
2286 2295 2538 2372 antiquis

509 2377 856 2439 caerimonis
909 2378 1180 2458 paulatim
1231 2379 1451 2441 abolita
1497 2380 1778 2457 restituit,
1834 2389 1896 2439 ut
1936 2378 2152 2439 Salutis
2207 2379 2534 2456 augurium,

504 2462 672 2522 Diale
707 2461 1032 2540 flaminium,
1063 2481 1292 2524 sacrum
1316 2463 1661 2544 Lupercale,
1694 2464 1865 2525 ludos
1898 2463 2247 2524 Saeculares
2279 2472 2335 2522 et
2362 2461 2537 2522 Com-
2557 2485 2602 2526 ’.νε

433 2577 437 2580 <
509 2545 820 2625 pitaliciOS.
854 2544 1302 2624 Lupercalibus
1346 2549 1531 2609 vetuit
1571 2566 1811 2609 currere
1864 2547 2171 2625 inberbes,
2212 2548 2349 2606 item
2392 2549 2534 2606 Sae-

509 2628 801 2689 cularibus
840 2627 989 2690 ludis
1032 2633 1274 2692 iuvenes
1319 2634 1620 2712 utriusque
1668 2650 1847 2692 sexus
1890 2631 2187 2711 pronibuit
2218 2631 2395 2690 ullum
2430 2649 2533 2690 no-

508 2722 768 2774 cturnum
800 2705 1200 2793 spectaculum
1225 2716 1603 2796 frequentare
1634 2715 1743 2776 nisi
1768 2733 1897 2776 cum
1924 2715 2117 2796 aliquo
2145 2716 2368 2776 maiore
2396 2723 2536 2775 natu

506 2797 985 2877 propinquorum.
1064 2798 1422 2879 Compitales
1464 2801 1645 2861 Lares
1692 2801 1889 2861 ornari
1933 2799 2023 2860 bis
2066 2817 2217 2861 anno
2266 2800 2529 2876 instituit,

505 2882 702 2941 vernis
733 2881 976 2950 floribus
1009 2893 1067 2944 et
1095 2887 1350 2945 aestivis.
1777 2906 1789 2920 ⁴
2550 2899 2600 2940 so

634 2964 967 3028 Proximum
997 2987 1030 3028 a
1061 2967 1148 3029 dis
1183 2968 1599 3030 immortalibus
1638 2967 1922 3028 honorem
1966 2968 2282 3028 memoriae
2326 2966 2532 3026 ducum

505 3051 822 3129 praestitit,
858 3055 952 3130 qui
982 3053 1281 3132 imperium
1323 3053 1387 3114 Ρ.
1425 3053 1497 3114 R.
1531 3071 1609 3113 ex
1642 3053 1870 3113 minimo
1904 3053 2211 3112 maximum
2249 3050 2532 3111 reddidis-

506 3144 657 3195 sent.
722 3132 924 3215 Itaque
955 3146 1013 3197 et
1041 3154 1226 3216 opera
1259 3139 1538 3216 cuiusque
1566 3136 1929 3197 manentibus
1970 3136 2149 3196 titulis
2180 3137 2432 3196 restituit
2474 3142 2536 3194 et

506 3226 728 3279 statuas
772 3223 1018 3282 omnium
1054 3221 1382 3300 triumphali
1414 3221 1666 3298 effigie
1648 3239 1706 3279 m
1739 3230 1983 3301 utraque
2016 3221 2133 3282 fori
2181 3222 2267 3280 sui
2300 3222 2535 3300 porticu
2627 3237 2631 3242 ·

505 3299 827 3380 dedicavit,
878 3305 1182 3383 professus
1225 3306 1421 3366 edicto
1467 3311 1863 3366 commentum
1902 3303 1973 3364 id
2014 3323 2116 3378 se,
2150 3311 2223 3366 ut
2261 3303 2350 3365 ad
2390 3303 2530 3364 illo·
2554 3324 2607 3366 35

502 3402 642 3444 rum
685 3386 850 3448 velut
898 3389 1223 3468 ezpemplar
1274 3398 1336 3450 et
1372 3389 1543 3467 ipse,
1600 3388 1745 3449 dum
1787 3391 2057 3465 viveret,
2106 3395 2167 3449 et
2208 3406 2531 3468 msequen·

504 3468 652 3529 tium
706 3473 1000 3532 aetatium
1046 3473 1369 3552 principes
1420 3473 1815 3552 exigerentur
1866 3493 1909 3534 α
1951 3471 2208 3535 civibus.
2288 3471 2538 3550 Pompei

506 3569 736 3634 quoque
785 3563 1030 3618 statuam
1085 3567 1286 3620 contra
1327 3558 1538 3618 theatri
1578 3558 1704 3618 eius
1746 3559 1971 3636 regiam
2014 3572 2343 3617 marmoreo
2387 3554 2535 3618 Iano
