2700 4234
1040 333 1250 382 msno.
1410 316 1415 322 '
2049 319 2167 381 197

168 493 467 571 libellique
502 509 629 551 cum
676 489 1011 569 quibusdam
1053 487 1366 548 notissimis
1404 486 1672 547 versibus
1688 531 1706 563 ,
1753 486 1935 566 ipsius
1980 485 2166 548 chiro-

167 577 395 656 grapho
427 575 689 655 scriptis,
732 583 792 632 ut
822 573 997 633 facile
1034 579 1350 652 appareret
1380 587 1496 631 non
1519 571 1762 632 tralatos
1792 581 1889 632 aut
1915 570 2167 632 dictante

169 662 361 741 aliquo
388 667 706 738 exceptos,
744 657 849 717 sed
871 657 1046 736 plane
1072 656 1295 734 quasia
1322 656 1618 732 cogitante
1643 663 1817 733 atque
1845 663 2166 732 generante

170 753 471 813 exaratos3
498 745 575 803 ita
592 740 766 802 multa
791 748 849 801 et
868 739 1060 800 deleta
1085 748 1143 799 et
1164 738 1395 798 inducta
1421 747 1479 798 et
1498 740 1899 818 superscripta
1920 740 2163 799 inerant.

120 847 147 886 5
164 829 376 891 Habuit
400 836 459 887 et
484 824 758 906 pingendi
789 823 1159 902 fingendique
1191 841 1305 882 non
1335 821 1632 882 mediocre
1658 821 1920 882 studium.
2180 828 2250 881 53

293 911 542 973 Maxime
572 918 761 970 autem
784 907 1175 988 popularitate
1205 905 1582 984 efferebatur,
1608 908 1858 967 omnium
1884 907 2164 985 aemulus,

170 999 265 1076 qui
293 1012 526 1074 quoquo
559 992 732 1053 modo
758 993 1001 1052 animum
1022 989 1183 1068 vulgi
1208 997 1534 1050 moverent.
1601 989 1758 1051 Exiit
1783 991 2005 1069 opinio,
2032 999 2167 1068 post

167 1081 473 1141 scaenicas
496 1094 745 1139 coronas
770 1077 1035 1155 proximo
1060 1074 1243 1134 lustro
1269 1073 1685 1134 descensurum
1710 1092 1838 1134 eum
1875 1076 1947 1135 ad
1972 1073 2166 1150 Olym-

167 1165 267 1244 pia
289 1164 437 1223 inter
463 1161 736 1230 athletas;
775 1177 904 1220 nam
928 1167 986 1218 et
1007 1157 1333 1218 luctabatur
1362 1156 1616 1235 assidue,
1649 1175 1762 1218 nec
1785 1157 1953 1218 aliter
1978 1167 2164 1219 certa-

90 1269 141 1308 20
168 1249 323 1306 mina
356 1247 627 1324 gymnica
664 1252 785 1304 tota
832 1242 1075 1304 Graecia
1127 1250 1503 1320 spectaverat
1543 1259 1712 1321 quam
1759 1241 2167 1302 brabeutarum

166 1349 331 1392 more
363 1332 420 1388 in
442 1329 627 1390 stadio
651 1327 801 1388 humi
828 1324 1089 1388 assidens
1114 1344 1205 1404 ac,
1231 1326 1280 1384 si
1305 1343 1417 1405 qua
1439 1327 1601 1404 paria
1623 1325 1856 1403 longius
1877 1327 2165 1387 recessis-

170 1422 317 1492 sent,
343 1415 398 1472 in
422 1413 667 1472 medium
691 1410 951 1472 manibus
975 1411 1093 1470 suis
1124 1409 1493 1489 protrahens.
1538 1409 1948 1470 Destinaverat
1973 1412 2164 1486 etiam,

172 1501 302 1578 quia
324 1496 657 1576 Apollinem
681 1503 872 1572 cantu,
898 1494 1097 1555 Solem
1120 1493 1441 1571 aurigando
1467 1495 1854 1573 aequiperare
1877 1495 2164 1555 existima-

167 1592 346 1658 retur,
372 1582 577 1640 imitari
602 1589 660 1640 et
679 1579 948 1640 Herculis
971 1579 1153 1647 facta;
1189 1585 1714 1658 praeparatumque
1739 1577 1969 1636 leonem
1995 1581 2164 1654 aiunt,

92 1683 149 1725 15
172 1684 340 1745 quem
365 1664 462 1723 vel
486 1665 653 1725 clava
677 1662 771 1722 vel
795 1663 1163 1723 brachiorum
1186 1661 1433 1722 nexibus
1467 1662 1523 1720 in
1561 1661 1964 1741 amphitheatri
1991 1679 2165 1721 arena

171 1756 476 1828 spectante
512 1746 734 1826 populo
754 1745 935 1805 nudus
960 1746 1223 1806 elideret.
1295 1744 1414 1805 Sub
1440 1747 1595 1805 exitu
1631 1743 1863 1824 quidem
1887 1744 2042 1806 vitae
2069 1763 2164 1823 pa·
2180 1743 2249 1806 54

169 1833 285 1892 lam
316 1840 581 1906 voverat,
606 1831 653 1889 si
672 1828 779 1887 sibi
800 1829 1103 1889 incolumis
1127 1838 1307 1890 status
1337 1831 1773 1910 permansisset,
1811 1827 2166 1908 proditurum

172 1934 237 1975 se
264 1923 464 1993 partae
488 1912 769 1973 victoriae
794 1911 941 1972 ludis
964 1917 1132 1973 etiam
1156 1913 1492 1989 hydraulam
1514 1922 1572 1973 et
1596 1913 1931 1973 choraulam
1955 1921 2011 1972 et
2029 1914 2164 1973 utri-

171 1997 483 2075 cularium,
516 2016 587 2057 ac
608 1997 923 2056 novissimo
963 1995 1055 2057 die
1092 1997 1431 2058 histrionem
1465 1997 1916 2076 saltaturumque
1951 1997 2165 2074 Virgili

88 2101 147 2140 20
176 2081 444 2143 Turnum.
509 2081 585 2142 Et
607 2089 738 2141 sunt
762 2083 857 2160 qui
880 2082 1123 2160 tradant,
1145 2081 1409 2142 Paridem
1437 2080 1773 2141 histrionem
1800 2083 2056 2143 occisum
2091 2079 2163 2141 ab

172 2183 242 2226 eo
269 2167 431 2244 quasi
453 2183 696 2244 gravem
720 2164 1129 2226 adversarium.
1172 2165 1315 2225 Erat
1336 2165 1421 2225 illi
1440 2167 1792 2226 aeternitatis
1819 2173 2164 2243 perpetuae·
2179 2167 2247 2220 55

172 2267 283 2329 que
323 2250 513 2309 famae
556 2248 788 2327 cupido,
824 2249 930 2309 sed
969 2249 1308 2309 inconsulta.
1378 2247 1638 2327 Ideoque
1670 2250 1861 2310 multis
1896 2248 2072 2308 rebus
2097 2267 2166 2310 ac

46 2373 53 2379 ·
168 2333 338 2409 locis,
363 2342 566 2393 vetere
592 2331 988 2410 appellatione
1019 2331 1311 2410 detracta,
1351 2350 1561 2394 novam
1596 2333 1798 2394 indixit
1834 2351 1908 2392 ex
1933 2349 2036 2392 suo
2063 2350 2164 2393 no-

166 2417 353 2492 mine,
375 2434 635 2475 mensem
672 2432 902 2494 quoque
938 2415 1202 2496 Aprilem
1234 2416 1569 2477 Neroneum
1603 2417 1951 2498 appellavit;
1991 2415 2164 2476 desti·

88 2511 147 2552 ²⁵
168 2507 411 2559 naverat
436 2507 493 2558 et
513 2500 753 2560 Romam
774 2498 1115 2579 Neropolim
1137 2519 1492 2579 nuncupare.

294 2581 666 2660 Religionum
681 2601 864 2662 usque
883 2601 1111 2663 quaque
1137 2593 1529 2664 contemptor,
1555 2593 1790 2664 praeter
1815 2586 1978 2646 unius
1998 2585 2160 2645 Deae
2179 2579 2249 2634 56

168 2667 395 2742 Syriae.
440 2666 603 2727 Hanc
625 2684 761 2728 mox
783 2670 860 2728 ita
875 2670 1099 2746 sprevit
1112 2678 1173 2729 ut
1186 2671 1349 2729 urina
1369 2670 1810 2745 contaminaret,
1837 2669 1948 2729 alia
1961 2687 2162 2748 super-

116 2797 129 2801 -
169 2752 402 2811 stitione
429 2760 665 2830 captus,
699 2752 756 2811 in
780 2769 889 2830 qua
930 2752 1057 2812 sola
1091 2753 1556 2832 pertinacissime
1595 2751 1799 2811 haesit.
1869 2751 2163 2831 Siquidem

166 2833 489 2895 icuncnlam
524 2834 865 2913 puellarem,
906 2853 1034 2895 cum
1059 2839 1223 2914 quasi
1256 2835 1570 2896 remedium
1606 2833 1935 2895 insidiarum
1973 2853 2005 2895 a
2038 2834 2162 2915 ple-

88 2931 145 2974 ω
169 2918 309 2978 heio
338 2916 581 2996 quodam
605 2926 663 2978 et
697 2919 902 2996 ignoto
936 2921 1157 2979 muneri
1191 2921 1552 2999 accepisset,
1589 2917 1818 2979 detecta
1857 2919 2162 2980 confestim

167 3002 583 3078 coniuratione,
608 3019 717 3081 pro
743 3020 963 3064 summo
984 3004 1212 3065 numine
1235 3005 1516 3083 trinisque
1536 3005 1595 3063 in
1619 3001 1713 3062 die
1736 3003 2040 3063 sacrificiis
2066 3019 2161 3062 co·

164 3085 292 3146 lere
330 3088 771 3164 perseveravit,
814 3086 1167 3167 volebatque
1219 3086 1380 3148 credi
1427 3087 1743 3149 monitione
1794 3088 1917 3148 eius
1974 3085 2164 3146 futura

164 3185 581 3248 praenoscere.
633 3168 786 3229 Ante
822 3189 1045 3249 paucos
1086 3189 1254 3250 quam
1296 3173 1517 3251 periret
1553 3189 1786 3232 menses
1824 3168 2064 3231 attendit
2105 3177 2165 3229 et

166 3252 501 3329 extispicio,
528 3270 640 3313 nec
663 3270 926 3331 umquam
950 3255 1152 3315 litavit.

88 3354 145 3394 35
298 3333 452 3396 Obiit
474 3337 807 3397 tricensimo
832 3347 891 3398 et
914 3338 1170 3399 secundo
1202 3339 1405 3399 aetatis
1424 3355 1594 3418 anno,
1617 3338 1710 3399 die
1733 3356 1848 3417 quo
1875 3338 2162 3418 quondam
2179 3339 2244 3392 57

166 3417 467 3480 Octaviam
494 3421 900 3500 interemerat,
933 3430 1264 3500 tantumque
1296 3421 1566 3500 gaudium
1604 3422 1840 3502 publice
1877 3422 2162 3502 praebuit,

163 3511 224 3563 ut
247 3502 421 3582 plebs
457 3503 697 3582 pilleata
724 3513 844 3566 tota
880 3504 1026 3566 urbe
1062 3504 1436 3566 discurreret.
1493 3505 1569 3566 Et
1601 3516 1791 3567 tamen
1825 3523 1940 3566 non
1963 3505 2160 3566 defue-

159 3595 295 3647 runt
316 3590 412 3666 qui
435 3606 546 3666 per
573 3586 810 3666 longum
835 3599 1061 3670 tempus
1089 3589 1286 3649 vernis
1322 3591 1676 3671 aestivisque
1712 3589 1953 3650 floribus
1982 3597 2160 3647 tumu-
