2700 4234
917 349 1333 399 PRAEFATIO.
1853 354 2024 404 thx

194 510 378 582 yilium
411 506 550 563 Gud.
592 499 605 583 Ι
642 513 706 567 31
741 508 858 563 eius
882 507 1032 564 delet
1063 506 1381 565 NHeinsius
1418 502 1431 587 Ι
1466 514 1537 570 32
1564 524 1635 564 ne
1660 524 1822 583 quem
1850 511 2011 567 868-

199 592 382 647 lenius
420 596 476 645 et
501 590 716 647 Statius
747 606 852 663 pro
883 604 1056 663 neque
1093 590 1104 664 Ι
1142 599 1210 651 33
1239 592 1523 649 Catulinae
1554 609 1635 649 ms
1652 593 1839 665 Statii,
1871 594 2007 652 Gud.

195 676 251 732 iu
289 674 514 743 ordine,
547 673 700 729 Leid.
732 690 900 746 supra
923 690 1145 732 versum
1177 689 1282 747 pro
1307 676 1567 732 Catilinae
1604 672 1613 753 Ι
1653 683 1721 737 36
1748 676 2017 749 inferiore

196 759 347 815 Leid.
385 758 458 813 ed
471 757 620 813 Flor.
670 749 681 836 Ι
729 762 800 817 36
827 756 1203 830 hemicyclium
1239 758 1375 815 Gud.
1408 776 1490 817 ms
1512 760 1674 816 Statii
1709 776 1814 833 pro
1845 760 2014 817 hemi-

195 844 413 913 cyclum
447 832 466 921 Ι
500 846 574 901 38
605 839 914 897 Crassicius
941 840 1077 896 Gud.
1115 858 1217 914 pro
1249 842 1561 899 Crassicius.

312 930 454 994 265,
484 930 520 984 3
555 926 796 997 peryula
829 924 1052 981 edVen.
1090 932 1146 981 et
1171 926 1478 983 Beroaldus
1519 942 1623 998 pro
1656 929 1898 996 par-cula
1926 928 2018 985 vel

190 1010 435 1080 percula
473 1001 484 1084 Ι
523 1014 558 1067 3
593 1014 650 1063 et
691 1016 724 1067 5
765 1006 1045 1079 Zmyrnae
1089 1016 1145 1064 et
1181 1008 1429 1081 Zmyrna
1467 1009 1603 1065 Gud.
1646 1009 1797 1066 Harl.
1842 1010 2015 1068 Paris.

199 1109 302 1165 pro
350 1090 630 1164 Smyrnae
672 1097 730 1147 et
767 1089 1012 1162 Smyrna
1047 1084 1060 1170 Ι
1109 1098 1142 1153 9
1187 1090 1371 1147 Iulum
1415 1093 1609 1162 Wolf,
1654 1092 1757 1149 sed
1798 1094 1907 1149 eir.
1948 1094 2019 1150 ad

199 1192 254 1247 p.
287 1180 426 1244 148,
468 1180 538 1233 20
587 1166 600 1253 Ι
651 1180 714 1233 11
761 1173 941 1230 Sextii
979 1174 1213 1231 NFaber
1262 1168 1274 1254 Ι
1326 1180 1393 1234 19
1424 1190 1668 1247 puerum
1710 1175 1862 1233 Leid.
1912 1177 2021 1233 edd

199 1259 352 1313 Flor.
382 1258 498 1317 lae.
532 1258 788 1313 omittunt
817 1258 1022 1330 reliqui
1059 1250 1072 1333 Ι
1106 1265 1174 1318 25
1203 1258 1393 1314 Licino
1430 1260 1617 1331 Bergk
1644 1274 1750 1331 pro
1788 1260 2015 1327 Licinio,

206 1340 312 1395 cfr.
341 1338 770 1397 Orelli-Heuzeu
804 1340 1079 1414 inseriptt.
1111 1358 1185 1397 no
1213 1348 1332 1402 644.
1364 1348 1519 1401 3124.
1550 1348 1706 1403 3260.
1740 1350 1775 1403 3
1804 1345 2016 1417 Ρ.316ἲ

201 1430 272 1483 35
320 1422 442 1490 Quo
482 1424 758 1495 delegante
801 1422 1011 1481 Statius
1052 1440 1156 1497 pro
1201 1424 1360 1491 Quod
1394 1428 1708 1499 eleqantem.

328 1512 464 1577 266,
495 1515 524 1566 1
563 1507 936 1563 inscribuntur
979 1508 1129 1564 Leid.
1174 1508 1310 1565 Gud.
1351 1510 1585 1565 vinetus
1621 1526 1727 1583 pro
1765 1511 2017 1567 scribun-

199 1597 291 1647 tur
337 1585 350 1670 Ι
402 1596 474 1649 14
519 1592 682 1646 verbo
727 1589 867 1647 Gud.
909 1591 1059 1647 Harl.
1105 1590 1276 1647 Paris,
1320 1608 1426 1663 pro
1466 1593 1631 1647 verba
1687 1586 1699 1670 Ι
1752 1598 1817 1655 17
1862 1594 2023 1650 deicit

201 1676 238 1731 S
257 1673 546 1745 Gelenius,
579 1675 799 1745 quidam
835 1675 980 1746 apud
1013 1673 1399 1730 Casaubonum
1436 1669 1456 1749 Ι
1486 1681 1551 1735 19
1582 1674 1863 1732 Remmius
1892 1676 2021 1733 Sta·

198 1759 327 1814 tius.
388 1756 680 1813 Reminius
706 1758 871 1829 Leid.⁸
903 1759 960 1813 iu
992 1757 1189 1813 ordine
1223 1774 1328 1829 pro
1363 1757 1685 1837 Rhemmius
1730 1750 1741 1837 Ι
1795 1765 1859 1819 19
1903 1758 2011 1814 Ρα-

198 1842 416 1898 laemon
444 1840 623 1897 Aldus
657 1856 762 1914 pro
787 1840 1053 1897 Palemon
1092 1833 1103 1919 Ι
1143 1847 1208 1901 19
1233 1839 1509 1897 Vicetinus
1520 1842 1756 1899 vinetus
1786 1859 1859 1898 ex
1887 1841 2021 1899 Hie-

198 1940 438 1997 rouymo
485 1940 590 1997 pro
633 1924 944 1981 Vicentinus
981 1917 990 2003 Ι
1029 1932 1098 1985 30
1120 1932 1491 1997 praesagante
1520 1926 1589 1982 ed
1601 1925 1741 1982 Veu.
1774 1940 2017 1997 praesa·

192 2012 373 2083 yiente
409 2008 721 2066 Beroaldus
762 2000 774 2085 Ι
807 2015 874 2068 31
902 2008 1134 2080 Vergilio
1166 2008 1300 2064 Gud.
1343 2006 1354 2085 Ι
1393 2016 1461 2069 33
1476 2011 1799 2079 pepercisse
1824 2008 1976 2067 Leid.
2006 2006 2017 2084 Ι

197 2098 265 2152 38
293 2095 521 2147 insitam
554 2092 624 2146 ed
643 2092 754 2147 Ine.
805 2098 862 2147 et
891 2092 928 2148 S
948 2090 1210 2148 Gelenius
1246 2099 1302 2147 et
1330 2093 1630 2148 Mommsen
1662 2109 1765 2165 pro
1804 2095 2016 2149 institu-

198 2181 308 2230 tam
348 2169 359 2253 Ι
397 2180 470 2235 38
497 2173 734 2231 CCCLX
768 2190 904 2231 uvas
933 2175 1167 2232 Ursinus
1208 2192 1312 2248 pro
1360 2175 1658 2233 CCCLXV
1691 2190 1849 2232 vasa.

316 2264 425 2319 267
440 2300 457 2328 ,
505 2264 572 2316 10
609 2264 882 2329 repeteret
921 2258 1182 2316 Schottus
1225 2274 1329 2329 pro
1372 2266 1624 2330 repetere
1660 2251 1670 2337 Ι
1722 2266 1781 2318 11
1832 2273 2019 2315 omnes

199 2344 474 2399 contemni
500 2340 652 2396 Leid.
680 2341 862 2397 Berol.
891 2342 960 2398 ed
973 2342 1443 2411 Florfflcontemni,
1476 2342 1531 2397 ia
1561 2342 1811 2412 margine
1833 2356 2021 2398 omnes

201 2426 339 2483 Gud.
394 2439 461 2481 se
495 2426 766 2480 contemni
804 2424 952 2482 Harl.
996 2424 1170 2481 Paris.
1222 2425 1456 2480 eddlno.
1488 2425 1628 2480 ven.
1680 2419 1691 2503 Ι
1743 2430 1804 2485 17
1849 2440 2017 2481 unum

196 2511 284 2566 vel
317 2512 558 2565 alterum
590 2508 744 2564 Leid.
779 2507 1006 2564 edFlor.
1041 2508 1142 2564 sed
1167 2508 1272 2563 err.
1302 2525 1356 2580 p.
1378 2514 1495 2577 113,
1530 2514 1613 2567 11.
1657 2512 1783 2581 227,
1810 2514 1866 2569 6.
1892 2513 2018 2578 269,

198 2598 286 2651 22.
332 2596 461 2661 297,
492 2596 562 2652 34
601 2590 608 2666 Ι
648 2596 715 2651 18
747 2591 1141 2662 pomeridianis
1182 2593 1361 2648 Aldus
1400 2584 1409 2671 Ι
1448 2598 1517 2650 20
1531 2608 1798 2664 perraro.
1843 2592 2020 2651 Nimis

200 2690 391 2746 pauca
419 2675 658 2731 vinetus
691 2681 750 2730 et
781 2675 988 2732 Statius
1019 2692 1122 2747 pro
1143 2690 1394 2747 perraro
1418 2676 1599 2732 nimis.
1642 2677 1832 2733 Pauca

327 2764 455 2829 268,
482 2764 518 2815 2
560 2760 925 2830 grammatica
951 2772 1078 2814 sero
1105 2760 1412 2815 Beroaldus
1452 2753 1461 2833 Ι
1498 2768 1533 2819 3
1558 2763 1795 2832 paululo
1823 2759 1975 2817 Leid.
2006 2763 2019 2828 Ι

205 2850 238 2901 5
281 2840 340 2898 S.
368 2842 426 2899 C.
459 2847 518 2899 et
545 2841 603 2898 C.
637 2842 890 2899 omittunt
921 2842 1082 2912 libri,
1118 2843 1332 2899 addidit
1372 2843 1691 2915 Stephanus
1728 2860 1801 2899 ex
1836 2842 2020 2901 Gellio

203 2933 302 2995 15,
337 2932 420 2984 11.
469 2924 526 2981 S.
567 2924 695 2997 Cb's.
738 2931 867 2998 post
904 2925 1211 2981 rhetoribus
1250 2943 1302 2981 v.
1333 2932 1370 2986 8
1408 2926 1704 2983 addiderat
1733 2926 1955 2983 edVen.
2003 2930 2015 2965 ¹

202 3016 266 3068 11
320 3012 398 3065 ita
435 3009 733 3065 edixerunt
769 3010 952 3067 Berol.
1006 3009 1232 3065 edVeu.
1288 3025 1393 3080 pro
1444 3012 1519 3065 ica
1561 3010 1851 3078 dixerunt,
1892 3013 2017 3067 item

203 3094 498 3158 dramni,
544 3094 667 3147 ilem
719 3093 1016 3149 edixerunt
1061 3085 1072 3170 Ι
1120 3098 1188 3151 12
1235 3095 1605 3149 renuntiatum
1646 3094 1715 3151 ed
1728 3095 1868 3150 Ven.
1912 3109 2018 3166 pro

200 3191 309 3233 nae
351 3172 484 3253 (ne)
514 3178 886 3231 renuntiatum
921 3168 932 3253 Ι
974 3181 1040 3235 14
1071 3179 1397 3234 conveniant
1424 3177 1576 3233 Leid.
1629 3170 1639 3251 Ι
1699 3182 1768 3235 14
1792 3177 2019 3232 Latinos

203 3261 338 3317 Gud.
373 3260 561 3318 Berol.
594 3260 817 3317 edVen.
847 3260 1040 3315 Latine
1066 3260 1139 3332 .f.
1169 3261 1258 3316 vel
1279 3262 1485 3317 scilicet
1506 3258 1642 3316 Gud.
1668 3260 1725 3316 iu
1750 3260 2017 3330 margine,

200 3344 352 3400 Leid.
396 3344 548 3402 Harl.
591 3343 769 3401 Paris.
815 3344 922 3399 edd
940 3345 1053 3400 Ine.
1097 3344 1246 3399 Flor.
1285 3336 1296 3415 Ι
1345 3350 1415 3403 20
1457 3348 1793 3401 consuerunt
1830 3342 2015 3400 Berol.

202 3428 272 3483 ed
284 3428 437 3485 Flor.
472 3444 576 3501 pro
606 3434 1009 3483 consueverunt
1045 3419 1056 3503 Ι
1093 3434 1164 3486 2ο
1189 3429 1361 3483 visum
1384 3427 1797 3500 estStephauus
1826 3444 1857 3483 e
1889 3427 2019 3482 Gel-

201 3510 280 3567 lio
295 3519 383 3583 15,
417 3519 481 3571 11
503 3502 594 3589 Ι21
611 3516 805 3567 nostra
835 3512 1098 3567 sententia
1119 3509 1253 3566 Gud.
1279 3512 1523 3568 secunda
1554 3527 1715 3568 manu
1750 3517 1807 3567 et
1833 3509 2017 3578 Guyo-

199 3599 288 3650 tus
325 3589 336 3674 Ι
375 3601 444 3655 25
475 3594 792 3651 consulibus
823 3594 975 3650 delet
1001 3592 1047 3649 N
1059 3595 1236 3651 Faber
1273 3585 1286 3673 Ι
1321 3601 1387 3653 31
1418 3595 1497 3649 bis
1524 3609 1735 3669 quoque
1766 3592 1905 3650 Gud.
