2700 4234
542 743 628 826 O.
686 743 1161 826 SUETONI
1211 743 1898 856 TRANQUILH

233 913 477 1013 DE
584 909 1050 1012 VITA
1148 909 2188 1014 CAESARUM

968 1111 1248 1177 LIBER
1291 1113 1459 1178 IIII.

809 1271 877 1344 Ο.
948 1271 999 1344 0
1022 1273 1094 1344 A
1116 1271 1177 1342 L
1199 1271 1243 1342 1
1268 1271 1334 1343 G
1357 1271 1428 1342 U
1450 1271 1511 1342 L
1534 1273 1624 1344 A.

150 1634 176 1674 s
328 1609 741 1684 Germanicus,
780 1605 848 1669 G.
892 1606 1165 1668 Gaesaris
1209 1617 1409 1686 pater,
1454 1607 1627 1669 Drusi
1665 1618 1723 1669 et
1764 1611 2001 1670 minoris
2031 1610 2210 1672 Anto·
2248 1632 2274 1682 1

200 1697 331 1754 niae
361 1693 539 1770 filius,
568 1711 601 1754 a
626 1691 864 1753 Tiberio
897 1701 1103 1773 patruo
1135 1691 1466 1771 adoptatus,
1501 1703 1868 1772 quaesturam
1899 1695 2213 1774 quinquen·

201 1781 296 1839 nio
348 1787 483 1838 ante
533 1794 701 1856 quam
744 1793 853 1856 per
894 1776 1065 1854 leges
1110 1777 1320 1837 liceret
1376 1786 1434 1838 et
1491 1787 1629 1858 post
1681 1795 1808 1839 eam
1861 1778 2220 1838 consulatum

202 1864 393 1923 statim
418 1864 627 1940 gessit,
660 1862 987 1940 missusque
1012 1860 1083 1922 ad
1116 1862 1438 1922 exercitum
1467 1863 1525 1922 in
1551 1860 1934 1939 Germaniam,
1964 1880 2221 1923 excessu

201 1946 459 2023 Augusti
492 1947 766 2021 nuntiato,
798 1943 1070 2022 legiones
1098 1946 1436 2024 universas,
1483 1949 1895 2026 imperatorem
1926 1945 2219 2007 Tiberium

138 2048 186 2090 ιο
203 2031 671 2112 pertinacissime
694 2031 1020 2090 recusantis
1049 2039 1106 2090 et
1129 2029 1240 2090 sibi
1268 2049 1543 2093 summam
1572 2033 1661 2091 rei
1692 2049 1751 2112 p.
1785 2030 2106 2092 deferentis
2137 2034 2218 2090 in·

204 2124 425 2176 certum
458 2116 678 2194 pietate
706 2133 778 2176 an
812 2115 1133 2175 constantia
1164 2115 1386 2175 maiore
1421 2117 1808 2195 compescuit,
1841 2125 2018 2195 atque
2045 2115 2220 2176 hoste

200 2217 333 2260 mox
376 2198 614 2260 devicto
655 2197 1047 2278 triumphavit.
1112 2196 1331 2259 Consul
1373 2199 1581 2260 deinde
1623 2201 1830 2260 iterum
1875 2208 2107 2259 creatus
2149 2217 2220 2259 ac

203 2285 361 2364 prius
400 2301 576 2363 qnam
602 2283 885 2344 honorem
915 2284 1084 2343 iniret
1120 2281 1192 2343 ad
1226 2283 1692 2364 componendum
1719 2281 1977 2342 Orientis
2008 2291 2216 2343 statum

204 2368 514 2450 expulsus,
561 2385 687 2428 cum
717 2367 1029 2427 Armeniae
1060 2385 1262 2444 regem
1306 2365 1658 2444 devicisset,
1691 2365 2128 2446 Cappadociam
2159 2369 2214 2425 in

142 2471 188 2511 15
208 2453 554 2531 provinciae
584 2452 827 2512 formam
860 2449 1227 2529 redegisset,
1260 2469 1466 2511 annum
1499 2469 1684 2530 agens
1714 2451 1922 2512 aetatis
1954 2459 2216 2530 quartum

208 2545 264 2596 et
308 2537 702 2597 tricensimum
749 2536 1016 2596 diuturno
1062 2536 1267 2596 morbo
1298 2533 1649 2596 Antiochiae
1699 2535 1873 2612 obiit,
1921 2552 2038 2595 non
2090 2536 2214 2594 sine

205 2621 413 2680 veneni
455 2622 815 2700 suspicione.
881 2618 1028 2679 Nam
1072 2629 1307 2693 praeter
1348 2619 1604 2698 livores,
1657 2622 1753 2699 qui
1795 2628 1920 2680 toto
1959 2636 2214 2700 corpore

207 2714 385 2782 erant,
418 2715 478 2766 et
509 2722 779 2784 spumas,
822 2722 970 2783 quae
1006 2721 1112 2783 per
1142 2722 1211 2765 os
1240 2703 1524 2780 fluebant,
1560 2705 1799 2764 cremati
1843 2721 2086 2783 quoque
2111 2719 2215 2764 cor

206 2788 351 2847 inter
378 2806 515 2850 ossa
540 2791 939 2868 incorruptum
960 2797 1255 2866 repertum
1281 2797 1400 2848 est:
1423 2789 1585 2848 cuius
1610 2807 1678 2848 ea
1701 2796 1902 2848 natura
1923 2787 2212 2848 existima-

142 2887 192 2928 κο
209 2879 319 2947 tur,
346 2882 406 2933 ut
431 2875 671 2933 tinctum
700 2889 931 2934 veneno
964 2874 1103 2949 igne
1140 2872 1349 2933 confici
1381 2881 1652 2952 nequeat.
1723 2870 1878 2931 Obiit
1907 2880 2115 2949 autem,
2146 2879 2205 2930 ut
2248 2883 2282 2934 2

212 2956 405 3033 opinio
443 2957 584 3034 fuit,
638 2956 842 3017 fraude
874 2955 1103 3033 Tiberi,
1146 2957 1465 3017 ministerio
1499 2965 1557 3016 et
1588 2974 1770 3036 opera
1807 2953 1928 3017 GN.
1961 2955 2212 3032 Pisonis,

208 3041 303 3117 qui
343 3041 447 3100 sub
506 3041 663 3102 idem
715 3051 941 3119 tempus
992 3041 1195 3116 Syriae
1242 3041 1650 3120 praepositus,
1693 3057 1804 3100 nec
1846 3038 2212 3099 dissimulans

210 3123 614 3186 offendendum
656 3125 766 3186 sibi
808 3133 906 3186 aut
948 3134 1173 3203 patrem
1220 3133 1317 3186 aut
1350 3125 1557 3200 filium,
1601 3123 1973 3203 quasi·plane
2006 3123 2081 3182 ita
2111 3140 2211 3182 ne-

211 3224 375 3268 cesse
412 3219 595 3286 esset,
622 3211 794 3271 etiam
826 3226 1067 3287 aegrum
1098 3207 1498 3270 Germanicum
1521 3209 1880 3286 gravissimis
1898 3206 2210 3267 verborum

146 3300 276 3350 'esec
312 3310 504 3354 rerum
530 3293 944 3354 acerbitatibus
984 3292 1143 3353 nullo
1178 3292 1436 3356 adhibito
1474 3291 1649 3353 modo
1682 3291 1924 3362 adfecit;
1967 3300 2212 3371 propter

211 3391 371 3454 quae,
409 3386 471 3438 ut
505 3378 750 3438 Romam
778 3376 968 3455 rediit,
1015 3395 1205 3455 paene
1241 3376 1572 3456 discerptus
1609 3394 1641 3436 a
1677 3376 1918 3457 populo,
1943 3394 1976 3436 a
2008 3383 2212 3436 senatu

211 3460 415 3537 capitis
462 3461 762 3522 damnatus
793 3470 901 3522 est.
992 3460 1205 3521 Omnes
1237 3459 1582 3521 Germanico
1618 3462 1888 3541 corporis
1919 3461 2205 3539 animique
2241 3466 2272 3519 3
2331 3505 2348 3518 .

206 3542 464 3624 virtutes,
491 3553 551 3604 et
588 3554 831 3623 quantas
870 3546 1079 3605 nemini
1106 3545 1390 3624 cuiquam,
1426 3545 1744 3623 contigisse
1779 3545 1918 3606 satis
1952 3549 2208 3604 constat:

208 3623 445 3687 formam
476 3636 538 3688 et
576 3627 970 3689 fortitudinem
1003 3630 1331 3708 egregiam,
1382 3629 1674 3707 ingenium
1716 3631 1774 3689 in
1807 3637 2055 3705 utroque
2087 3623 2208 3683 elo·-
