2700 4234
496 255 619 318 230
658 267 719 315 o.
745 265 1044 315 suu-'rom
1068 265 1325 325 TRANQ.
1357 265 1452 312 mr
1477 265 1642 314 vrrA
1673 265 2045 313 casuum
2089 267 2226 313 ms.
2255 267 2397 314 vm.

494 423 719 483 tuosius
758 421 906 480 inter
950 437 1015 480 se
1058 418 1330 497 agebant.
1407 419 1600 494 Quare
1648 418 2091 480 Vitellianorum
2145 419 2372 497 quidem
2424 430 2477 482 et

497 505 897 567 exauctoravit
926 504 1201 582 plurimos
1232 511 1291 562 et
1328 503 1621 578 coercuit,
1655 502 2035 581 participibus
2075 511 2264 562 autem
2309 505 2473 565 victo-

494 592 618 650 riae
650 588 799 649 adeo
829 587 966 647 nihil
998 595 1165 647 extra
1188 585 1450 647 ordinem
1477 585 1729 662 indulsit,
1763 595 1823 645 ut
1841 589 2012 646 etiam
2037 586 2295 662 legitima
2321 605 2472 664 prae-

496 674 605 732 mia
638 689 773 732 sero
824 671 1194 750 persolverit.
1277 670 1370 730 Ac
1410 687 1483 728 ne
1527 685 1695 747 quam
1737 671 2109 744 occasionem
2155 671 2473 746 corrigendi

498 756 859 835 disciplinam
892 755 1413 834 praetermitteret,
1463 751 1958 812 adulescentulum
1988 754 2342 830 fragrantem
2384 773 2471 814 uu·
2490 777 2512 815 5

498 849 750 918 guento,
785 857 910 898 cum
942 837 1050 898 sibi
1082 855 1191 916 pro
1234 839 1538 916 impetrata
1585 836 1956 915 praefectura
2000 839 2218 914 gratias
2259 847 2470 915 ageret,

494 933 633 984 nutu
662 931 1038 1001 aspernatus,
1080 939 1233 980 voce
1262 922 1433 980 etiam
1476 921 1819 996 gravissima
1863 921 2183 999 increpuit:
2224 919 2470 981 Maluis-

496 1026 624 1068 sem
675 1007 866 1067 alium
916 1004 1299 1066 oboluisse-³!
1371 1004 1710 1081 litterasque
1759 1007 2091 1073 revocavit;
2155 1003 2474 1064 classiarios

498 1108 665 1167 vero,
700 1091 799 1174 qui
828 1089 899 1150 ab
924 1089 1086 1149 Ostia
1118 1097 1177 1148 et
1197 1087 1456 1148 Puteolis
1483 1088 1726 1148 Romam
1745 1086 1993 1166 pedibus
2016 1105 2123 1165 per
2145 1088 2306 1147 vices
2329 1105 2472 1148 com·

496 1184 718 1250 meant,
758 1182 1027 1258 petentes
1060 1173 1330 1232 constitui
1363 1170 1579 1250 aliquid
1611 1170 1722 1230 sibi
1753 1171 2010 1231 calciarii
2039 1172 2286 1248 nomine,
2319 1173 2474 1250 quasi
2492 1186 2538 1227 ιο
2641 1240 2647 1253 Ι

498 1275 697 1338 parum
726 1266 884 1317 esset
914 1258 1039 1316 sine
1070 1273 1364 1335 responso
1398 1254 1671 1332 abegisse
1691 1300 1710 1332 ,
1739 1255 1906 1314 iussit
1935 1263 2070 1334 post
2101 1254 2250 1314 haec
2285 1255 2474 1316 excal-

498 1345 684 1402 ciatos
716 1342 1029 1409 cursitare;
1067 1348 1124 1399 et
1156 1358 1233 1398 ex
1263 1358 1336 1399 eo
1371 1340 1450 1399 ita
1481 1341 1778 1399 cursitant.

614 1424 926 1499 Achaiam,
968 1423 1231 1498 Lyciam,
1264 1422 1564 1500 Rhodum,
1605 1422 1967 1498 Byzantium,
2023 1422 2250 1481 Samum
2309 1422 2476 1484 liber-

497 1518 614 1569 tate
676 1507 974 1586 adempta,
1020 1508 1156 1566 item
1210 1506 1546 1583 Thraciam,
1605 1503 1867 1567 Ciliciam
1925 1513 1986 1564 et
2051 1503 2480 1584 Commagenen

496 1592 727 1652 ditionis
775 1592 979 1669 regiae
1034 1609 1215 1669 usque
1264 1589 1335 1650 ad
1387 1589 1444 1650 id
1497 1599 1756 1668 tempuS,
1799 1591 1860 1648 in·
1899 1589 2328 1668 provinciarum
2359 1593 2546 1652 for-1⁵

495 1694 642 1736 mam
692 1675 939 1752 redegit.
1029 1671 1442 1754 Cappadociae
1493 1681 1739 1752 propter
1776 1672 2050 1733 adsiduos
2103 1671 2478 1735 barbarorum

494 1761 757 1820 incursus
780 1758 1051 1836 legiones
1080 1757 1324 1835 addidit,
1380 1756 1860 1835 consularemque
1891 1764 2183 1817 rec-torem
2211 1757 2480 1837 imposuit

537 1859 603 1903 ro
637 1859 668 1900 e
716 1886 727 1899 .
759 1841 832 1901 R.

495 1861 534 1922 p
616 1861 911 1986 Dgformis
943 1924 1081 1984 urbs
1108 1923 1407 1984 veteribus
1435 1923 1717 1984 incendiis
1747 1941 1818 1983 ac
1847 1923 2024 1984 ruinis
2067 1933 2219 1994 erat;
2265 1943 2478 1986 vacuas

493 2025 663 2068 areas
695 2025 989 2087 occupare
1017 2016 1076 2068 et
1104 2007 1446 2084 aedificare,
1475 2009 1525 2067 si
1557 2024 1944 2086 possessores
1989 2019 2317 2085 cessarent,
2365 2011 2479 2070 cui·
2499 2025 2552 2066 20

492 2108 735 2170 cumque
761 2092 1035 2170 permisit.
1090 2090 1227 2170 Ipse
1259 2093 1679 2152 restitutionem
1709 2089 1983 2169 Capitolii
2013 2091 2359 2171 adgressus,
2389 2111 2481 2154 ru·
2664 2085 2665 2098 ¹

493 2175 725 2236 deribus
755 2174 1071 2254 purgandis
1100 2193 1301 2235 manus
1336 2177 1554 2254 primus
1591 2175 1844 2236 admovit
1873 2193 1945 2236 ac
1977 2193 2082 2235 suo
2111 2175 2268 2236 collo
2308 2195 2481 2256 quae·

492 2260 621 2320 dam
654 2258 882 2329 extulit3
922 2275 1336 2338 aerearumque
1379 2259 1695 2320 tabularum
1744 2260 1851 2318 tria
1890 2258 2075 2336 milia,
2124 2277 2276 2338 qnae
2313 2261 2484 2320 simul

494 2343 1021 2420 conflagraverunt,
1076 2343 1429 2403 restituenda
1481 2343 1770 2420 suscepit,
1811 2341 2062 2420 undique
2114 2345 2484 2422 investigatis

492 2425 954 2502 exemplaribus:
998 2429 1432 2486 instrumentum
1463 2427 1688 2504 imperii
1719 2425 2166 2504 pulcherrimum
2209 2445 2280 2488 ac
2319 2439 2482 2489 vetu-
2505 2445 2562 2486 25

491 2509 817 2586 stissimum,
850 2526 963 2588 quo
997 2510 1436 2571 continebantur
1466 2527 1653 2588 paene
1685 2509 1756 2569 ab
1791 2507 2038 2571 exordio
2065 2510 2224 2571 urbis
2249 2522 2490 2573 senatus

492 2591 793 2668 consulta,
839 2591 1000 2672 plebi
1038 2594 1185 2654 scita
1216 2594 1291 2654 de
1326 2596 1609 2654 societate
1653 2602 1711 2652 et
1751 2593 1997 2654 foedere
2045 2613 2116 2657 ac
2167 2596 2488 2674 privilegio

436 2686 471 2741 9
496 2678 831 2755 cuicumque
880 2679 1198 2738 concessis.
1266 2677 1434 2738 Fecit
1478 2686 1537 2738 et
1581 2694 1732 2738 nova
1777 2693 1962 2756 opera
2006 2680 2282 2758 templum
2310 2680 2492 2741 Pacis

489 2761 619 2820 foro
673 2762 1023 2838 proximum,
1057 2761 1308 2841 Divique
1351 2758 1554 2823 Claudi
1595 2762 1652 2820 in
1707 2759 1912 2822 Caelio
1959 2771 2156 2822 monte
2209 2773 2494 2842 coeptum

489 2844 717 2923 quidem
750 2843 820 2906 ab
850 2845 1203 2925 Agrippina,
1252 2844 1358 2905 sed
1388 2863 1422 2904 a
1449 2844 1688 2906 Nerone
1733 2861 1926 2925 prope
1967 2845 2222 2907 funditus
2256 2847 2492 2909 destru-
2513 2864 2570 2908 a(

492 2937 673 2998 ctum;
712 2930 847 2988 item
877 2929 1353 3008 amphitheatrum
1380 2929 1523 2989 urbe
1547 2929 1754 3006 media,
1794 2937 1856 2988 ut
1889 2929 2212 2991 destinasse
2245 2948 2496 3013 compe-

488 3021 645 3073 rerat
672 3013 1015 3089 Augustum.
1167 3089 1172 3092 -

607 3095 1018 3176 Amplissimos
1050 3095 1313 3173 ordines,
1344 3106 1406 3157 et
1437 3095 1752 3157 exhaustos
1783 3097 1968 3158 caede
1997 3100 2158 3158 varia
2193 3109 2253 3160 et
2281 3110 2498 3162 conta-

488 3180 732 3239 minatos
774 3181 962 3240 'veteri
1012 3180 1422 3258 neglegentia,
1475 3181 1746 3258 purgavit
1781 3181 2193 3260 supplevitque
2223 3202 2499 3245 recenso

488 3271 688 3321 senatu
735 3272 794 3322 et
838 3264 1061 3340 equite,
1122 3265 1419 3324 summotis
1476 3263 1894 3340 indignissimis
1963 3271 2036 3337 et,
2065 3265 2582 3333 honestissimos

488 3361 723 3422 quoque
754 3343 1085 3405 Italicorum
1116 3365 1187 3407 ac
1224 3347 1664 3426 provincialium
1697 3346 1936 3408 allecto.
2008 3347 2206 3428 Atque
2251 3353 2331 3412 uti
2379 3369 2499 3412 no·

483 3433 603 3499 tum
632 3436 808 3503 esset,
840 3432 1141 3506 utrumque
1178 3430 1440 3490 ordinem
1465 3446 1580 3490 non
1608 3440 1722 3491 tam
1753 3430 2022 3492 libertate
2047 3434 2196 3494 inter
2213 3453 2280 3496 se
2305 3453 2502 3515 quam

484 3507 763 3583 dignitate
798 3509 1068 3586 differre,
1100 3510 1173 3571 de
1207 3515 1397 3590 iurgio
1432 3513 1680 3593 quodam
1716 3516 2006 3576 senatoris
2047 3519 2382 3598 equitisque
2415 3521 2499 3580 R.
