2700 4234
923 312 1131 361 mvus
1167 313 1545 361 AUGUSTUS.
2147 308 2230 369 5¹3

228 477 314 527 ter
345 463 621 525 exhibuit.
690 463 835 525 Nam
866 474 925 524 et
955 466 1187 525 invecta
1216 467 1343 525 urbi
1374 468 1772 530 Alexandrino
1815 470 2099 550 triumpho
2137 490 2228 533 re-

226 552 317 627 gia
346 566 493 627 gaza
523 556 735 609 tantam
761 550 989 627 copiam
1020 550 1371 610 nummariae
1395 552 1482 611 rei
1515 552 1730 630 effecit,
1763 562 1825 613 ut
1853 554 2098 623 foenore
2131 555 2229 616 de-

224 635 431 693 minuto
462 632 765 711 plurimum
796 650 1069 710 agrorum
1098 633 1303 712 pretiis
1334 638 1689 713 accesserit,
1735 646 1794 696 et
1834 647 2040 715 postea
2087 657 2227 718 quo-

224 719 370 777 tiens
400 716 476 777 ei
509 715 903 775 damnatorum
934 716 1105 775 bonis
1142 718 1389 795 pecunia
1429 720 1846 797 superflueret,
1897 740 2058 781 usum
2104 723 2229 781 eius

182 803 531 877 5gratuitum
561 800 633 859 iis
665 801 763 877 qui
796 817 1006 859 cavere
1051 802 1109 859 in
1155 800 1390 879 duplum
1433 812 1677 881 possent
1719 803 1792 863 ad
1826 814 2043 865 certum
2088 814 2226 865 tem-

220 903 327 963 pus
364 884 615 945 indulsit.
684 884 1026 943 Senatorum
1074 900 1307 944 censum
1348 887 1646 965 ampliavit
1687 906 1758 948 ac
1791 906 1898 966 pto
1929 889 2224 967 octingen-

218 979 407 1027 torum
436 967 655 1026 milium
698 984 915 1027 summa
956 966 1273 1027 duodecies
1303 971 1859 1048 sestertioxtaxavit,
1907 972 2224 1051 supplevit·

218 1070 329 1129 que
360 1068 481 1111 non
510 1049 875 1111 habentibus.
944 1049 1257 1128 Congiaria
1288 1054 1510 1132 populo
1543 1054 1882 1133 frequenter
1912 1056 2086 1133 dedit,
2119 1054 2226 1115 sed

217 1136 490 1195 diversae
520 1134 648 1193 fere
682 1152 965 1195 summae:
998 1135 1171 1194 modo
1207 1137 1666 1215 quadringenos,
1712 1139 1886 1199 modo
1927 1150 2223 1216 trecenos,

152 1236 199 1277 ιο
216 1236 641 1295 nonnumquam
681 1217 941 1277 ducenos
984 1221 1540 1300 quinquagenosque
1579 1240 1870 1291 nummos;
1913 1241 1984 1283 ac
2023 1242 2096 1283 ne
2125 1224 2226 1283 mi-

214 1320 399 1363 nores
434 1300 661 1380 quidem
684 1318 903 1380 pueros
926 1303 1244 1380 praeteriit,
1282 1307 1543 1382 quamvis
1566 1306 1794 1366 nonnisi
1819 1306 1892 1366 ab
1923 1306 2222 1367 undecimo

214 1388 427 1447 aetatis
472 1402 617 1444 anno
667 1388 942 1463 accipere
991 1398 1394 1447 consuessent.
1471 1388 1834 1450 Frumentum
1883 1408 2115 1469 quoque
2166 1392 2224 1449 in

213 1488 481 1531 annonae
516 1468 946 1529 difficultatibus
978 1488 1160 1549 saepe
1183 1470 1502 1550 levissimO,
1533 1472 1811 1533 interdum
1841 1474 2000 1534 nullo
2035 1475 2222 1552 pretio

217 1555 428 1615 viritim
452 1554 763 1613 admensus
798 1562 889 1613 est
919 1563 1293 1632 tesserasque
1324 1558 1667 1617 nummarias
1702 1556 2037 1635 duplicavit.
2105 1556 2223 1617 Sed
2239 1566 2312 1620 42

147 1657 193 1697 15
215 1647 274 1698 ut
303 1636 603 1698 salubrem
638 1639 825 1714 magis
858 1654 1029 1715 quam
1062 1636 1425 1699 ambitiosum
1459 1641 1783 1719 priucipem
1817 1641 2033 1717 scires,
2084 1658 2221 1719 que—

211 1732 435 1783 rentem
468 1722 544 1781 de
575 1721 769 1799 inopia
802 1729 859 1780 et
892 1722 1131 1781 caritate
1160 1722 1277 1781 vini
1320 1722 1598 1802 populum
1644 1725 2010 1785 severissima
2055 1740 2220 1785 coer-

214 1808 327 1867 cuit
358 1824 548 1883 voce,
581 1805 743 1864 satis
768 1806 1089 1882 provisum
1122 1822 1164 1865 a
1188 1824 1418 1885 genero
1447 1824 1561 1868 suo
1594 1805 1880 1887 Ayrippa
1903 1809 2224 1887 perductis

204 1889 501 1969 pluribus
548 1888 762 1967 aquis,
816 1907 894 1947 ne
939 1888 1214 1949 homines
1257 1890 1517 1951 sitirent.
1589 1890 1791 1951 Eidem
1834 1893 2055 1971 populo
2088 1910 2221 1972 pro·

209 1976 447 2035 missum
476 1972 713 2051 quidem
748 1973 1105 2049 congiarium
1134 1976 1508 2052 reposcenti,
1555 1974 1758 2037 bonae
1801 1994 1869 2035 se
1909 1976 2058 2054 fidei
2088 1994 2224 2037 esse

141 2076 191 2116 20
209 2057 523 2137 respondit
537 2080 552 2126 ;
610 2074 724 2117 non
779 2057 1125 2134 promissum
1164 2066 1353 2117 autem
1395 2058 1676 2135 flagitanti
1721 2060 2124 2139 turpitudinem
2166 2068 2224 2119 et

208 2141 623 2221 impudentiam
654 2140 844 2200 edicto
876 2139 1254 2219 exprobravit
1292 2142 1744 2221 affirmavitque,
1783 2162 1906 2203 non
1934 2143 2222 2204 daturum

208 2245 275 2287 se
309 2224 615 2306 quamvis
658 2224 816 2283 dare
858 2223 1215 2285 destinaret.
1304 2224 1432 2285 Nec
1472 2227 1693 2286 minore
1734 2229 2221 2305 gravitate-atque

211 2310 575 2385 constantia,
628 2326 754 2389 cum
784 2309 1090 2387 proposito
1125 2309 1427 2385 congiario
1471 2309 1680 2369 multos
1722 2311 2099 2369 manumissos
2140 2312 2220 2369 in-

208 2402 529 2476 senosque
574 2394 783 2452 civium
830 2410 1067 2452 numero
1126 2392 1538 2471 comperisset,
1592 2395 1829 2471 negavit
1874 2402 2224 2471 accepturos

143 2491 193 2531 25
212 2476 420 2555 quibus
452 2476 801 2556 promissum
832 2494 949 2537 non
984 2484 1177 2553 esset,
1226 2477 1557 2555 ceterisque
1600 2479 1783 2537 minus
1813 2495 1980 2556 quam
2012 2478 2220 2556 promi-

211 2570 370 2621 serat
400 2560 586 2636 dedit,
618 2570 677 2620 ut
709 2560 991 2621 destinata
1022 2578 1235 2621 summa
1272 2559 1589 2621 sufficeret.
1634 2561 1842 2637 Magna
1867 2579 2011 2622 vero
2043 2578 2222 2639 quon·

210 2645 339 2705 dam
371 2644 683 2705 sterilitate
714 2662 785 2705 ac
814 2643 1035 2704 dIificili
1065 2644 1359 2719 remedio,
1395 2664 1520 2705 cum
1552 2645 1870 2705 venalicias
1905 2654 1963 2704 et
1992 2644 2220 2705 lanista-

210 2746 334 2788 rum
365 2728 617 2788 familias
646 2729 1111 2806 peregrinosque
1142 2745 1366 2804 omnes,
1398 2731 1664 2807 exceptis
1697 2728 1936 2788 medicis
1965 2738 2022 2787 et
2054 2745 2236 2805 prae--

215 2812 581 2889 ceptoribus,
610 2812 934 2890 partimque
966 2812 1329 2872 servitiorum
1361 2811 1503 2871 urbe
1527 2811 1875 2890 expulisset;
1907 2821 1965 2871 ut
1995 2810 2222 2870 tandem

144 2909 193 2950 so
216 2911 445 2954 annona
481 2894 789 2973 convaluit,
819 2896 1103 2973 impetum
1134 2914 1203 2955 se
1226 2893 1466 2973 cepisse
1487 2895 1687 2955 scribit
1713 2893 2226 2972 frumentationes

202 2975 505 3055 'publicas
534 2978 601 3039 in
626 2985 991 3058 perpetuum
1024 2978 1347 3053 abolendi,
1386 2978 1554 3059 quod
1579 2996 1795 3039 earum
1818 2977 2057 3055 fiducia
2094 2976 2217 3037 cul-

213 3066 359 3120 tura
402 3080 711 3140 myrorum.
749 3068 1055 3124 cessaret.-
1098 3081 1293 3142 neque
1335 3069 1538 3123 tamen
1558 3078 2034 3141 perseverasse,
2076 3060 2225 3139 quia

216 3150 445 3207 certum
476 3144 738 3207 haberet
762 3154 909 3225 post
936 3164 1006 3206 se
1039 3164 1160 3225 per
1200 3145 1590 3208 ambitionem
1636 3145 2016 3227 quandoque
2042 3143 2219 3203 resti-

218 3228 323 3287 tui.
410 3228 610 3307 Atque
667 3232 745 3293 ita
796 3230 1041 3310 posthac
1091 3248 1214 3290 rem
1253 3232 1629 3310 temperavit,
1682 3238 1742 3290 ut
1780 3249 1898 3291 non
1948 3228 2224 3287 minorem

148 3318 199 3358 ³5
218 3320 507 3373 aratorum
545 3330 614 3374 ac
645 3315 1057 3391 negotiantium
1088 3331 1257 3392 quam
1287 3313 1490 3393 populi
1522 3314 1804 3374 rationem
1832 3314 2168 3375 deduceret.

344 3397 828 3475 Spectaculorum
859 3406 916 3458 et
949 3398 1283 3458 assiduitate
1313 3405 1373 3456 et
1402 3398 1682 3459 varietate
1715 3408 1773 3459 et
1799 3397 2308 3477 magnificentia&

219 3494 418 3539 omnes
452 3482 791 3540 antecessit.
863 3480 1113 3543 Fecisse
1140 3499 1211 3543 se
1239 3480 1423 3542 ludos
1457 3482 1534 3541 ait
1562 3500 1676 3543 suo
1706 3484 1947 3545 nomine
1981 3486 2219 3561 quater,

216 3578 333 3639 pro
372 3563 523 3625 aliis
552 3564 1059 3643 ”inqiut-atibus,
1090 3565 1196 3645 qui
1225 3570 1337 3625 aut
1365 3562 1653 3626 abessent
1681 3572 1792 3626 aut
1819 3586 1944 3627 non
1975 3562 2218 3639 suffice-
