2700 4234
907 326 1325 374 PRAEFATIO.
1814 332 2011 379 LXVII

179 506 346 563 supra
392 489 430 543 Ρ
477 500 574 541 res
618 488 832 557 coynita
871 490 953 540 est
1001 486 1170 542 habet
1187 481 1280 561 ⁵⁹).
1378 487 1633 561 Apparet
1697 496 1831 562 puto
1884 492 2005 547 eius

179 573 326 629 modi
377 570 692 629 varietates
732 569 789 624 in
837 568 963 640 ipso
1013 570 1322 642 archetypo
1370 589 1401 627 a
1444 572 1697 629 librariis
1746 589 1876 630 esse
1919 574 2007 629 in·
2047 574 2052 589 “

179 662 396 712 ventas·

301 740 598 796 Postremo
633 735 788 793 vitiis
819 752 1042 807 quoque
1087 744 1144 792 et
1184 738 1401 794 lacunis
1430 738 1825 797 llenochianus
1858 741 2005 798 liber
2055 748 2299 795 Adnotatu,

180 830 478 895 corruptus
523 821 628 876 fuit
675 835 782 875 non
816 819 1030 891 paucis.
1120 819 1208 875 Ad
1239 838 1381 893 quae
1415 824 1664 879 tollenda
1710 825 2005 881 doctorum
2093 801 2259 843 “¹¹¹⁰‘’

176 908 460 963 hominum
498 903 765 960 iudicium
809 908 866 957 et
905 902 1178 959 divinatio
1225 905 1359 975 quid
1404 907 1673 977 valuerit,
1720 909 1864 964 haec
1906 910 2005 966 ad-

176 990 392 1047 notatio
424 988 679 1046 docebit:

296 1079 425 1144 257,
456 1078 490 1133 6
511 1073 609 1144 qui
635 1071 800 1127 iidem
831 1070 1146 1143 Stephanus
1179 1090 1282 1145 pro
1312 1075 1533 1145 quidem
1571 1069 1582 1152 Ι
1621 1081 1651 1136 7
1686 1077 2003 1133 adnotatum

179 1156 316 1213 Gud.
352 1164 410 1212 et
439 1155 750 1213 Beroaldus
781 1170 886 1227 pro
919 1156 998 1209 ad
1026 1162 1212 1211 notum
1235 1158 1326 1213 vel
1359 1163 1419 1212 al
1444 1164 1629 1214 nolum
1668 1153 1675 1236 Ι
1714 1167 1751 1220 8
1782 1161 2003 1216 Graeca

173 1242 520 1310 Bougarsius
558 1232 566 1317 Ι
606 1246 670 1297 21
710 1244 893 1293 tamen
923 1245 1053 1294 sunt
1083 1241 1276 1295 imitati
1306 1241 1491 1298 Berol.
1526 1244 1595 1299 ed
1609 1245 1750 1303 Ven.
1780 1247 2004 1300 imitatis

178 1324 408 1395 quidam
443 1324 582 1396 apud
596 1324 884 1393 Wolfium,
916 1322 994 1377 Th
1008 1322 1306 1380 Mommsen
1343 1318 1357 1399 Ι
1394 1331 1464 1385 28
1488 1326 1553 1381 L.
1578 1328 1763 1383 Aelius
1790 1328 2005 1400 Egger‚

176 1407 285 1465 sed
321 1408 424 1463 cfr.
445 1407 722 1463 Charisius
754 1423 810 1478 p.
836 1411 940 1466 114
975 1406 1030 1459 P.
1069 1398 1080 1480 Ι
1119 1414 1187 1466 28
1213 1407 1535 1481 Vectiusque
1559 1411 1650 1467 Iac
1664 1412 2005 1483 Gronovius,

186 1490 502 1565 Vettius-que
523 1489 956 1562 Oudendorpius
979 1506 1084 1563 pro
1123 1491 1339 1547 Vectius
1362 1492 1425 1559 Q.

303 1582 430 1646 258,
451 1582 486 1634 4
503 1589 780 1647 aenei-que
803 1573 954 1629 Leid.
987 1580 1044 1629 et
1067 1573 1264 1631 Carrio
1294 1593 1399 1649 pro
1427 1591 1598 1647 ρεπεν
1624 1578 1688 1644 Q.
1728 1572 1737 1655 Ι
1776 1580 2003 1639 6Prae·

172 1662 408 1716 conanus
441 1659 746 1716 Beroaldus
791 1674 896 1730 pro
930 1657 1303 1723 Praeconius,
1349 1660 1451 1715 cfr.
1491 1660 1701 1717 Plinius
1735 1679 1786 1716 n.
1836 1664 1891 1717 h.
1934 1670 2005 1722 33

172 1742 216 1817 ᾗ
253 1751 342 1806 29.
389 1749 458 1805 37
492 1740 536 1816 §
565 1748 615 1803 9.
674 1741 883 1798 Caesar
914 1742 968 1798 b.
1012 1741 1072 1796 G.
1106 1748 1160 1811 3,
1189 1748 1260 1801 20
1295 1735 1306 1821 Ι
1345 1749 1377 1803 7
1402 1742 1536 1799 Stilo
1567 1745 1751 1801 Berol.
1787 1752 1843 1800 ct
1874 1744 2000 1801 Ste-

174 1830 390 1902 phanus
421 1844 525 1899 pro
557 1826 712 1882 Istilo
748 1820 758 1901 Ι
795 1832 831 1885 8
867 1831 1051 1880 tantus
1085 1827 1272 1882 Berol.
1310 1828 1531 1883 edVeu.
1564 1844 1677 1884 mss
1696 1828 1859 1886 Statii
1895 1846 2001 1901 pro

175 1919 382 1969 tantum
421 1904 432 1990 Ι
468 1917 504 1971 8
545 1912 878 1982 optimatium
915 1909 1069 1965 Leid.
1101 1925 1206 1981 pro
1235 1914 1567 1983 optimatum,
1606 1913 1708 1967 cfr.
1742 1930 1798 1985 p.
1824 1920 1877 1983 3,
1908 1920 1993 1972 25.

173 2004 225 2066 6,
256 2002 344 2057 37.
391 2000 448 2066 7,
483 2002 569 2055 38.
613 2000 704 2064 42,
735 1998 805 2050 22
842 1986 851 2071 Ι
891 2000 925 2053 3
953 1992 1228 2048 Metellum
1257 2010 1389 2065 ego,
1425 1994 1489 2061 Q.
1514 1996 1791 2053 Metellum
1819 1996 2001 2053 Aldus

173 2096 275 2152 pro
316 2079 402 2135 M.
435 2078 710 2134 Metellum
747 2070 757 2154 Ι
812 2083 879 2137 13
919 2083 1282 2147 praemortua
1327 2080 1643 2151 Stephanus
1680 2097 1787 2153 pro
1820 2096 1998 2153 prae-

173 2166 374 2220 mortui
407 2154 422 2243 Ι
458 2168 527 2222 14
558 2160 799 2219 Posthac
830 2161 1131 2219 Gudianus.
1185 2161 1320 2219 Post
1345 2162 1514 2231 haec,
1544 2163 1833 2233 Posthac,
1866 2166 2003 2220 Post

171 2250 268 2303 hos
299 2246 512 2318 reliqui
551 2240 562 2323 Ι
599 2251 668 2304 14
697 2260 797 2300 ars
827 2245 1174 2317 Bongarsius
1211 2240 1220 2322 Ι
1262 2253 1330 2305 19
1350 2246 1585 2303 Laevius
1616 2246 1754 2303 Gud.
1799 2248 2003 2305 Levius

171 2333 355 2390 Berol.
415 2330 702 2397 Laeneus‚
731 2329 974 2393 Leneus,
1013 2328 1270 2385 Lenaeus
1300 2330 1523 2402 reliqui.
1592 2332 1796 2387 Cilnius
1825 2332 1998 2388 Grae·

174 2418 326 2490 vius,
359 2415 664 2470 Maecenas
695 2412 880 2469 Osann
931 2404 942 2491 Ι
991 2418 1060 2471 20
1092 2428 1321 2485 aqasma
1360 2409 1771 2489 (APACMA)
1801 2417 1998 2471 Baum-

170 2499 635 2571 garten-Crusius
675 2514 778 2570 pro
814 2513 1097 2568 ayacema.
1153 2484 1355 2572 ἄγημα
1383 2497 1596 2570 Aldus,
1636 2486 1875 2573 ἄγαλμα
1904 2501 1997 2555 lac

172 2584 524 2654 Gronovius,
569 2568 855 2655 ἀγάπημα
885 2582 1130 2653 'l'oupius
1185 2573 1196 2660 Ι
1246 2588 1311 2639 21
1354 2600 1389 2636 a
1421 2582 1649 2638 Calvisio
1686 2582 1889 2639 Sabino
1915 2586 1994 2639 Th

169 2668 490 2736 Mommsen,
521 2666 622 2721 cfr.
647 2666 860 2725 Seneca
893 2665 1058 2737 epist.
1088 2670 1178 2735 27,
1201 2672 1357 2725 5-8.
1402 2667 1473 2721 ab
1502 2666 1635 2723 Titio
1666 2668 1993 2735 Beroaldus,

170 2753 238 2807 ab
281 2750 349 2808 L.
387 2750 578 2807 Sextio
621 2749 1052 2821 Oudendorpius
1103 2742 1115 2826 Ι
1163 2754 1233 2809 23
1269 2752 1598 2806 conductum
1636 2754 1835 2807 multos
1865 2751 1995 2805 edo-

167 2836 352 2893 cuisse
393 2836 583 2892 Berol.
619 2836 690 2891 ed
717 2835 858 2889 Ven.
929 2833 1253 2888 conductum
1297 2840 1362 2887 ut
1406 2832 1544 2890 Gud.
1606 2832 1990 2891 Casauhonus.

163 2923 440 2978 Lacunam
469 2919 547 2975 ita
579 2919 702 2974 fere
726 2922 801 2973 lot
825 2919 1028 2973 annuis
1055 2916 1119 2973 L.
1145 2917 1337 2972 Titium
1370 2925 1422 2972 et
1446 2917 1663 2973 Romae
1695 2920 1829 2973 etin
1851 2933 1993 2987 pro-

163 3006 358 3062 vinciis
385 3005 581 3060 mullos
612 3003 894 3059 edocuisse
929 3002 1122 3072 explet
1145 3000 1222 3056 Th
1239 3001 1541 3057 Mommsen
1591 2992 1602 3080 Ι
1651 3007 1720 3062 26
1750 3002 1991 3057 Pescen-

163 3092 293 3145 nius
317 3087 524 3145 Osann.
573 3087 911 3143 Pescennius
931 3085 1086 3141 Leid.
1135 3082 1465 3141 Sescennius
1496 3084 1635 3141 Gud.
1676 3079 1686 3163 Ι
1725 3092 1791 3145 31
1823 3085 1994 3141 libello

164 3174 401 3245 quo-dam
423 3171 771 3243 Bongarsius
809 3162 820 3249 Ι
857 3173 925 3229 37
963 3168 1153 3223 Ticida
1185 3169 1338 3226 Leid.
1366 3177 1421 3225 et
1445 3169 1741 3239 Gyraldus.
1776 3168 1989 3241 Tiyida,

163 3257 392 3330 Rimata,
431 3254 626 3328 Siyida
663 3254 887 3325 reliqui.

264 3404 354 3467 52)
395 3402 549 3454 Adde
585 3418 637 3468 p.
680 3402 809 3463 259,
859 3400 893 3452 6
931 3403 1072 3453 titulo
1108 3408 1156 3451 et
1192 3404 1387 3463 titulos,
1442 3415 1493 3466 p.
1536 3400 1665 3463 260,
1706 3398 1773 3450 23
1805 3408 1859 3452 ut
1900 3400 1995 3451 hoc

161 3480 207 3523 et
239 3482 294 3523 ut
323 3474 423 3534 hic,
464 3487 519 3537 p.
557 3470 679 3532 264,
709 3471 776 3519 27
813 3472 994 3519 claruit
1027 3478 1076 3521 et
1110 3472 1361 3530 inclaruit,
1398 3470 1465 3521 37
1498 3471 1691 3533 parieti
1726 3475 1774 3519 et
1806 3472 1991 3532 perite,

156 3558 208 3607 p.
234 3542 357 3606 268,
397 3544 463 3594 14
487 3541 710 3591 Latinos
745 3546 794 3588 et
822 3540 1008 3589 Latine
1044 3536 1120 3600 χέ’·
1157 3555 1210 3605 p.
1241 3538 1361 3600 269,
1401 3538 1467 3589 35
1506 3539 1756 3604 synthesis
1786 3546 1835 3587 et
1868 3554 1991 3602 syn*

153 3614 300 3663 taxis
334 3620 431 3663 etc.

1646 3697 1674 3730 e
1692 3674 1721 3711 ιιι
