2700 4234
923 304 1018 351 ms
1050 302 1514 352 nnn‘romnus.
2100 293 2225 355 269

214 472 410 538 antea,
443 459 806 521 declamavit.
877 457 1149 535 Plerique
1185 466 1373 517 autem
1405 467 1697 517 oratorum
1736 461 1907 520 etiam
1936 459 2222 521 declama-

211 548 397 606 tiones
453 544 774 605 ediderunt.
855 542 1051 616 Quare
1107 558 1316 619 magno
1367 540 1557 603 studio
1603 540 1928 602 hominibus
1980 545 2221 621 iniecto,
2296 552 2303 559 '

210 646 417 705 magna
446 630 618 690 etiam
649 624 1048 705 professorum
1071 642 1141 685 ac
1165 624 1465 687 doctorum
1497 625 1773 703 profluxit
1808 629 1977 706 copia
1998 672 2016 703 ,
2049 626 2223 688 adeo-

211 730 321 791 que
353 712 582 789 floruit,
624 719 686 769 ut
717 709 977 769 nonnulli
1011 726 1088 769 ex
1119 709 1312 769 infima
1338 710 1572 770 fortuna
1607 710 1664 769 in
1694 709 1955 771 ordinem
1998 719 2225 771 senato-

169 812 190 851 s
213 797 355 857 rium
386 804 560 873 atque
589 793 663 855 ad
695 810 945 853 summos
975 792 1235 853 honores
1265 794 1685 871 processerint.

334 878 454 939 Sed
485 880 632 939 ratio
663 876 911 937 docendi
949 894 1062 937 nec
1103 894 1212 937 una
1252 877 1552 953 omnibus,
1592 895 1703 936 nec
1745 878 1989 956 singulis
2027 878 2227 940 eadem

208 982 441 1043 semper
474 963 612 1039 fnit,
649 960 876 1040 quando
905 962 1069 1020 vario
1100 959 1272 1021 modo
1305 962 1550 1039 quisque
1583 960 1903 1039 discipulos
1945 980 2225 1023 exercue-

207 1055 356 1108 runt.
411 1046 559 1106 Nam
590 1055 650 1106 et
678 1042 832 1106 dicta
867 1044 1168 1123 praeclare
1199 1062 1306 1123 per
1333 1062 1533 1105 omnes
1558 1044 1806 1123 figuras,
1840 1064 1947 1125 per
1978 1062 2149 1107 casus
2171 1055 2231 1105 et

213 1131 508 1212 apologos
553 1130 723 1190 aliter
763 1138 938 1207 atque
985 1127 1154 1187 aliter
1199 1146 1529 1207 exponere,
1589 1137 1649 1188 et
1700 1131 2063 1191 narrationes
2102 1147 2229 1190 cum

148 1229 196 1271 10
213 1216 472 1275 breviter
497 1232 566 1273 ac
594 1231 804 1293 presse
833 1222 948 1273 tum
977 1212 1145 1271 latius
1177 1219 1234 1273 et
1258 1212 1493 1273 uberius
1525 1212 1827 1292 explicare
1860 1221 2225 1281 consuerant3

211 1297 496 1359 interdum
537 1296 890 1359 Graecorum
937 1297 1156 1375 scripta
1211 1304 1593 1374 convertere,
1646 1314 1717 1356 ac
1768 1298 1931 1358 viros
1970 1296 2229 1356 illustres

213 1381 449 1443 laudare
492 1381 590 1440 vel
632 1382 994 1459 vituperare;
1055 1378 1332 1457 quaedam
1388 1382 1561 1439 etiam
1604 1379 1675 1439 ad
1716 1398 1875 1441 usum
1918 1381 2231 1441 communis

212 1468 363 1526 vitae
419 1466 678 1525 instituta
725 1473 840 1523 tum
893 1462 1055 1524 utilia
1096 1472 1155 1522 et
1197 1465 1564 1539 necessaria,
1620 1472 1735 1525 tum
1790 1466 2121 1543 perniciosa
2174 1475 2232 1526 et

216 1566 652 1629 supervacanea
685 1547 1028 1617 ostendere3
1065 1564 1246 1625 saepe
1274 1546 1489 1607 fabulis
1524 1546 1694 1607 fidem
1736 1550 1963 1609 firmare
2008 1560 2103 1610 aut
2132 1550 2228 1609 de-

157 1648 200 1689 15
217 1650 403 1711 mere,
449 1632 606 1711 quod
643 1649 830 1710 genus
872 1631 1056 1690 thesis
1099 1639 1157 1689 et
1199 1648 1518 1691 anasceuas
1550 1641 1607 1691 et
1650 1641 1989 1692 catasceuas
2022 1632 2229 1693 Graeci

218 1726 460 1785 vocaut;
497 1716 690 1777 donec
720 1716 936 1775 sensim
964 1714 1115 1774 haec
1144 1714 1563 1793 exoleverunt,
1596 1724 1655 1775 et
1677 1714 1749 1775 ad
1774 1719 2231 1779 controversiam

221 1811 446 1861 ventum
479 1809 590 1859 est.

338 1887 596 1945 Veteres
632 1884 1070 1943 controversiae
1106 1891 1198 1942 aut
1241 1900 1318 1941 ex
1344 1882 1603 1943 historiis
1634 1882 2037 1960 trahebantur,
2084 1886 2234 1943 sicut

221 1987 356 2028 sane
394 1966 706 2028 nonnullae
744 1984 930 2045 usque
973 1964 1187 2043 adhuc,
1231 1975 1327 2027 aut
1372 1984 1449 2026 ex
1484 1968 1733 2027 veritate
1772 1985 1843 2027 ac
1884 1986 1985 2044 re,
2028 1970 2076 2027 si
2121 1986 2232 2048 qua

161 2068 206 2108 πο
225 2053 373 2111 forte
405 2068 618 2111 recens
651 2049 993 2119 accidisset;
1028 2051 1224 2128 itaque
1245 2050 1513 2110 locorum
1541 2053 1712 2111 etiam
1742 2051 2233 2131 appellationibus

223 2135 424 2196 additis
472 2136 722 2215 proponi
767 2134 1056 2195 solebant.
1132 2134 1232 2193 Sic
1275 2144 1436 2194 certe
1484 2134 1771 2195 collectae
1814 2134 2122 2213 editaeque
2166 2154 2232 2194 se

223 2219 462 2297 habent,
516 2238 592 2279 ex
621 2218 827 2298 quibus
856 2236 974 2277 non
1006 2218 1256 2278 alienum
1282 2219 1457 2279 fuerit
1480 2236 1649 2279 unam
1682 2228 1742 2277 et
1770 2218 2009 2278 alteram
2040 2236 2233 2279 exem·

225 2304 302 2383 pli
333 2321 514 2365 causa
550 2303 620 2363 ad
653 2303 890 2362 verbum
914 2303 1160 2362 referre.

343 2386 599 2449 Aestivo
643 2393 918 2465 tempore
961 2386 1383 2447 adolescentes
1410 2384 1643 2447 urbam·
1682 2403 1817 2446 cum
1850 2380 2089 2446 Ostiam
2131 2401 2231 2443 oe-

163 2480 210 2521 25
227 2471 494 2548 nitescat,
541 2471 688 2533 litus
731 2470 1026 2550 ingressi,
1069 2470 1424 2547 piscatores
1452 2469 1766 2531 trahentes
1791 2475 1923 2530 rete
1952 2468 2241 2528 adierunt

229 2561 283 2614 et
303 2556 706 2635 pepigerunt,
742 2552 948 2615 bolum
979 2554 1197 2634 quanti
1227 2561 1533 2625 emerent,·
1573 2571 1851 2615 nummos
1880 2551 2197 2615 solverunt
2210 2576 2237 2621 ‚-

229 2638 332 2699 diu
371 2645 890 2717 eoepectaoerunt,
940 2637 1082 2697 dum
1128 2639 1292 2699 retia
1331 2638 1806 2701 extraherentur
1816 2663 1848 2711 ,·
1896 2636 2237 2718 aliquando

231 2722 562 2798 extractis,
623 2722 821 2801 piscis
870 2722 1078 2783 nullus
1121 2719 1330 2802 affuit,
1383 2723 1499 2783 sed
1533 2731 1755 2801 sporta
1812 2722 1957 2783 auri
1994 2719 2235 2781 obsuta.

237 2806 381 2867 Tum
411 2812 723 2885 emptores
756 2805 959 2867 bolum
987 2824 1164 2867 suum
1195 2807 1400 2882 aiunt,
1426 2807 1784 2885 piscatores
1813 2822 2009 2865 suum.

167 2896 214 2937 ³0
369 2888 648 2951 Venalici
675 2908 809 2951 cum
830 2888 1152 2950 Brundusi
1174 2908 1421 2969 qreqem
1444 2890 1753 2951 venalium
1783 2908 1817 2949 e
1842 2889 1995 2949 navi
2020 2887 2233 2949 educe·

227 2981 392 3051 rent,
420 2972 703 3053 formoso
735 2980 797 3035 et
815 2974 1092 3051 pretioso
1116 2992 1346 3051 puero,
1380 2974 1548 3055 quod
1568 2974 1907 3052 portitores
1941 2970 2238 3033 vereban-

231 3064 360 3134 tur,
407 3058 642 3119 bullam
670 3065 729 3118 et
746 3064 1142 3136 praetextam
1171 3064 1377 3136 toyam
1404 3058 1865 3137 imposuerunt;
1891 3055 2085 3136 facile
2116 3053 2241 3134 fal-

233 3141 462 3203 laciam
495 3142 796 3204 celarunt.
850 3141 1112 3202 Romam
1144 3142 1418 3219 venitur,
1450 3160 1556 3204 res
1586 3142 1833 3220 cognita
1856 3148 1981 3217 est,
2016 3140 2248 3218 petitur

231 3243 424 3304 puer,
476 3225 642 3306 quod
691 3225 925 3287 domini
965 3226 1278 3287 voluntate
1317 3224 1511 3305 fuerit
1548 3225 1737 3302 liber,
1774 3226 1842 3286 in
1884 3224 2243 3288 libertatem.

173 3308 388 3371 ”Olim
440 3320 629 3371 autem
678 3328 779 3371 eas
825 3310 1252 3390 appellationes
1300 3309 1527 3371 Graece
1584 3309 1877 3387 synthesis
1933 3309 2243 3380 vocabant;

240 3411 376 3455 mox
404 3395 837 3454 controversias
867 3390 1140 3473 quidem,
1174 3393 1280 3454 sed
1319 3403 1415 3455 aut
1443 3396 1606 3455 fictas
1639 3404 1734 3455 aut
1767 3393 2089 3456 iudiciales.

360 3476 625 3537 Illustres
644 3478 1038 3557 professores,
1069 3487 1127 3537 et
1152 3494 1395 3555 quorum
1416 3481 1691 3539 memoria
1714 3479 1905 3559 aliqua
1926 3487 2107 3555 extet,
2132 3494 2247 3537 non

240 3569 459 3621 temere
487 3560 585 3622 alii
613 3563 980 3642 reperientur
1009 3579 1177 3641 quam
1213 3561 1284 3621 de
1317 3562 1525 3639 quibus
1550 3562 1785 3623 tradam.
