2700 4234
0 1167 12 1249 l

984 308 1192 356 mvus
1230 308 1484 356 lomus,
2164 298 2246 359 29

233 467 457 527 Romae
490 479 617 522 cum
646 460 980 539 ingentibus
1017 464 1185 521 minis
1214 480 1551 543 summoque
1581 465 1754 524 etiam
1780 462 1940 523 urbis
1979 461 2246 542 periculo

234 551 572 609 missionem
625 554 683 605 et
731 548 987 623 praemia
1038 546 1400 635 flagitantes,
1461 547 1704 607 ardente
1751 556 1888 606 tunc
1936 548 1996 605 in
2044 545 2250 605 Africa

232 634 427 709 bello,
466 648 657 710 neque
707 628 869 717 adire
920 638 1219 689 cunctatus
1263 639 1383 707 est,
1440 648 1776 710 quamquam
1819 630 2248 691 deterrentibus

234 718 469 795 amiciS,
500 732 691 793 neque
723 708 1323 783 dimittere'{‘”'sed'”u'na
1355 731 1540 791 voce,
1573 733 1684 794 qua
1709 716 1966 797 Quirites
1999 732 2106 774 eos
2138 730 2246 793 pro

192 800 510 865 smilitibus
563 796 913 877 appellarat,
956 806 1071 857 tam
1121 797 1299 859 facile
1348 800 1692 877 circumegit
1745 808 1804 858 et
1852 798 2049 875 flexit,
2089 807 2152 857 ut
2194 798 2250 857 ei

234 887 447 946 milites
500 898 637 941 esse
680 880 989 941 confestim
1028 881 1440 961 responderint
1479 893 1538 943 et
1584 885 1842 962 quamvis
1883 891 2250 943 recusantem

234 972 387 1031 ultro
427 969 488 1027 in
518 965 781 1025 Africam
820 966 935 1025 sint
974 968 1190 1035 secuti;
1230 983 1301 1025 ac
1344 968 1432 1026 sic
1474 984 1708 1046 quoque
1747 966 2249 1028 seditiosissimum

236 1069 522 1133 quemque
554 1058 613 1109 et
646 1048 900 1129 praedae
932 1058 992 1109 et
1021 1052 1147 1127 agri
1178 1049 1446 1111 destinati
1477 1052 1650 1111 tertia
1677 1060 1844 1129 parte
1871 1050 2151 1127 multavit.

364 1134 623 1196 Studium
648 1141 707 1192 et
736 1132 881 1193 (ides
905 1150 1061 1231 EQ„
1081 1134 1309 1213 clientis
1336 1153 1412 1194 ne
1441 1137 1635 1195 iuveni
1665 1118 2246 1214 quideffluerunt.
2263 1140 2328 1196 71

170 1245 219 1285 ιο
237 1218 579 1281 Masintham
619 1215 878 1279 nobilem
920 1235 1218 1293 iuvenem,
1260 1236 1388 1277 cum
1425 1217 1705 1279 adversus
1733 1217 2126 1297 Hiempsalem
2157 1234 2247 1276 re-

238 1322 378 1382 gem
404 1311 519 1362 tam
546 1304 717 1361 enixe
747 1300 1108 1362 defendisset
1134 1311 1197 1361 ut
1222 1302 1402 1363 Iubae
1430 1305 1594 1380 regis
1627 1302 1748 1363 filio
1777 1305 1836 1361 in
1865 1302 2248 1363 altercatione

237 1387 477 1448 barbam
526 1387 829 1463 invaserit,
890 1385 1323 1464 stipendiarium
1384 1403 1616 1465 quoque
1675 1388 2132 1465 pronuntiatum,
2192 1393 2252 1443 et

236 1468 702 1533 abstrahentibus
754 1470 945 1529 statim
992 1471 1203 1550 eripuit
1254 1470 1683 1549 occultavitque
1745 1470 1896 1549 apud
1943 1488 2010 1529 se
2051 1469 2146 1530 diu
2191 1476 2252 1528 et

234 1573 404 1631 mox,
467 1572 543 1614 ex
594 1562 861 1633 praetura
911 1554 1299 1633 proficiscens
1340 1555 1399 1613 in
1439 1554 1802 1633 Hispaniam,
1849 1556 2000 1614 inter
2051 1554 2246 1613 officia

166 1662 218 1703 15
238 1640 715 1727 Q
743 1638 1055 1716 fascesque
1082 1638 1349 1698 lictorum
1383 1638 1594 1697 lectica·
1623 1644 1729 1697 sua
1754 1639 1970 1697 avexit.

231 1730 242 1745 ‘
364 1724 607 1800 Amicos
648 1730 804 1784 tanta
850 1738 1084 1801 semper
1121 1722 1400 1783 facilitate
1441 1721 1913 1801 indulgentiaque
1955 1722 2244 1798 tractavit,
2263 1734 2332 1789 72

234 1818 296 1869 ut
335 1799 1063 1885 QQQppifflcomitanti
1106 1823 1175 1865 se
1221 1824 1329 1885 per
1375 1806 1650 1865 silvestre
1692 1807 1806 1866 iter
1853 1812 2246 1884 correptoque

237 1892 427 1951 subita
458 1890 773 1950 valitudine
811 1889 1221 1950 deversoriolo
1257 1907 1364 1968 eo,
1406 1889 1562 1969 quod
1592 1908 1760 1950 unum
1796 1899 1954 1966 erat,
2001 1890 2249 1948 cesserit

239 1984 301 2035 et
327 1976 456 2053 ipse
488 1972 638 2055 humi
671 1992 741 2033 ac
770 1973 875 2032 sub
906 1972 1040 2033 divo
1074 1974 1355 2035 cubuerit.
1431 1974 1550 2035 Iam
1590 1984 1778 2035 autem
1813 1990 2006 2034 rerum
2033 1980 2246 2052 potens

166 2085 217 2125 20
239 2058 519 2140 quosdam
566 2058 735 2117 e'tiam
778 2058 953 2116 infimi
1000 2060 1236 2135 generis
1278 2058 1349 2119 ad
1383 2058 1770 2137 amplissimos
1810 2059 2070 2119 honores
2110 2074 2246 2137 pro·

235 2144 427 2220 vexit,
460 2160 586 2202 cum
623 2140 701 2201 oh
738 2141 795 2201 id
826 2140 1187 2221 culparetur,
1232 2142 1538 2222 professus
1564 2142 1782 2221 palam,
1827 2142 1887 2202 si
1917 2148 2243 2220 yrassato-

234 2245 374 2288 rum
402 2232 463 2287 et
489 2225 865 2309 sicariorum
898 2243 1016 2303 ope
1047 2226 1113 2286 in
1145 2225 1376 2287 tuenda
1403 2242 1524 2286 sua
1552 2226 1852 2305 diynitate
1880 2242 2034 2285 usus
2065 2232 2245 2301 esset,

236 2310 472 2381 talibus
500 2327 740 2390 quoque
778 2327 847 2369 se
873 2326 1099 2388 parem
1128 2310 1402 2389 qratiam
1428 2310 1789 2371 relaturum.

366 2393 699 2455 Simultates
731 2402 933 2453 contra
961 2393 1147 2454 nullas
1188 2403 1300 2454 tam
1338 2395 1557 2471 graves
1587 2395 1825 2472 excepit
1865 2410 2139 2471 unquam,
2187 2400 2333 2456 ut73

166 2495 217 2537 25
238 2496 357 2539 non
398 2478 716 2538 occasione
762 2477 957 2539 oblata
983 2478 1173 2539 libens
1216 2477 1561 2557 deponeret.
1649 2477 1752 2539 Gai
1773 2478 2008 2561 ssllfflssmf
2025 2522 2056 2553 ,‚
2087 2476 2248 2536 cuius
2316 2466 2357 2523 L

238 2563 578 2643 asperrimis
624 2561 981 2621 orationibus
1029 2580 1147 2621 non
1185 2564 1409 2639 minore
1461 2560 1783 2636 acerbitate
1836 2562 2247 2641 rescripserat,

239 2650 414 2707 etiam
465 2646 819 2723 suffragator
867 2662 1005 2705 mox
1056 2648 1115 2706 in
1166 2648 1449 2725 petitione
1503 2646 1838 2731 consulatus
1889 2646 2014 2725 fuit.
2103 2644 2246 2705 Gaio

241 2730 427 2804 Galli.)
458 2738 597 2809 post
626 2721 847 2791 famosa
878 2732 1293 2808 epigrammata
1336 2729 1409 2789 de
1448 2724 1930 2790 reconciliat-ione
1971 2746 2080 2807 per
2114 2729 2248 2789 ami·

242 2832 347 2875 cos
376 2815 573 2894 agenti
602 2813 755 2874 ultro
785 2832 854 2873 ac
882 2816 1047 2892 prior
1080 2816 1333 2894 scripsit.
1392 2814 1688 2875 Valerium
1721 2811 2034 2896 Cffllumv
2066 2829 2100 2872 a
2135 2830 2248 2891 quo

168 2899 355 2959 aosibi
398 2898 705 2957 versiculis
748 2897 821 2957 de
862 2898 1145 2980 ῥῖψα
1185 2906 1471 2977 perpetua
1515 2898 1782 2974 stigmata
1826 2897 2094 2975 imposita
2133 2911 2250 2955 non

240 2980 734 3058 dissimulaverat,
778 2983 919 3042 satis
962 2982 1273 3043 facientem
1324 2981 1529 3042 eadem
1583 2980 1677 3042 die
1725 2979 1980 3041 adhibuit
2032 2997 2266 3055 caenae,-

238 3066 618 3145 hospitioque
668 3068 851 3146 patris
896 3066 1053 3142 eius,
1098 3068 1247 3126 sicut
1300 3074 1643 3151 consuerat,
1695 3068 1775 3125 uti
1826 3058 2247 3143 perseveravit.

242 3151 361 3211 Sed
403 3157 463 3209 et
515 3151 575 3208 in
624 3149 963 3210 ulciscendo
1012 3146 1616 3225 natura‘lenissimus,
1666 3151 1916 3229 piratas,
1967 3166 2000 3211 a
2043 3148 2247 3227 quibus
2264 3162 2336 3217 74

244 3244 448 3313 captus
474 3242 598 3311 est,
642 3252 769 3294 cum
808 3236 866 3294 in
894 3233 1185 3293 dicionem
1214 3234 1579 3311 redegisset,
1616 3235 1884 3313 quoniam
1915 3232 2250 3293 suffixurum

170 3331 311 3379 asse
356 3320 518 3378 cruci
548 3326 683 3378 ante
720 3320 1041 3394 iuraverat,
1082 3318 1328 3395 iugulari
1357 3320 1517 3397 prius
1553 3320 1748 3395 iussit,
1785 3317 1992 3378 deinde
2023 3318 2245 3395 suffigi;

246 3399 528 3463 Cornelio
555 3400 869 3481 Phagitae,
914 3402 1073 3461 cuius
1114 3402 1401 3482 quondam
1439 3412 1752 3463 nocturnas
1794 3402 2030 3463 insidias
2065 3419 2250 3479 aeger

244 3503 314 3546 ac
339 3486 563 3563 latens,
595 3504 671 3545 ne
702 3486 1120 3566 perduceretur
1148 3486 1219 3547 ad
1249 3486 1494 3563 Sullam,
1527 3489 1627 3547 vix
1658 3486 1918 3566 praemio
1950 3486 2084 3546 dato
2115 3496 2245 3545 eva-

246 3579 435 3649 serat,
478 3584 781 3649 numquam
824 3586 1043 3630 nocere
1086 3572 1354 3631 sustinuit
1367 3594 1382 3641 ;
1429 3570 1822 3631 Philemonem
1855 3589 1889 3632 a
1917 3587 2086 3629 manu
2125 3584 2246 3626 ser-
