2700 4234
497 353 623 416 228
672 363 732 412 c.
758 361 1063 412 sumom
1087 359 1343 420 TRANQ.
1369 361 1466 408 nn
1497 360 1661 408 vrrs
1689 359 2060 410 cAEsanmr
2088 361 2228 410 mn.
2257 363 2408 414 vm.

619 517 792 597 Apud
814 516 1084 577 Iudaeam
1108 513 1360 576 Carmeli
1385 515 1480 576 dei
1508 515 1805 576 oraculum
1828 515 2227 576 consulentem
2252 518 2332 577 ita
2361 534 2492 577 con-

500 605 805 664 firmavere
838 609 1027 661 sortes
1046 645 1065 677 ,
1112 608 1175 659 ut
1217 598 1491 678 quidquid
1531 601 1822 677 cogitaret
1856 598 2248 677 volveretque
2281 603 2492 678 animo,

503 685 816 767 quamlibet
847 701 1149 762 magnum,
1193 682 1251 742 id
1299 697 1434 743 esse
1476 691 1888 762 proventurum
1937 682 2386 762 pollicerentur;
2436 696 2494 744 et

500 789 645 831 unus
675 786 753 829 ex
780 767 1077 828 nobilibus
1112 768 1357 847 captivis
1394 765 1679 845 Iosepus,
1723 783 1851 826 cum
1901 768 2235 827 coiceretur
2275 769 2333 827 in
2372 770 2490 828 vin·

504 854 654 930 cula,
690 852 1155 912 constantissime
1186 853 1550 911 asseveravit
1577 850 1709 911 fore
1739 858 1801 909 ut
1839 847 1914 910 ab
1947 849 2154 911 eodem
2185 849 2353 910 brevi
2377 852 2489 911 sol·
2509 875 2534 915 5

501 945 771 1013 veretur,
818 953 1019 995 verum
1064 937 1173 996 iam
1218 935 1590 1013 imperatore.
1658 932 2078 995 Nuntiabantur
2121 942 2182 994 et
2228 952 2304 994 ex
2351 934 2488 994 urbe

502 1021 835 1102 praesagia,
863 1018 1158 1080 Neronem
1188 1017 1392 1078 diebus
1422 1017 1632 1078 ultimis
1661 1018 1933 1078 monitum
1967 1035 2078 1097 per
2106 1019 2388 1097 quietem,
2433 1027 2491 1078 ut

501 1115 727 1166 tensam
754 1101 913 1164 Iovis
937 1102 1148 1182 Optimi
1177 1100 1412 1162 Maximi
1442 1119 1475 1160 e
1513 1103 1775 1162 sacrario
1806 1102 1864 1161 in
1893 1099 2122 1161 domum
2144 1102 2488 1181 Vespasiani

500 1198 559 1249 et
586 1185 720 1248 inde
745 1188 803 1247 in
832 1189 1047 1247 circum
1075 1185 1419 1256 deduceret;
1467 1203 1538 1248 ac
1567 1203 1685 1248 non
1708 1186 1897 1248 -multo
1927 1196 2094 1266 post,
2129 1189 2358 1248 comitia
2399 1205 2488 1247 se-

501 1271 668 1333 cundi
708 1270 1036 1330 consulatus
1068 1273 1301 1330 ineunte
1332 1269 1544 1347 Galba,
1579 1279 1822 1333 statuam
1851 1269 1985 1332 Divi
2023 1270 2130 1332 Iuli
2171 1272 2244 1333 ad
2288 1271 2487 1332 Orien·
2511 1295 2561 1336 10

497 1366 614 1417 tem
637 1363 848 1435 sponte
871 1371 1243 1424 conversam3
1277 1356 1522 1434 acieque
1543 1351 1923 1433 Betriacensi,
1955 1357 2117 1435 prius
2139 1373 2308 1436 quam
2335 1375 2488 1419 com-

496 1441 839 1515 mitteretur,
870 1437 1015 1498 duas
1044 1439 1273 1518 aquilas
1303 1440 1362 1500 in
1387 1449 1710 1520 conspectu
1732 1441 1981 1500 omnium
2011 1439 2374 1519 conflixisse,
2407 1443 2491 1501 vi-

499 1531 714 1602 ctaque
740 1521 925 1582 altera
953 1524 1370 1601 supervenisse
1399 1524 1626 1584 tertiam
1653 1523 1725 1584 ab
1761 1524 1904 1585 solis
1934 1533 2140 1584 exortu
2183 1543 2254 1586 ac
2297 1526 2492 1586 victri-

322 1594 328 1598 ’
438 1615 626 1669 ficem
656 1605 955 1683 abegisse.
1033 1606 1162 1669 Nec
1198 1617 1389 1668 tamen
1419 1608 1723 1686 quicquam
1761 1617 1892 1669 ante
1928 1611 2262 1687 temptavit,
2298 1626 2490 1690 prom-

499 1692 773 1772 ptissimis
806 1699 977 1771 atque
1008 1693 1179 1753 etiam
1212 1691 1557 1752 instantibus
1584 1693 1735 1769 suis,
1770 1709 1940 1771 quam
1970 1692 2318 1753 sollicitatus
2347 1711 2562 1772 quo-15

497 1775 733 1838 rundam
766 1784 827 1836 et
854 1777 1189 1852 ignotorum
1225 1784 1282 1834 et
1312 1774 1632 1835 absentium
1661 1775 1902 1836 fortuito
1933 1775 2157 1837 favore.

621 1861 903 1922 Moesiaci
933 1861 1226 1920 exercitus
1258 1858 1388 1919 bina
1423 1878 1457 1918 e
1490 1859 1674 1919 trihus
1715 1859 2044 1936 legionibus
2089 1859 2274 1937 milia,
2315 1862 2493 1922 missa

497 1944 713 2005 auxilio
746 1941 977 2019 Othoni,
1010 1952 1317 2022 postquam
1348 1943 1636 2020 ingressis
1666 1944 1777 2003 iter
1799 1945 2110 2004 nuntiatum
2138 1952 2247 2020 est,
2277 1945 2493 2005 victum

496 2045 628 2088 eum
655 2044 726 2087 ac
756 2026 869 2084 vim
898 2026 1052 2085 vitae
1088 2025 1229 2086 suae
1259 2026 1559 2104 attulisse,
1599 2027 1779 2087 nihilo
1813 2027 1992 2086 setius
2020 2026 2348 2105 Aquileiam
2397 2047 2490 2088 us-

497 2129 611 2190 que
659 2119 1227 2191 perseveraverunt,
1286 2111 1451 2189 quasi
1490 2113 1706 2171 rumori
1749 2111 1932 2170 minus
1975 2109 2301 2172 crederent.
2399 2110 2568 2171 Ibiao

496 2213 605 2274 per
634 2194 1008 2254 occasionem
1037 2212 1106 2254 ac
1128 2193 1419 2255 licentiam
1443 2197 1594 2254 omni
1622 2197 1948 2273 rapinarum
1971 2211 2194 2271 genere
2216 2197 2494 2272 grassati,

498 2296 625 2339 cum
654 2279 922 2338 timerent
968 2296 1040 2338 ne
1082 2277 1192 2338 sibi
1240 2281 1498 2338 reversis
1545 2277 1841 2338 reddenda
1883 2279 2030 2338 ratio
2079 2295 2150 2338 ac
2192 2277 2496 2338 subeunda

496 2379 687 2442 poena
717 2370 909 2437 esset,
943 2362 1247 2422 consilium
1276 2362 1524 2421 inierunt
1551 2360 1804 2439 eligendi
1849 2360 2200 2440 creandique
2243 2362 2495 2441 impera·

492 2448 667 2515 toris;
715 2462 908 2524 neque
950 2447 1099 2505 enim
1142 2445 1470 2506 deteriores
1510 2463 1644 2505 esse
1687 2454 1781 2505 aut
1809 2444 2180 2524 Hispaniensi
2225 2447 2496 2505 exercitu

494 2531 591 2607 qui
622 2527 881 2604 Galbam,
916 2536 1014 2588 aut
1044 2530 1418 2608 praetoriano
1457 2531 1553 2608 qui
1584 2529 1886 2606 Othonem,
1924 2537 2021 2588 aut
2046 2527 2492 2591 Germaniciano
2514 2551 2574 2592 25

493 2613 591 2692 qui
622 2611 921 2672 Vitellium
950 2610 1251 2672 fecissent.
1325 2612 1650 2692 Propositis
1682 2615 1876 2692 itaque
1907 2612 2231 2673 nominibus
2261 2612 2494 2690 legato-

490 2713 616 2755 rum
653 2694 1061 2771 consularium,
1096 2704 1239 2775 quot
1268 2695 1481 2776 ubique
1513 2706 1649 2756 tunc
1681 2705 1868 2773 erant,
1903 2715 2030 2757 cum
2061 2706 2293 2757 ceteros
2313 2697 2498 2758 alium

492 2778 603 2839 alia
632 2778 707 2838 de
740 2795 913 2838 causa
942 2779 1374 2858 improbarent,
1413 2789 1472 2840 et
1501 2779 1726 2858 quidam
1753 2799 1785 2840 e
1819 2781 2056 2856 legione
2089 2782 2289 2857 tertia,
2337 2798 2497 2858 quae

490 2861 597 2922 sub
632 2863 790 2923 exitu
815 2861 1071 2923 Neronis
1099 2863 1375 2926 translata
1415 2881 1490 2924 ex
1521 2864 1688 2939 Syria
1718 2863 1776 2923 in
1804 2863 2084 2924 Moesiam
2113 2863 2334 2940 fuerat,
2367 2866 2496 2925 Ve-

490 2949 822 3026 spasianum
856 2945 1121 3007 laudibus
1152 2948 1396 3024 ferrent,
1430 2965 1739 3008 assensere
1774 2947 1966 3008 cuncti
1994 2963 2322 3027 nomenque
2357 2949 2493 3008 eius
2517 2969 2582 3012 ao

491 3030 723 3092 vexillis
762 3030 1026 3090 omnibus
1068 3031 1193 3091 sine
1238 3048 1400 3091 mora
1442 3032 1880 3110 inscripserunt.
1956 3029 2032 3092 Et
2074 3039 2210 3091 tunc
2253 3030 2495 3109 quidem

490 3131 829 3193 compressa
856 3132 955 3174 res
984 3123 1094 3190 est,
1130 3115 1428 3174 revocatis
1459 3113 1530 3174 ad
1558 3115 1812 3175 officium
1854 3116 2106 3175 numeris
2137 3117 2493 3194 parumper.

490 3195 760 3258 Ceterum
790 3197 1089 3275 divulgato
1119 3198 1301 3275 facto,
1333 3197 1602 3258 Tiberius
1638 3197 1978 3260 Alexander
2005 3197 2339 3279 praefectus
2363 3199 2495 3258 Ae-

485 3283 652 3359 gypti
690 3282 905 3359 primus
934 3283 991 3341 in
1024 3280 1208 3342 verba
1230 3282 1583 3361 Vespasiani
1611 3282 1880 3360 legiones
1911 3281 2108 3359 adegit
2127 3281 2221 3341 Kl.
2248 3279 2354 3341 Iul.
2385 3284 2500 3360 qui

488 3365 843 3442 principatus
882 3362 1007 3424 dies
1040 3366 1098 3424 in
1123 3371 1423 3444 posterum
1448 3364 1794 3426 observatus
1819 3374 1926 3426 est.
1976 3364 2245 3426 Iudaicus
2269 3364 2496 3426 deinde
2517 3382 2590 3425 3⁵

486 3447 780 3505 exercitus
809 3448 885 3506 V.
915 3444 1051 3506 Idus
1076 3446 1184 3508 Iul.
1219 3449 1373 3528 apud
1403 3450 1589 3528 ipsum
1620 3450 1846 3510 iuravit.

616 3528 922 3587 Plurimum
954 3533 1183 3609 coeptis
1216 3533 1583 3592 contulerunt
1611 3535 1879 3594 iactatum
1923 3533 2223 3612 exemplar
2267 3531 2495 3610 epistu-

484 3608 577 3667 lae
602 3629 781 3672 verae
810 3613 936 3671 sive
967 3612 1151 3673 falsae
1191 3613 1448 3675 defuncti
1485 3615 1728 3678 Othonis
1769 3623 1839 3679 ad
1879 3617 2336 3696 Vespasianum,
2382 3632 2496 3676 ex·-
