2700 4234
492 263 617 327 248
650 277 709 327 ο.
741 277 1041 326 ΒΌῈΤΟΝΙ
1075 277 1331 338 Tmo.
1363 278 1460 326 DE
1488 279 1653 327 vrrs
1699 276 2066 326 caussam:
2094 278 2236 328 Lm.
2265 279 2411 328 vm.

490 440 777 511 nataeque
819 431 1119 492 saevitiae.
1182 432 1466 494 Actorem
1513 450 1854 494 summarum
1899 431 2084 512 pridie
2125 451 2297 512 quam
2327 436 2481 496 cruci

488 517 701 592 figeret
740 517 798 574 in
840 515 1163 577 cubiculum
1204 519 1477 594 vocavit,
1523 515 1785 577 assidere
1823 516 1880 575 iu
1909 524 2042 576 toro
2071 517 2228 578 iuxta
2267 520 2481 596 coegit,

490 617 759 659 securum
790 598 1149 678 hilaremque
1184 598 1427 676 dimisit,
1475 598 1730 680 partibus
1766 601 1938 660 etiam
1968 598 2041 659 de
2073 601 2478 678 caena-digna-

488 691 581 742 tus
612 690 719 742 est.
765 681 1108 743 Arrecinum
1138 681 1497 744 Clementem
1525 681 1924 760 consularem,
1947 699 2116 742 unum
2139 701 2173 744 e
2196 684 2478 746 familiari·

490 764 599 825 bns
638 774 697 824 et
727 765 1042 826 emissariis
1074 765 1222 843 suis,
1262 767 1472 845 capitis
1503 764 2014 842 condemnaturus,
2067 768 2124 825 in
2152 766 2356 829 eadem
2386 768 2477 828 vel
2500 790 2525 830 s

491 851 663 909 etiam
694 851 913 910 maiore
942 851 1131 925 gratia
1158 849 1386 927 habuit,
1420 848 1611 930 quoad
1645 850 1962 910 novissime
2007 850 2174 910 simul
2206 854 2474 928 gestanti,

492 941 815 1011 conspecto
849 931 1113 993 delatore
1144 934 1297 1010 eius,
1338 929 1442 993 Vis
1472 933 1656 1011 inquit
1692 933 1854 994 hunc
1890 932 2328 1013 nequissimum
2354 952 2473 996 ser-

488 1033 629 1077 vum
662 1033 811 1077 cras
846 1015 1221 1078 audiamus?

660 1099 737 1160 Et
760 1118 875 1179 quo
908 1102 1289 1180 contemptius
1314 1098 1652 1159 abuteretur
1680 1102 1954 1180 patientia
1977 1100 2294 1178 hominum,
2326 1118 2475 1160 num-

490 1203 659 1265 quam
691 1185 1003 1245 tristiorem
1040 1185 1381 1244 sententiam
1411 1183 1538 1243 sine
1569 1183 1932 1263 praefatione
1972 1184 2313 1246 clementiae
2343 1201 2474 1262 pro·
2497 1203 2544 1245 ιο

488 1269 797 1344 nuntiavit,
828 1277 888 1326 ut
916 1285 1032 1327 non
1060 1265 1213 1328 aliud
1240 1269 1351 1328 iam
1379 1269 1593 1327 certius
1621 1271 1838 1329 atrocis
1857 1269 2046 1329 exitus
2073 1271 2300 1345 signum
2325 1275 2478 1328 esset

489 1369 657 1430 quam
700 1351 972 1430 principii
1010 1349 1239 1411 lenitas.
1302 1350 1598 1426 Quosdam
1638 1352 1952 1413 maiestatis
1991 1369 2131 1412 reos
2173 1352 2232 1411 in
2264 1352 2478 1412 curiam

484 1434 820 1511 induxerat,
879 1443 938 1494 et
998 1453 1124 1509 cum
1176 1434 1601 1517 praedixisset,
1653 1441 2054 1516 experturum
2099 1453 2170 1496 se
2218 1435 2332 1496 illa
2381 1435 2480 1494 die
2571 1489 2597 1516 ³

476 1535 672 1599 quam
704 1535 899 1580 carus
928 1519 1177 1580 senatui
1210 1525 1400 1595 esset,
1437 1519 1612 1580 facile
1650 1520 1984 1600 perfecerat
2013 1527 2074 1580 ut
2102 1520 2278 1580 etiam
2317 1534 2478 1579 more

484 1603 759 1663 maiorum
782 1601 1053 1683 puniendi
1080 1602 1634 1673 condemnarentur;
1673 1603 1882 1664 deinde
1913 1605 2218 1664 atrocitate
2248 1620 2476 1683 poenae
2498 1611 2546 1653 1⁵

488 1689 868 1765 conterritus,
916 1686 989 1746 ad
1036 1687 1360 1748 leniendam
1400 1686 1704 1764 invidiam,
1746 1688 2080 1771 intercessit
2120 1685 2212 1746 his
2250 1685 2474 1747 verbis:

488 1773 711 1852 (neque
740 1771 890 1831 enim
919 1769 991 1831 ab
1016 1788 1083 1830 re
1125 1770 1298 1830 fuerit
1337 1772 1463 1850 ipsa
1513 1770 1909 1848 cognoscere)
1952 1769 2319 1846 Permittite,
2357 1785 2474 1849 pa·

484 1860 613 1916 tres
644 1853 1013 1931 conscripti,
1051 1869 1093 1914 a
1116 1855 1354 1932 pietate
1381 1860 1594 1914 vestra
1621 1854 1980 1932 impetrari,
2015 1853 2184 1934 quod
2212 1855 2344 1914 scio
2385 1871 2478 1912 me

485 1936 820 2016 difficulter
851 1936 1354 2014 impetraturum,
1397 1944 1468 1998 ut
1498 1937 1810 2000 damnatis
1841 1936 2100 2012 liberum
2127 1938 2344 1998 mortis
2373 1954 2475 1998 ar-

484 2019 733 2081 bitrium
783 2019 1160 2100 indulqeatis
1168 2043 1201 2092 ,·
1252 2037 1401 2082 nam
1451 2028 1510 2082 et
1559 2021 1843 2099 parcetis
1896 2020 2096 2082 oculis
2143 2021 2371 2082 vestris
2425 2027 2482 2082 et
2495 2039 2546 2080 20

480 2103 827 2184 intellegent
850 2121 946 2164 me
973 2120 1181 2166 omnes
1212 2105 1459 2166 senami
1483 2103 1861 2184 interfuisse.

400 2205 467 2258 12
607 2187 937 2250 Exhaustus
987 2205 1231 2269 operum
1274 2206 1345 2250 ac
1387 2207 1684 2250 munerum
1722 2189 1999 2270 impensis
2047 2187 2476 2268 stipendioque,

482 2271 638 2353 quod
669 2272 993 2351 adiecerat,
1040 2274 1345 2352 temptavit
1375 2271 1604 2355 quidem
1647 2273 1719 2335 ad
1759 2270 2112 2334 relevandos
2145 2279 2478 2332 castrenses

482 2367 767 2437 sumptus,
802 2375 1096 2418 numerum
1124 2357 1362 2418 militum
1393 2356 1756 2428 deminuere3
1791 2356 1896 2417 sed
1931 2374 2058 2417 cum
2077 2363 2137 2416 et
2165 2355 2480 2416 obnoxium

480 2460 547 2502 se
598 2439 861 2502 barbaris
914 2459 1022 2522 per
1070 2441 1186 2502 hoc
1238 2441 1774 2518 animadverteret,
1806 2459 2000 2521 neque
2054 2457 2128 2500 eo
2187 2439 2367 2500 setius
2415 2440 2550 2499 ines

481 2522 847 2604 explicandis
878 2525 1153 2585 oneribus
1182 2523 1483 2602 haereret,
1525 2525 1664 2585 nihil
1709 2526 1878 2605 pensi
1906 2523 2103 2584 habuit
2137 2525 2274 2604 quin
2307 2540 2476 2603 prae-

478 2607 710 2668 daretur
738 2609 891 2667 omni
920 2608 1115 2670 modo.
1171 2606 1332 2669 Bona
1370 2609 1630 2669 vivorum
1666 2616 1738 2669 ac
1767 2617 2121 2670 mortuorum
2149 2624 2477 2687 usquequa-

480 2709 595 2772 que
626 2689 891 2769 quolibet
920 2701 979 2752 et
1008 2700 1354 2754 accusatore
1397 2701 1456 2752 et
1499 2693 1736 2752 crimine
1778 2691 2260 2771 corripiebantur.
2321 2691 2478 2750 Satis

480 2782 634 2852 erat,
670 2773 825 2836 obici
856 2775 1277 2855 qualecumque
1319 2775 1532 2837 factum
1573 2775 1861 2836 dictumve
1895 2775 2174 2840 adversus
2207 2775 2477 2834 maiesta-

476 2869 592 2920 tem
635 2860 930 2941 principis.
1022 2858 1501 2921 confiscabantur
1541 2858 1932 2920 alienissimae
1973 2857 2330 2918 hereditates
2374 2856 2476 2916 vel
2499 2878 2553 2920 so

476 2961 590 3005 uno
622 2945 947 3022 existente,
980 2944 1092 3023 ‘qui
1127 2943 1349 3004 diceret
1391 2941 1624 3004 audisse
1672 2961 1741 3004 se
1779 2961 1854 3006 ex
1886 2941 2189 3020 defuncto,
2235 2959 2362 3002 cum
2391 2943 2480 3000 vi-
2658 2949 2659 2956 ’

474 3036 676 3106 veret,
719 3027 995 3088 heredem
1036 3027 1145 3087 sibi
1176 3025 1487 3088 Gaesarem
1529 3045 1682 3088 esse.
1750 3027 1991 3088 Praeter
2021 3034 2258 3086 ceteros
2286 3023 2478 3086 Iudai-

476 3129 579 3174 cus
611 3113 787 3172 fiscus
816 3110 1190 3173 acerbissime
1225 3117 1388 3172 actus
1420 3118 1539 3181 est;
1579 3109 1649 3172 ad
1689 3127 1859 3189 quem
1888 3108 2329 3186 deferebantur,
2375 3109 2482 3187 qui

475 3196 573 3256 vel
606 3196 921 3273 inprofessi
951 3194 1239 3257 Iudaicam
1262 3195 1528 3255 viverent
1557 3197 1766 3270 vitam,
1808 3193 1908 3254 vel
1951 3193 2302 3253 dissimulata
2356 3193 2480 3251 ori-

476 3281 613 3356 gine
646 3280 913 3358 imposita
944 3281 1107 3356 genti
1136 3278 1345 3339 tributa
1378 3295 1496 3338 non
1521 3276 1958 3358 pependissent.
2012 3275 2355 3336 Interfuisse
2376 3293 2479 3336 me
2500 3298 2556 3340 ss

473 3360 967 3423 adulescentulum
996 3362 1256 3439 memini,
1296 3380 1424 3423 cum
1469 3379 1503 3422 a
1546 3369 1928 3441 procuratore
1972 3359 2480 3439 frequentissimo-

476 3462 590 3523 que
626 3445 873 3505 consilio
904 3446 1292 3523 inspiceretur
1321 3447 1750 3523 nonagenarius
1783 3463 1999 3522 senex,
2039 3462 2111 3504 an
2159 3444 2480 3503 circumse-

477 3537 603 3586 ctus
634 3537 813 3588 esset.
