2700 4234
644 293 795 340 an
1322 286 1743 334 PRAEFATIO.

647 451 849 521 diano,
890 455 950 505 ut
996 464 1068 503 ex
1108 445 1392 503 simillimo
1437 446 1627 517 aliquo
1675 444 1799 501 eius
1836 444 2202 502 descendisse
2254 446 2340 503 illi
2374 449 2484 505 de-

644 534 830 591 beant.
919 531 1165 603 Namque
1209 530 1259 586 is
1300 530 1457 587 solus
1490 530 1560 585 de
1593 528 1774 585 trihus
1818 545 1873 601 p.
1909 533 2049 595 260,
2079 534 2146 589 25
2186 546 2478 602 yramma-

644 619 782 687 tica,
815 635 867 690 p.
900 621 1040 685 264,
1084 620 1152 674 36
1186 615 1507 685 superiore,
1547 630 1601 685 p.
1635 617 1772 684 266,
1803 617 1872 671 14
1909 612 2107 682 verbe,
2154 630 2300 686 qnae
2337 634 2479 674 vera

644 707 804 772 sunt,
852 717 974 757 eum
1016 697 1402 754 deterioribus
1433 696 1594 753 libris
1635 695 1915 768 servavit3
1971 695 2103 752 item
2148 700 2306 755 solus
2349 716 2478 756 eum

646 786 761 842 illis
801 786 943 842 haee
987 787 1253 854 corrupta
1301 799 1356 854 p.
1403 786 1538 850 259,
1570 786 1637 840 11
1683 784 1826 850 tam,
1873 785 1940 839 13
1987 780 2155 852 ipsis,
2211 789 2276 841 15
2307 784 2476 855 alias,

644 886 701 942 p.
731 873 859 938 264,
902 875 933 927 5
976 866 1248 938 improbi,
1292 882 1348 938 p.
1381 869 1518 934 271,
1553 869 1620 923 16
1660 865 1998 945 aderaut-er,
2031 870 2088 918 et
2130 864 2475 938 interpolata

644 970 700 1024 p.
731 957 865 1022 262,
897 957 967 1013 38
995 957 1075 1017 et,
1117 967 1169 1022 p.
1202 955 1343 1021 264,
1376 955 1440 1008 11
1468 948 1716 1018 domino,
1745 941 1819 1004 Εοι
1849 947 2114 1024 omissum
2146 965 2199 1021 p.
2231 955 2368 1022 265,
2405 957 2476 1012 19

634 1052 873 1108 puerum
908 1034 1189 1098 ostendit;
1222 1033 1464 1104 denique
1495 1050 1550 1105 p.
1591 1036 1717 1102 267,
1749 1036 1814 1087 11
1845 1031 2056 1088 omisso
2087 1031 2144 1088 in
2176 1032 2377 1088 ordine
2415 1041 2477 1090 et

641 1120 905 1194 suppleto
936 1120 1006 1176 ad
1034 1118 1341 1188 marginem
1370 1116 1646 1172 vocabulo
1673 1130 1892 1184 omnes,
1925 1121 1984 1170 et
2011 1132 2069 1187 p.
2103 1121 2240 1187 268,
2272 1121 2342 1175 14
2373 1118 2475 1174 uhi

640 1203 866 1260 Latinos
892 1204 1065 1259 habet
1090 1201 1148 1256 in
1178 1200 1411 1270 ordine,
1452 1199 1647 1254 Latine
1688 1198 1770 1271 -J‘-
1840 1199 1898 1254 in
1935 1199 2224 1270 margine,
2257 1201 2476 1257 deteri-

642 1304 799 1344 orum
835 1288 1105 1343 librorum
1133 1284 1516 1340 diversitatem
1544 1282 1768 1340 facilem
1797 1282 1986 1339 reddit
2016 1283 2321 1356 explicatu.

770 1371 853 1426 De
885 1368 1027 1443 ipsis
1063 1368 1226 1425 libris
1256 1369 1530 1440 probatae
1563 1366 1694 1423 {idei
1722 1366 1902 1424 tribus
1924 1366 2216 1424 Leidensis
2245 1368 2473 1425 minime

640 1471 813 1527 saepe
848 1453 1140 1511 erroribus
1169 1451 1423 1508 turbatus
1455 1457 1578 1522 est,
1609 1450 1713 1507 sed
1754 1467 1826 1506 ne
1859 1451 1910 1508 is
1940 1450 2163 1523 quidem
2195 1457 2304 1509 tam
2349 1453 2471 1509 sin-

642 1554 807 1594 cerus
838 1544 913 1609 ut,
946 1537 1039 1594 ubi
1071 1536 1228 1592 solus
1262 1540 1456 1592 eontra
1480 1535 1734 1606 reliquos
1755 1551 1948 1594 omnes
1977 1539 2108 1604 stat,
2143 1534 2197 1591 ei
2225 1536 2474 1594 maxime

642 1623 1058 1679 concedendum
1089 1636 1215 1676 esse
1243 1619 1520 1692 videatur.
1609 1617 1741 1674 Nam
1774 1618 1869 1690 qui
1901 1635 2024 1674 eum
2057 1635 2162 1690 pro
2196 1620 2472 1692 primario

641 1690 885 1763 habeant
924 1712 981 1761 et
1023 1711 1297 1775 tamquam
1328 1703 1677 1774 reliquorum
1709 1702 1948 1759 omnium
1980 1708 2267 1774 parentem
2296 1720 2439 1760 reve
2459 1735 2472 1744 ·

643 1796 893 1859 reantur,
924 1788 1033 1845 iam
1072 1788 1257 1844 nullos
1288 1787 1460 1843 hodie
1496 1803 1623 1843 esse
1654 1785 1843 1855 video,
1877 1792 1932 1841 et
1961 1802 2098 1842 sane
2127 1786 2470 1859 deponenda

640 1873 772 1930 talis
816 1872 1007 1945 opinio
1055 1871 1159 1927 fuit
1202 1870 1272 1925 de
1321 1871 1520 1928 codice
1566 1887 1634 1926 ne
1675 1869 1849 1926 semel
1889 1869 2112 1942 quidem
2153 1870 2470 1944 exscripto.

592 1981 611 1996 ·
638 1957 915 2013 Fontanus
949 1955 1121 2026 igitur
1154 1969 1315 2010 omne
1347 1953 1613 2011 vitiouim
1645 1969 1824 2024 genus
1856 1952 2107 2011 librariis
2137 1961 2467 2016 consuetum

636 2036 737 2095 sed
767 2055 897 2096 raro
934 2038 1229 2096 commisit.
1317 2037 1591 2094 Nonnulla
1639 2037 1954 2094 festinando
1986 2037 2292 2110 depravata
2338 2038 2470 2111 ipse

638 2123 1059 2201 emendavit,-ut
1092 2140 1145 2194 p.
1179 2126 1303 2191 257,
1334 2127 1388 2180 4.
1437 2127 1560 2193 259,
1592 2127 1693 2187 21;
1727 2126 1814 2182 34.
1857 2127 1984 2191 260,
2017 2129 2086 2187 5;
2117 2128 2204 2182 35.
2251 2127 2378 2194 262,
2411 2130 2470 2183 5.

634 2211 759 2278 264,
795 2213 891 2272 123
920 2212 1017 2273 243
1059 2209 1146 2266 27.
1188 2211 1314 2277 266,
1344 2211 1432 2264 20.
1464 2210 1588 2276 269,
1614 2211 1715 2270 28;
1746 2205 1948 2277 quibus
1983 2205 2129 2262 loeis
2160 2206 2472 2280 discipulis,

619 2295 927 2363 parentum
956 2297 1284 2356 nostrorum,
1307 2288 1570 2362 Opimius,
1595 2289 1742 2345 duas
1774 2290 2003 2360 litteras,
2024 2295 2470 2362 peremptorum,

632 2374 903 2447 coaternus,
946 2382 998 2430 et
1024 2375 1331 2430 doctrinam
1346 2416 1364 2446 ,
1407 2374 1690 2430 versiculis
1703 2413 1722 2442 ,
1763 2373 2126 2429 exercitanda
2154 2374 2470 2432 docentium

616 2472 867 2532 venera,
893 2457 1069 2530 filium
1099 2461 1404 2530 comitatus,
1433 2458 1682 2513 absoluta
1715 2464 2056 2530 properante
2080 2458 2294 2516 calamo
2317 2460 2471 2516 sori-

638 2547 732 2617 pta
766 2541 891 2615 ipse
927 2542 1007 2599 ita
1057 2542 1307 2598 restituit
1338 2542 1420 2597 uti
1457 2541 1605 2614 apud
1653 2555 1758 2596 nos
1805 2540 2081 2613 leguntur.
2170 2541 2300 2599 Alia
2349 2559 2468 2600 non

639 2625 890 2682 correxit
923 2631 1118 2698 aperte
1162 2626 1232 2683 ab
1281 2626 1410 2698 ipso
1456 2630 1725 2698 peccata,
1749 2629 1830 2706 ,ut
1862 2642 1916 2697 p.
1951 2631 2087 2696 258,
2115 2631 2186 2686 26
2219 2625 2467 2690 baccus,

635 2727 693 2783 p.
733 2713 872 2780 260,
902 2716 937 2770 9
962 2710 1185 2775 Dionis,
1220 2726 1273 2782 p.
1308 2715 1409 2768 261
1429 2750 1446 2779 ,
1478 2713 1544 2767 14
1591 2707 1840 2777 Varone,
1873 2726 1928 2781 p.
1961 2715 2085 2779 263,
2121 2716 2188 2768 10
2221 2710 2467 2783 Crateri,

637 2811 693 2867 p.
726 2798 861 2863 269,
893 2802 957 2854 15
990 2809 1305 2859 anascenas
1340 2799 1393 2848 et
1421 2798 1776 2863 catascenas,
1819 2810 1874 2865 p.
1909 2798 2035 2863 270,
2070 2800 2140 2852 10
2165 2793 2466 2866 Atracino,

635 2893 744 2934 neo
777 2877 1041 2936 omissum
1079 2896 1134 2950 p.
1169 2883 1294 2948 267,
1338 2884 1373 2936 3
1414 2879 1663 2948 qui-cum
1695 2876 2026 2954 supplevit..
2087 2875 2222 2935 Tum
2261 2878 2466 2935 conie-

636 2960 838 3017 ctando
872 2977 1093 3034 quoque
1122 2959 1423 3018 Pontanum
1451 2960 1756 3016 indulsisse
1792 2961 2034 3033 produnt
2061 2977 2231 3034 supra
2260 2961 2466 3034 pristi-

636 3061 759 3100 nam
790 3044 1120 3118 seripturam
1152 3044 1338 3100 addita
1380 3046 1550 3100 haee:
1588 3061 1642 3116 p.
1685 3048 1809 3115 257,
1847 3049 1880 3103 7
1913 3050 2100 3100 notum
2137 3051 2218 3100 est
2243 3061 2344 3117 ac,
2391 3052 2466 3106 23

633 3132 1019 3199 retractarent,
1050 3135 1120 3189 28
1148 3128 1366 3185 Vectius
1397 3135 1450 3183 et
1471 3125 1537 3194 Q.
1583 3144 1637 3199 p.
1658 3132 1781 3198 262,
1811 3133 1880 3188 36
1909 3128 2174 3200 Miretur,
2206 3135 2464 3202 p.,265,9

557 3256 565 3265 .
634 3219 687 3268 et
712 3213 771 3268 in
799 3213 884 3284 iis,
915 3230 969 3287 p.
1002 3218 1138 3283 266,
1168 3219 1238 3271 20
1264 3213 1570 3278 textrinus,
1615 3217 1670 3282 p:
1705 3216 1806 3272 271
1825 3252 1844 3281 ,
1876 3216 1940 3273 17
1972 3213 2246 3270 adornate
2272 3218 2336 3269 ut
2363 3228 2460 3283 ne,

636 3301 690 3351 et
718 3312 775 3369 p.
809 3301 945 3366 262,
974 3304 1039 3356 31
1074 3296 1168 3353 ubi
1197 3298 1507 3368 qeorqustio
1535 3312 1572 3349 a
1612 3291 1853 3369 γεωργῶ
1887 3297 2003 3352 colo
2033 3301 2247 3352 terram
2283 3312 2461 3368 repo-

632 3379 871 3435 nendum
903 3396 1031 3436 esse
1077 3379 1433 3437 existimavit.
1522 3378 1699 3435 Etiam
1740 3377 1796 3433 in
1843 3378 2026 3436 libelli
2068 3379 2233 3436 titulo
2275 3381 2458 3438 verba

534 3465 547 3472 “
630 3460 718 3519 De
738 3464 873 3518 virts
900 3463 1199 3519 illustribus
1228 3464 1366 3519 liber
1395 3469 1451 3518 et
1481 3462 1841 3519 Grammatici
1865 3465 2108 3520 illustres
2140 3462 2272 3536 quin
2305 3463 2459 3520 idem

631 3545 932 3618 addiderit,
963 3547 1221 3605 dubitare
1249 3564 1360 3604 non
1394 3546 1580 3604 sinunt
1611 3563 1677 3603 ea
1710 3563 1852 3619 quae
1882 3546 2027 3603 infra
2059 3565 2112 3620 p.
2144 3551 2250 3608 288
2285 3563 2460 3620 prae-
