2700 4234
977 336 1187 384 DIVUS
1223 336 1477 384 mnus.
2150 322 2229 385 19

233 496 446 556 moveri
477 492 825 572 quandoque
869 499 1142 569 possent,
1185 491 1456 567 instituit,
1506 499 1647 569 quot
1688 491 1851 550 annis
1898 491 1953 549 in
2004 489 2229 549 demor-

233 590 447 640 tuorum
483 577 678 637 locum
723 594 756 634 e
841 576 942 651 iis,
992 575 1088 652 qui
1133 575 1366 634 recensi
1394 591 1513 634 non
1555 576 1781 651 essent,
1830 573 2165 634 subsortitio
2196 591 2232 632 a

232 671 500 742 praetore
531 595 800 740 ἱίεειπειζῚί
780 657 1090 734 Octoginta
1124 665 1312 716 autem
1345 659 1552 717 civium
1584 657 1816 717 milibus
1862 659 1921 716 in
1953 667 2229 718 transma-
2246 658 2317 714 42
2356 656 2367 670 ⁶

231 749 380 806 rinas
411 744 676 804 colonias
707 729 1054 817 distributiS,
1081 750 1140 799 ut
1169 740 1486 801 exhaustae
1519 758 1754 822 quoque
1778 740 1939 802 urbis
1962 741 2232 819 frequen-

189 832 305 894 stia
333 835 711 906 suppeteret,
761 827 980 900 sanxit,
1027 842 1100 883 ne
1133 825 1262 902 quis
1297 825 1440 884 civis
1470 826 1655 886 maior
1689 827 1852 886 annis
1896 826 2099 903 viginti
2132 824 2233 883 mi-

231 931 408 974 norve
445 910 860 989 quadraginta,
895 909 992 987 qui
1021 917 1386 968 sacramento
1418 926 1536 969 non
1563 918 1884 985 teneretur,
1908 908 2041 989 plus
2062 910 2234 968 trien·

231 999 321 1057 nio
355 997 628 1056 continuo
659 991 825 1052 Italia
865 991 1129 1067 abesset,
1171 1009 1283 1050 neu
1322 993 1419 1070 qui
1452 995 1739 1054 senatoris
1773 994 1925 1053 filius
1956 995 2067 1053 nisi
2098 1010 2233 1052 con-

231 1079 546 1141 tubernalis
602 1086 698 1136 aut
757 1092 957 1136 comes
999 1077 1367 1152 magistratus
1418 1094 1674 1154 peregre
1724 1078 2228 1156 proficisceretur;

230 1181 375 1224 neve
410 1163 481 1238 ii,
519 1161 618 1239 qui
649 1161 981 1238 pecuariam
1009 1160 1305 1235 facerent,
1343 1161 1529 1220 minus
1557 1161 1727 1220 tertia
1761 1171 1925 1239 parte
1955 1160 2236 1239 puberum

169 1267 213 1307 ιο
233 1249 608 1324 ingenuorum
651 1245 802 1304 inter
845 1251 1117 1322 pastores
1157 1241 1459 1302 haberent.
1536 1243 1849 1324 Omnisque
1898 1245 2233 1306 medicinam

232 1331 452 1392 Romae
504 1328 811 1407 professos
856 1336 914 1387 et
945 1325 1268 1386 liberalium
1305 1327 1507 1387 artium
1550 1326 1858 1404 doctores,
1903 1346 2019 1406 quo
2052 1327 2233 1388 liben-

231 1417 342 1474 tius
389 1421 446 1472 et
484 1412 598 1490 ipsi
636 1411 840 1472 urbem
882 1410 1208 1471 incolerent
1252 1420 1310 1471 et
1356 1412 1535 1471 ceteri
1580 1411 1955 1491 adpeterent,
2003 1413 2234 1473 civitate

231 1497 484 1557 donavit.
557 1495 646 1554 De
691 1495 954 1574 pecuniis
1001 1496 1241 1571 mutuiS,
1299 1493 1543 1554 disiecta
1591 1513 1870 1556 novarum
1914 1495 2235 1556 tabularum

231 1579 712 1658 exspectatione,
740 1595 888 1656 quae
927 1577 1139 1638 crebro
1177 1577 1553 1654 movebatur,
1592 1577 1853 1638 decrevit
1886 1579 2145 1657 tandem,
2176 1587 2237 1638 ut

168 1678 212 1719 ιε»
230 1663 530 1726 debitores
563 1661 949 1723 creditoribus
989 1663 1130 1722 satis
1161 1662 1427 1724 facerent
1462 1680 1569 1740 per
1612 1663 2070 1722 aestimationem
2099 1679 2234 1740 pos-

227 1749 587 1824 sessionum,
622 1748 815 1824 quanti
849 1763 1115 1824 quasque
1143 1753 1275 1804 ante
1309 1745 1483 1805 civile
1525 1740 1742 1805 bellum
1774 1754 2235 1824 comparassent,

225 1832 471 1892 deducto
524 1847 781 1890 summae
825 1830 980 1890 aeris
1021 1829 1228 1906 alieni,
1275 1831 1323 1888 si
1367 1829 1501 1906 quid
1545 1847 1751 1890 usurae
1785 1831 2015 1890 nomine
2044 1847 2237 1888 nume-

223 1925 402 1975 ratum
451 1922 556 1974 aut
599 1915 988 1992 perscriptum
1027 1914 1264 1982 fuisset;
1309 1931 1421 1991 qua
1468 1913 1812 1974 condicione
1860 1922 2065 1992 quarta
2100 1931 2237 1993 pars

223 2000 348 2059 fere
389 1995 608 2058 crediti
646 1996 970 2076 deperibat.
1047 1995 1267 2057 Cuncta
1315 1997 1606 2074 collegia,
1652 2007 1887 2076 praeter
1928 1999 2239 2076 antiquitus

160 2095 208 2136 20
232 2084 582 2157 constituta,
629 2080 914 2140 distraxit.
977 2081 1206 2140 Poenas
1236 2081 1559 2142 facinorum
1600 2085 1785 2151 auxit3
1830 2090 1887 2142 et
1920 2100 2046 2142 cum
2077 2082 2239 2142 locu-

225 2165 413 2245 pletes
447 2179 532 2224 eo
568 2163 800 2224 facilius
831 2163 1062 2224 scelere
1090 2182 1156 2224 >se
1191 2164 1546 2243 obligarent,
1599 2165 1757 2243 quod
1794 2166 2037 2242 integris
2066 2165 2239 2244 patri-

223 2251 426 2309 moniis
457 2245 810 2323 exulabant,
855 2246 1210 2325 parricidas,
1255 2257 1314 2306 ut
1348 2246 1561 2308 Cicero
1592 2249 1829 2324 scribit,
1860 2248 2031 2308 bonis
2062 2249 2239 2310 omni-

225 2333 358 2412 bus,
401 2331 676 2410 reliquos
717 2329 944 2391 dimidia
987 2339 1154 2409 parte
1193 2331 1471 2390 multavit.
1533 2331 1631 2392 Ius
1672 2331 2134 2392 laboriosissime
2170 2349 2240 2393 ac
2256 2340 2327 2396 43

227 2417 609 2478 severissime
643 2413 806 2473 dixit.
871 2413 1346 2491 Repetundarum
1380 2416 1685 2475 convictos
1714 2416 1885 2476 etlam
1918 2416 2119 2475 ordine
2149 2433 2241 2475 se-

165 2514 212 2555 25
229 2501 454 2560 natorio
485 2498 691 2558 movit.
762 2497 1002 2557 Diremit
1029 2500 1258 2576 nuptias
1291 2499 1573 2577 praetorii
1602 2501 1741 2576 viri,
1789 2499 1888 2580 qui
1918 2499 2243 2578 digressam

228 2603 260 2644 a
299 2585 512 2643 marito
563 2589 700 2660 post
745 2581 976 2640 biduum
1020 2583 1210 2642 statim
1251 2581 1525 2660 duxerat,
1569 2583 1830 2662 quamvis
1876 2585 2001 2644 sine
2044 2583 2244 2662 probri

229 2668 577 2746 suspitione.
640 2664 1090 2742 Peregrinarum
1131 2668 1407 2727 mercium
1442 2667 1700 2745 portoria
1738 2666 1995 2728 instituit.
2053 2666 2243 2727 Lecti-

229 2768 424 2812 carum
453 2767 658 2826 usum,
699 2750 835 2808 item
870 2747 1272 2823 conchyliatae
1305 2753 1489 2810 vestis
1534 2760 1592 2811 et
1630 2753 2099 2828 margaritarum,
2134 2751 2244 2810 nisi

231 2836 416 2914 certis·
437 2832 718 2912 personis
753 2841 811 2891 et
842 2831 1124 2892 aetatibus
1155 2850 1381 2912 perque
1414 2843 1609 2893 certos
1644 2832 1801 2909 dies,
1848 2833 2077 2894 ademit.
2136 2834 2240 2893 Le—

165 2931 360 2993 sogem
406 2915 734 2996 praecipue
780 2917 1186 2995 sumptuariam
1239 2919 1529 2993 exercuit,
1590 2916 1891 2996 dispositis
1935 2918 2089 2978 circa
2128 2934 2242 2976 ma-

231 3001 446 3060 cellum
471 2999 850 3075 custodibus,
885 2999 984 3077 qui
1014 2999 1258 3060 obsonia
1291 3010 1495 3066 contra
1528 3001 1765 3061 vetitum
1796 3000 2114 3061 retinerent
2144 3000 2243 3060 de-

231 3093 656 3161 portarentque
695 3082 769 3144 ad
797 3101 896 3160 se,
940 3083 1244 3144 submissis
1275 3101 1698 3164 nonnumquam
1726 3082 2033 3145 lictoribus
2070 3093 2245 3162 atque

229 3166 539 3244 militibus,
579 3168 706 3246 qui,
753 3169 801 3227 si
841 3185 970 3251 xqua
1005 3167 1280 3228 custodes
1325 3169 1703 3246 fefellissent,
1751 3168 1863 3228 iam
1902 3165 2167 3246 adposita
2210 3185 2247 3226 e

231 3250 482 3310 triclinio
514 3250 832 3311 auferrent.
854 3256 864 3267 ’“
888 3264 913 3311 ³..

165 3350 213 3392 as
349 3333 505 3394 Nam
558 3333 630 3394 de
689 3333 944 3394 ornanda
994 3334 1447 3415 instruendaque
1494 3336 1666 3413 urbe,
1723 3337 1861 3396 item
1904 3333 1979 3394 de
2032 3336 2243 3396 tuendo
2260 3342 2327 3396 44

233 3416 690 3497 ampliandoque
735 3419 984 3497 imperio
1025 3419 1193 3497 plura
1238 3437 1308 3479 ac
1349 3423 1569 3481 maiora
1612 3422 1670 3478 in
1714 3418 1841 3480 dies
1887 3418 2238 3481 destinabat:

231 3500 288 3560 in
317 3501 530 3579 primis
554 3500 755 3562 Martis
784 3501 1090 3581 templum,
1123 3512 1395 3580 quantum
1417 3521 1699 3582 nusquam
1728 3511 1917 3579 esset,
1949 3514 2239 3578 extruere,

232 3584 465 3662 repleto
497 3593 562 3644 et
599 3585 950 3664 conplanato
980 3585 1144 3664 lacu,
1190 3587 1248 3646 in
1279 3604 1395 3665 quo
1442 3587 1831 3730 naumachiae*
1847 3586 2243 3664 spectaculum
