2700 4234
508 245 634 308 2o6
678 259 739 307 c.
772 259 1071 308 semrom
1107 259 1362 318 Tamo.
1393 259 1488 305 DE
1521 259 1688 306 v1TA
1721 259 2088 308 CAESARUM
2118 260 2256 308 mn.
2287 263 2408 311 vn.

510 399 987 478 praefinitumque
1015 407 1259 476 tempus,
1305 396 1597 458 Iudicibus
1623 407 1844 458 sextam
1863 397 2156 460 decuriam
2192 400 2343 460 adici
2369 419 2498 480 pre-

511 481 773 544 cantibus
792 499 909 540 non
932 481 1105 540 modo
1122 483 1376 558 negavit,
1401 481 1506 540 sed
1526 490 1584 540 et
1609 499 1952 542 concessum
1975 500 2008 542 a
2023 481 2262 545 Claudio
2282 484 2496 546 benefi-

512 568 677 644 cium,
702 583 776 624 ne
798 565 984 625 hieme
1008 567 1281 643 initioque
1310 566 1442 624 anni
1467 564 1539 624 ad
1561 564 1918 626 iudicandum
1940 577 2328 627 evocarentur
2344 613 2363 646 ,
2388 571 2496 628 eri·

426 661 491 711 15
511 653 651 729 puit.
712 649 1161 708 Existimabatur
1184 651 1351 709 etiam
1374 650 1664 709 senatoria
1690 658 1746 708 et
1764 653 2054 727 equestria
2078 650 2276 712 officia
2305 651 2500 712 bienni

510 734 699 812 spatio
724 733 1223 809 determinaturus,
1244 751 1354 792 nec
1379 732 1612 792 daturus
1636 733 1745 792 nisi
1769 733 1958 792 invitis
1983 751 2052 793 ac
2075 736 2494 795 recusantibus,
2519 751 2549 791 s

508 817 909 878 Liberalitates
924 817 1197 892 Neronis,
1214 834 1327 876 non
1344 817 1476 896 plus
1495 817 1732 876 decimis
1752 819 2072 894 concessis„
2095 837 2202 896 per
2221 821 2496 898 quinqua-

509 903 667 979 ginta
702 903 929 978 equites
954 901 1024 960 R.
1056 919 1126 960 ea
1152 900 1498 960 condicione
1521 899 1886 960 revocandas
1913 903 2134 960 curavit
2155 903 2495 980 exigendas-

511 1002 643 1064 que,
658 994 717 1044 ut
745 994 803 1044 et
818 986 866 1045 si
882 984 1018 1063 quid
1034 986 1285 1044 scaenici
1302 992 1396 1044 aut
1407 986 1620 1058 xystici
1645 983 1915 1044 donatum
1931 985 2067 1046 olim
2081 986 2497 1064 vendidissent,

510 1069 832 1132 auferretur
874 1067 1260 1147 emptoribus,
1309 1067 1536 1145 quando
1574 1067 1657 1126 illi
1691 1069 1880 1146 pretio
1919 1068 2223 1148 absumpto
2261 1071 2498 1130 solvere

508 1154 829 1231 nequirent.
2521 1167 2568 1207 ιο

632 1235 710 1296 At
735 1245 934 1296 contra
958 1235 1095 1296 nihil
1113 1253 1229 1295 non
1242 1253 1349 1314 per
1365 1236 1607 1295 comites
1629 1244 1804 1312 atque
1817 1235 2063 1295 libertos
2083 1238 2269 1315 pretio
2287 1236 2500 1314 addici,

509 1330 604 1380 aut
635 1319 835 1380 donari
871 1322 1057 1397 gratia
1093 1337 1301 1398 passus
1326 1328 1446 1395 est,
1482 1318 1794 1396 vectIgalia
1827 1321 2244 1398 immunitateS,
2276 1338 2502 1399 poenas

506 1406 897 1464 innocentium
921 1405 1287 1482 impunitates
1304 1405 1627 1464 noxiorum.
1669 1403 1819 1478 Quin
1839 1405 2030 1479 etiam,
2067 1405 2290 1484 populo
2315 1404 2384 1463 R.
2400 1405 2503 1464 de—

508 1496 793 1567 poscente
814 1487 1163 1566 supplicium
1184 1487 1381 1548 Haloti
1407 1496 1465 1547 et
1489 1487 1770 1564 Tigillini,
1795 1486 1959 1548 solos
1983 1505 2059 1546 ex
2095 1487 2358 1548 omnibus
2383 1488 2504 1548 Ne-

505 1574 668 1632 ronis
693 1573 1009 1631 emissariis
1031 1571 1127 1630 vel
1149 1571 1713 1669 makficentissimos
1734 1571 2056 1632 incolumes
2097 1574 2385 1650 praestitit
2419 1581 2504 1632 at·
2527 1590 2581 1632 ιε)

509 1675 619 1735 que
644 1658 880 1733 insuper
903 1655 1171 1716 Halotum
1193 1656 1604 1734 procuratione
1627 1654 1980 1734 amplissima
2005 1658 2252 1732 ornavit,
2279 1675 2390 1734 pro
2407 1655 2508 1716 Ti-

506 1740 713 1818 gillino
741 1742 911 1798 etiam
934 1736 1215 1799 saevitiae
1245 1739 1522 1818 populum
1549 1737 1742 1798 edicto
1766 1741 2070 1818 increpuit.

424 1833 492 1887 16
629 1824 740 1894 Per
762 1822 909 1881 haec
935 1841 1121 1901 prope
1147 1825 1430 1882 universis
1468 1821 1763 1882 ordinibus
1802 1821 2086 1900 offensus,
2127 1822 2225 1883 vel
2272 1825 2514 1901 praeci·

509 1925 621 1984 pua
640 1905 923 1982 flagrabat
947 1905 1159 1965 invidia
1183 1907 1334 1984 apud
1358 1904 1589 1966 milites.
1633 1904 1780 1967 Nam
1806 1924 1932 1966 cum
1955 1909 2011 1965 in
2035 1906 2214 1966 verba
2251 1909 2381 1966 eius
2411 1906 2514 1966 ab·

508 1991 690 2050 sentis
713 1989 1029 2048 iurantibus
1064 1989 1394 2050 donativum
1417 1989 1691 2066 grandius
1711 1990 1886 2050 solito
1903 1993 2228 2069 praepositi
2247 2008 2514 2069 pronun·
2539 2014 2588 2053 20

506 2077 769 2149 tiassent,
796 2091 987 2151 neque
1008 2082 1188 2134 ratam
1211 2092 1333 2133 rem
1356 2073 1554 2133 habuit
1577 2082 1636 2134 et
1657 2073 1899 2134 subinde
1923 2076 2178 2150 iactavit,
2205 2074 2422 2154 leyen-e
2447 2094 2520 2134 se

505 2157 786 2232 militem,
840 2176 964 2218 non
996 2176 1193 2218 emere
1227 2175 1601 2238 consuessffl
1653 2167 1825 2236 atque
1859 2175 1930 2218 eo
1989 2157 2218 2236 quidem
2268 2161 2524 2218 nomine

509 2243 724 2318 omnis,
760 2244 857 2320 qui
881 2241 1092 2320 ubique
1117 2251 1310 2318 erant,
1338 2241 1730 2302 exacerbavit.
1797 2240 2065 2302 Ceterum
2098 2245 2524 2320 praetorianos

508 2328 679 2386 etiam
702 2334 856 2385 metu
881 2335 938 2384 et
960 2325 1297 2402 indignitate
1326 2327 1654 2401 commovit,
1680 2342 1988 2384 removens
2009 2325 2251 2385 subinde
2272 2325 2520 2404 pleros-

508 2425 641 2487 que,
669 2417 728 2468 ut
750 2419 1063 2486 suspectos
1088 2408 1475 2487 etNymphidi
1501 2411 1719 2470 socioS.
1783 2409 1900 2468 Sed
1933 2411 2178 2469 maxime
2214 2409 2527 2470 fremebat
2545 2427 2594 2466 25

507 2493 831 2570 superioris
856 2491 1193 2552 Germaniae
1226 2495 1544 2568 exercitus,
1574 2492 1823 2554 fraudari
1859 2511 1925 2552 se
1964 2496 2218 2571 praemis
2252 2505 2526 2554 navatae

506 2575 785 2636 adversus
816 2573 1019 2636 Gallos
1041 2585 1099 2635 et
1122 2577 1428 2636 Vindicem
1453 2593 1691 2654 operae.
1747 2575 1910 2652 Ergo
1949 2579 2114 2655 primi
2155 2576 2531 2657 obsequium

500 2656 771 2738 ¹rumpere
800 2661 945 2734 ausi,
970 2659 1063 2720 Kl.
1088 2658 1207 2720 Ian.
1235 2660 1393 2737 adigi
1419 2669 1784 2720 sacramento
1809 2662 1921 2720 nisi
1943 2663 2003 2720 in
2027 2679 2237 2721 nomen
2262 2672 2531 2722 senatus

502 2751 841 2803 recusarunt
864 2745 1165 2822 statimque
1190 2744 1541 2822 legationem
1579 2743 1648 2804 ad
1687 2747 2086 2822 praetorianos
2111 2763 2236 2804 cum
2270 2747 2534 2807 manda-

503 2828 577 2887 tis
613 2825 1073 2904 destinaverunt,
1110 2827 1442 2906 displicere
1475 2829 1912 2906 imperatorem
1952 2827 2019 2888 in
2041 2827 2372 2906 Hispania
2411 2831 2531 2908 fa·
2558 2848 2608 2889 30

505 2917 705 2980 ctum,·
738 2909 1028 2989 eli92rent
1053 2912 1179 2989 ipsi
1204 2931 1381 2992 quem
1411 2913 1615 2974 cuncti
1653 2912 1964 2972 exercitus
2000 2909 2540 2990 comprobarent.

423 2997 485 3052 17
507 2993 677 3069 Quod
714 3004 776 3054 ut
825 2997 1135 3056 nuntiatum
1182 3005 1304 3072 est,
1348 2997 1651 3074 despectui
1701 3012 1835 3055 esse
1872 3013 1990 3055 non
2037 3005 2153 3056 tam
2201 3009 2544 3059 senectam

502 3096 661 3138 suam
696 3096 862 3157 quam
888 3079 1191 3140 orbitatem
1226 3089 1434 3157 rame,-
1463 3079 1734 3140 Pisonem
1767 3077 1945 3156 Frugi
1979 3079 2337 3141 Licinianum
2359 3127 2382 3159 ,
2419 3101 2542 3144 no-

501 3161 677 3221 bilem
704 3165 1125 3241 egregiumque
1149 3167 1416 3224 iuvenem
1437 3181 1504 3224 ac
1531 3163 1639 3224 sihi
1667 3163 1804 3224 olim
1829 3163 2296 3241 probatissimum
2325 3175 2545 3228 testa-

502 3254 811 3324 mentoque
838 3264 1068 3324 semper
1092 3249 1148 3307 in
1169 3248 1319 3308 bona
1344 3257 1402 3308 et
1436 3265 1647 3308 nomen
1681 3247 1998 3326 adscitum,
2034 3257 2282 3326 repente
2311 3267 2356 3308 e
2399 3269 2542 3312 me·
2567 3264 2614 3303 3⁵

504 3325 595 3387 dia
644 3328 1006 3389 salutantium
1050 3331 1215 3390 turba
1258 3331 1640 3410 adprehendit
1672 3331 1964 3410 filiumque
2007 3331 2320 3410 appellans
2380 3354 2542 3413 per-

504 3408 663 3469 duxit
714 3414 771 3469 in
812 3421 1000 3470 castra
1038 3431 1107 3473 ac
1143 3431 1250 3490 pro
1290 3417 1566 3476 contione
1603 3415 1930 3494 adoptavit,
1981 3434 2055 3476 ne
2091 3425 2226 3475 tunc
2261 3419 2545 3494 quidem

503 3490 758 3553 donativi
794 3491 910 3552 ulla
943 3496 1235 3555 mentione
1265 3498 1438 3558 facta.
1508 3499 1636 3574 Quo
1662 3499 1984 3560 faciliorem
2023 3501 2430 3564 occasionem
2455 3503 2551 3566 Μ.
