2700 4234
426 1221 630 1266 Suetonii

668 329 744 378 VI
1357 323 1774 374 PRAEFATIO.

677 493 968 560 postquam
997 484 1099 540 tali
1139 484 1536 554 aequabilitate
1583 485 1898 554 complures
1938 483 2245 554 scriptores
2276 481 2496 552 antiqui

680 569 834 626 felici
868 574 1067 624 eventu
1101 569 1169 624 ad
1201 567 1442 638 optimos
1470 568 1648 622 libros
1686 566 1869 624 exacti
1901 571 2059 635 sunt,
2095 564 2325 621 eandem
2353 580 2496 621 con-

678 652 935 710 stantiam
979 650 1037 705 in
1088 651 1197 716 hoc
1248 650 1528 722 scriptore
1572 665 1681 704 non
1730 649 1936 706 diutius
1981 647 2292 704 desiderari
2331 648 2492 720 passi

678 752 897 804 sumus,
936 739 992 789 et
1032 732 1142 788 nisi
1183 734 1521 790 voluntatem
1564 733 1716 790 vires
1759 733 2119 802 defecerunt,
2168 733 2277 788 hoc
2322 748 2498 804 prae-

676 826 828 876 stare
858 816 1045 873 conati
1079 833 1298 886 sumus,
1337 823 1400 872 ut
1428 815 1847 889 antiquissimos
1879 816 2216 888 eosdemque
2245 815 2496 887 optimos

676 902 854 956 libros
888 905 1078 955 nostra
1111 899 1285 954 editio
1328 900 1536 971 ubique
1573 905 1630 954 et
1672 899 1728 955 in
1773 899 2026 956 omnibus
2071 899 2240 954 rebus
2281 914 2498 970 aequa-

674 984 867 1041 biliter
896 983 1157 1039 referret.
1229 983 1292 1038 ld
1323 1000 1484 1054 quem
1515 982 1585 1038 ad
1616 983 1832 1039 medum
1861 981 2255 1038 instituendum
2288 981 2496 1037 existi·

675 1066 1005 1124 maverimus
1022 1107 1039 1136 ‚
1077 1065 1401 1122 docebimus
1419 1108 1434 1136 ,
1465 1062 1845 1138 postquam‘de
1869 1065 1982 1121 vita
2009 1071 2065 1119 et
2087 1064 2314 1136 scriptis
2346 1063 2499 1120 Sue-

674 1150 815 1206 tonii
844 1149 1095 1205 breviter
1130 1149 1572 1221 exposuerimus.

801 1231 859 1287 G.
888 1231 1186 1288 Suetonius
1220 1231 1576 1303 Tranquillus
1607 1247 1718 1303 quo
1747 1232 1989 1304 oppido,
2032 1248 2142 1303 quo
2182 1247 2394 1302 genere
2413 1225 2500 1306 ¹),

674 1332 785 1388 quo
824 1331 968 1371 anno
999 1321 1159 1370 natus
1193 1315 1297 1385 sit,
1341 1331 1448 1370 nec
1477 1315 1601 1387 ipse
1633 1315 1690 1369 in
1721 1316 1793 1372 iis
1823 1314 2044 1386 quidem
2074 1314 2235 1371 libris
2268 1312 2361 1385 qui
2392 1331 2502 1370 ae·-

674 1406 840 1457 tatem
874 1399 1119 1454 tulerunt
1152 1398 1412 1468 tradidit,
1449 1413 1632 1470 neque
1668 1398 1814 1471 apud
1844 1397 1986 1454 alios
2020 1399 2332 1470 scriptores
2371 1413 2502 1452 me·-

670 1483 882 1539 moriae
905 1481 1185 1554 proditum
1206 1482 1455 1554 reperio.
1512 1482 1604 1538 Ad.
1626 1481 1962 1552 Cisalpinam
1977 1479 2208 1538 Galliam
2233 1480 2501 1536 referen-

673 1567 799 1622 dum
824 1564 1107 1620 existimat
1134 1564 1373 1622 Vossius
1398 1565 1468 1621 de
1499 1565 1626 1621 hist.
1660 1565 1774 1621 Lat.
1806 1573 1858 1635 1,
1888 1571 1952 1623 31
1989 1569 2312 1635 argumento
2340 1565 2496 1621 haud

672 1649 748 1705 ita
780 1649 935 1705 firmo
958 1663 1112 1717 usus,
1146 1649 1293 1718 quod
1322 1647 1612 1708 familiaris
1645 1648 1816 1704 merit
1837 1647 1998 1702 Plinii
2025 1646 2264 1703 hominis
2280 1645 2496 1703 Trans-

670 1731 890 1805 padani.
981 1731 1111 1803 lpse
1156 1738 1550 1787 commemorat
1602 1738 1814 1802 patrem
1861 1731 2282 1786 Suetonium
2317 1731 2398 1786 La
2418 1748 2497 1786 e-

670 1822 802 1870 tum
842 1813 1065 1868 nomine
1109 1819 1167 1867 et
1197 1813 1443 1883 legionis
1473 1813 1599 1869 xlll
1639 1814 1700 1870 G:
1734 1814 1791 1868 P.
1825 1815 1883 1868 1².
1917 1815 2192 1873 tribunum
2235 1815 2496 1884 angusti-

670 1896 907 1952 clavium
942 1895 1268 1952 interfuisse
1313 1895 1658 1952 Betriacensi
1706 1897 1860 1952 bello
1889 1896 2085 1968 ‘Aprili
2129 1913 2318 1953 mense
2357 1897 2496 1953 anni

668 1987 755 2040 69.
803 1979 1024 2034 Laetum
1064 1993 1193 2033 mox
1232 1978 1431 2036 militia
1474 1979 1822 2051 perfunctum
1867 1981 2234 2038 matrimonio·
2259 1996 2497 2052 operam

669 2063 898 2119 dedisse
930 2061 1199 2132 putarim,
1231 2077 1353 2117 cum
1388 2062 1536 2118 filius
1566 2063 1621 2118 ei
1655 2069 1815 2120 natus
1846 2064 1921 2120 sit
1949 2063 2302 2135 Tranquillus
2330 2079 2364 2136 p
2383 2064 2498 2119 ri-

672 2147 805 2201 mis
839 2145 1286 2216 Vespasiani
1316 2145 1544 2201 annis.
1607 2146 1752 2203 Puer
1785 2153 1842 2202 et
1874 2153 2087 2220 patrem
2114 2153 2172 2201 et
2199 2163 2356 2203 avum
2385 2164 2496 2202 au·-

671 2229 813 2285 divit
850 2228 919 2284 de
954 2228 1125 2283 rebus
1158 2228 1358 2299 quibus
1387 2227 1496 2301 ipsi
1541 2228 1912 2287 interfuerant
1955 2237 2243 2287 narrantes
2273 2247 2329 2302 p.
2362 2235 2499 2302 127,

668 2317 754 2372 27.
798 2313 934 2381 213,
967 2307 1061 2368 24.
1110 2310 1212 2365 cfr.
1256 2328 1313 2383 p.
1346 2308 1493 2381 ¹300,
1533 2319 1584 2371 5.
1673 2313 2126 2370 Adulescentiam
2167 2313 2500 2371 Domitiano

669 2397 973 2466 imperante
1024 2411 1077 2449 a.
1122 2400 1345 2455 81-96
1383 2395 1504 2466 egit
1540 2397 1744 2454 Romae
1786 2414 1842 2469 p.
1881 2403 2018 2466 248,
2067 2403 2152 2456 36-
2212 2403 2347 2466 259,
2395 2404 2497 2458 16.

670 2485 804 2548 198,
840 2484 903 2542 6;
968 2492 1199 2548 quorum
1234 2477 1487 2535 locorum
1530 2487 1846 2552 postremus
1893 2480 1962 2537 ad
2009 2495 2206 2536 annum
2247 2481 2369 2536 fere
2416 2488 2494 2542 91

666 2562 949 2634 pertinere
979 2559 1221 2630 videtur,
1254 2577 1364 2632 quo
1398 2579 1544 2619 anno
1576 2569 1823 2620 mortuus
1856 2569 1944 2618 est
1964 2563 2322 2634 Vologaesus
2350 2563 2498 2621 Par-

672 2645 889 2699 thorum
928 2660 1046 2698 rex.

788 2727 871 2782 De
906 2725 1060 2782 virili
1097 2730 1281 2783 aetate
1312 2727 1619 2799 Tranquilli
1663 2745 1772 2785 non
1813 2730 1956 2786 adeo
2001 2730 2188 2784 tenuis
2217 2730 2495 2788 memoria

667 2816 929 2882 superest
956 2809 1011 2864 in
1044 2808 1412 2866 Plinianis
1453 2812 1822 2884 epistulis.
1895 2812 2096 2869 Earum
2129 2812 2326 2884 scripti
2356 2821 2498 2870 sunt

666 2907 867 2950 novem
901 2892 1030 2948 libri
1059 2892 1281 2964 priores
1312 2899 1444 2965 post
1473 2895 1773 2951 Domitiani
1806 2902 2038 2952 mortem
2067 2902 2126 2953 et
2157 2901 2285 2951 ante
2317 2895 2492 2955 Plinii

800 3034 854 3100 1)
885 3036 1043 3110 Huius
1067 3039 1237 3104 gentis
1268 3041 1604 3106 antiquiorem
1638 3055 1740 3091 non
1769 3042 1890 3092 novi
1915 3057 2068 3106 quam
2093 3043 2150 3094 G.
2182 3041 2492 3096 Suetonium

660 3104 927 3155 Paulinum
960 3104 1055 3154 sub
1088 3105 1298 3158 Claudio
1334 3117 1384 3158 et
1415 3109 1616 3160 Nerone
1651 3109 1830 3160 bellica
1859 3110 2010 3162 laude
2041 3112 2230 3164 clarum
2261 3113 2492 3176 itemque

661 3187 830 3222 rerum
878 3188 907 3222 a
953 3188 1009 3222 se
1050 3183 1312 3242 gestarum
1342 3179 1640 3244 scriptorem
1679 3177 1834 3243 (Pliu.
1876 3193 1927 3230 n.
1966 3178 2019 3231 h.
2057 3179 2091 3230 5
2133 3179 2183 3243 §-
2219 3179 2340 3244 14),
2392 3182 2490 3245 qui

658 3249 915 3306 pestremo
944 3241 995 3290 in
1025 3242 1336 3296 Betriacensi
1371 3246 1478 3295 acie
1503 3244 1800 3297 Othonianis
1830 3247 1992 3312 copiis
2022 3249 2254 3312 interque
2283 3261 2371 3299 eas
2408 3249 2488 3299 le-

658 3309 801 3374 gioni
821 3306 941 3358 XIII
962 3311 1187 3374 praefuit
1201 3349 1215 3372 ,
1254 3321 1309 3363 ut
1332 3313 1490 3364 refert
1513 3313 1716 3366 Tacitus
1739 3315 1858 3367 hist.
1887 3317 1938 3375 2,
1963 3317 2048 3368 24.
2083 3319 2170 3368 44.
2247 3316 2488 3368 Omnium

656 3383 945 3443 postremus
986 3393 1101 3429 esse
1142 3379 1342 3431 videtur
1386 3380 1660 3434 Suetonius
1697 3383 1996 3449 optatianus
2009 3422 2025 3448 ‚
2064 3387 2152 3450 qui
2182 3385 2342 3436 Taciti
2383 3386 2472 3436 im·

692 3443 904 3494 cratoris
936 3459 985 3498 a.
1022 3447 1125 3497 275
1155 3455 1205 3497 et
1244 3449 1346 3500 276
1386 3450 1540 3500 vitam
1581 3452 1812 3519 scripsit,
1862 3460 1918 3503 nt
1953 3453 2206 3522 Vopiscus
2236 3453 2390 3506 tradit
2423 3455 2484 3505 ln

653 3512 833 3629 magia
864 3511 947 3567 11.
1022 3511 1402 3580 Tranquillinus
1447 3519 1650 3583 quidam
1703 3518 1917 3570 Sanctus
1969 3529 2049 3573 est
2094 3521 2339 3573 ecclesiae
2375 3520 2480 3572 Ro-
