2700 4234
1163 304 1373 354 mmo.
2159 303 2268 362 171

276 461 423 520 inter
462 456 769 519 sollemnia
812 459 1078 539 triumphi
1113 469 1531 539 prosequente.
1573 459 1640 520 ln
1679 459 1832 520 hunc
1859 461 2000 522 dixit
2026 463 2274 526 Licinius

279 540 525 603 Crassus
550 549 749 606 orator
766 585 784 618 ‚
819 559 948 604 non
967 560 1104 604 csse
1126 544 1507 620 mirandum,
1541 543 1708 623 quod
1731 561 1988 606 aeneam
2011 546 2275 610 barbam

272 623 561 699 haberet,
602 624 709 684 cuc·
748 641 821 686 os
858 624 1169 704 ferreum,
1216 645 1327 690 cer
1349 625 1702 704 plumbeum
1745 636 1923 690 esset.
1990 629 2274 694 Huius-li·

272 710 383 771 lius
416 716 654 787 praetor
685 705 751 766 C.
786 706 1098 774 Caesarem
1133 709 1440 774 abeuntem
1483 711 1815 787 consulatu,
1858 730 2028 790 quem
2069 715 2272 776 adver·

222 809 249 848 a
274 812 380 854 sus
409 791 671 872 auspicia
702 791 989 872 legesque
1020 795 1283 870 gessisse
1316 793 1780 871 existimabatur,
1823 794 1896 858 ad
1926 795 2269 877 disquisitio-

272 894 405 939 nem
430 883 663 936 senatus
686 878 949 945 vocavi&
985 894 1121 939 mox
1154 877 1360 938 consul
1381 879 1790 956 imperatorem
1817 876 1888 938 ab
1919 882 2272 943 exercitibus

274 960 515 1024 Gallicis
542 957 843 1020 rettahere
886 961 1218 1039 temptavit,
1266 977 1694 1039 successorque
1725 962 1778 1020 ei
1823 978 1931 1039 per
1963 963 2272 1026 factionem

272 1045 625 1119 nominatus,
689 1043 976 1123 principio
1024 1045 1213 1104 civilis
1253 1043 1397 1107 belli
1435 1043 1508 1104 ad
1553 1042 1867 1105 Corfinium
1913 1057 2118 1126 captus
2162 1057 2269 1108 est.

273 1126 441 1190 Unde
474 1125 739 1186 dimissus
768 1126 1150 1188 Massiliensis
1182 1125 1486 1189 obsidione
1517 1126 1833 1188 laborantis
1872 1148 1997 1189 cum
2023 1130 2271 1192 adventu

206 1225 256 1267 ιο
274 1228 380 1272 suo
414 1211 849 1286 confirmasset,
890 1220 1134 1290 repente
1166 1211 1455 1287 destituit,
1493 1212 1736 1289 acieque
1777 1211 2002 1272 demum
2033 1214 2272 1276 Pharsa-

274 1297 391 1356 lica
428 1291 727 1362 occubuit3
786 1297 873 1354 vir
915 1312 1105 1373 neque
1148 1297 1287 1354 satis
1331 1304 1601 1356 constans
1633 1303 1692 1354 et
1719 1296 1958 1372 ingenio
1991 1298 2173 1376 truci,
2218 1300 2275 1358 in

274 1379 687 1457 desperatione
716 1395 908 1438 rerum
944 1387 1186 1438 mortem
1222 1380 1429 1438 timore
1463 1379 1778 1457 appetitam
1807 1381 1881 1438 ita
1916 1383 2180 1460 expavit,
2217 1390 2276 1441 ut

272 1463 535 1537 haustum
573 1478 855 1522 venenum
892 1463 1245 1540 paenitentia
1291 1463 1612 1522 evomuerit
1653 1461 2051 1542 medicumque
2085 1483 2273 1524 manu-

274 1547 525 1621 miserit‚
559 1543 713 1623 quod
742 1544 853 1604 sibi
882 1543 1137 1624 prudens
1170 1563 1241 1605 ac
1264 1546 1457 1606 sciens
1487 1547 1672 1605 minus
1699 1547 1930 1606 noxium
1958 1557 2273 1627 temperas-

206 1638 385 1690 nsset.
434 1626 810 1688 consultante
844 1637 1033 1690 autem
1066 1627 1185 1690 CN.
1222 1629 1500 1707 Pompeio
1532 1628 1607 1691 de
1647 1628 1852 1688 mediis
1902 1649 1970 1690 ac
2017 1642 2274 1692 neutram

279 1720 501 1791 partem
534 1712 939 1790 sequentibus,
973 1713 1135 1772 solus
1165 1715 1392 1773 censuit
1418 1712 1668 1773 hostium
1689 1730 1928 1772 numero
1951 1713 2270 1775 habendos.

402 1795 657 1874 Reliquit
688 1795 861 1856 filium
894 1796 1153 1857 omnibus
1179 1798 1373 1871 gentis
1413 1814 1551 1858 suae
1588 1794 1794 1874 procul
1835 1796 2010 1856 dubio
2042 1797 2269 1876 praese·
2296 1821 2327 1872 3

277 1879 535 1940 rendum.
580 1877 637 1937 Is
671 1879 819 1939 inter
863 1881 1135 1941 conscios
1178 1878 1565 1940 Caesarianae
1606 1881 1768 1944 neeis
1816 1897 2154 1958 quamquam
2187 1883 2268 1940 in-

276 1981 419 2024 sons
457 1963 750 2023 damnatus
792 1963 928 2040 lege
971 1963 1175 2040 Pedia,
1222 1981 1347 2024 cum
1395 1963 1466 2024 ad
1517 1961 1776 2024 Cassium
1815 1962 2162 2044 Brutumque
2209 1984 2272 2023 se

203 2070 259 2112 ιο
278 2064 604 2126 propinqua
635 2046 744 2106 sibi
774 2049 1124 2124 cognatione
1155 2049 1382 2108 iunctos
1415 2048 1778 2124 contulisset,
1813 2057 1946 2127 post
1976 2051 2272 2127 utriusque

272 2131 557 2191 interitum
590 2131 840 2194 classem
872 2131 1009 2190 olim
1046 2133 1409 2194 commissam
1446 2127 1704 2207 retinuit,
1743 2133 1898 2191 auxit
1923 2133 2126 2208 etiam,
2164 2151 2274 2191 nec

272 2216 383 2274 nisi
418 2213 675 2293 partibus
706 2213 916 2292 ubique
948 2215 1275 2293 profligatis
1301 2215 1377 2276 M.
1424 2213 1678 2276 Antonio
1721 2223 1928 2294 sponte
1974 2223 2031 2274 et
2072 2218 2272 2292 ingen-

271 2299 346 2358 tis
376 2299 562 2356 meriti
593 2297 729 2358 loco
755 2297 1016 2368 tradidit;
1052 2299 1330 2377 solusque
1364 2300 1610 2358 omnium
1639 2317 1713 2357 ex
1736 2300 1836 2374 iis,
1871 2300 1968 2374 qui
1985 2301 2107 2378 pari
2137 2299 2272 2375 lege

272 2381 519 2442 damnati
570 2389 769 2456 erant,
820 2383 1115 2442 restitutus
1158 2383 1215 2442 in
1263 2384 1532 2460 patriam,
1588 2381 1978 2460 amplissimos
2016 2381 2273 2442 honores
2319 2397 2340 2416 ·

193 2485 256 2525 25
275 2465 671 2542 percucurrit;
704 2482 775 2523 ac
799 2463 1037 2525 subinde
1062 2466 1456 2543 redintegrata
1479 2465 1846 2526 dissensione
1871 2465 2058 2543 civili,
2085 2465 2272 2525 eidem

271 2547 529 2607 Antonio
566 2545 831 2623 legatus,
868 2547 1114 2611 delatam
1146 2549 1254 2610 sibi
1297 2567 1568 2610 summam
1601 2551 1826 2629 imperii
1870 2549 1940 2608 ab
1973 2551 2074 2627 iis,
2126 2566 2272 2628 quos

270 2629 625 2708 Cleopatrae
652 2630 938 2709 pudebat,
971 2651 1159 2712 neque
1180 2631 1484 2713 suscipere
1508 2651 1698 2711 neque
1727 2650 2004 2692 recusare
2029 2634 2272 2694 fidenter

271 2722 518 2793 propter
556 2713 795 2774 subitam
838 2716 1209 2776 valitudinem
1246 2735 1451 2794 ausuS,
1499 2719 1720 2778 transiit
1762 2716 1832 2776 ad
1862 2715 2185 2793 Augustum
2215 2725 2273 2774 et

271 2800 331 2856 in
355 2797 555 2858 diebus
587 2799 789 2876 paucis
814 2799 985 2875 obiit,
1016 2801 1291 2860 nonnulla
1318 2811 1377 2860 et
1399 2803 1528 2880 ipse
1553 2801 1782 2860 infamia
1804 2815 2098 2876 aspersus.
2127 2799 2270 2860 Nam

188 2903 253 2946 :30
273 2880 559 2941 Antonius
590 2899 718 2942 eum
750 2880 1043 2942 desiderio
1075 2886 1293 2944 amicae
1331 2884 1618 2962 Serviliae
1656 2882 1855 2943 Naidis
1887 2883 2270 2960 transfugisse

268 2966 523 3024 iactavit.
1272 3021 1289 3034 ,

392 3047 485 3108 Ex
515 3048 629 3108 hoc
648 3048 935 3110 Domitius
957 3051 1244 3126 nascitur,
1276 3068 1446 3129 quem
1473 3059 1792 3129 emptorem
1823 3048 2072 3110 familiae
2097 3065 2270 3126 pecu—
2293 3058 2328 3111 4

268 3132 517 3209 uiaeque
552 3134 609 3191 in
638 3141 981 3194 testamento
1014 3133 1263 3210 Augusti
1292 3135 1475 3194 fuisse
1505 3151 1644 3194 mox
1672 3133 1850 3210 vulgo
1875 3141 2130 3192 notatum
2163 3140 2270 3208 est,

268 3231 385 3274 non
416 3216 599 3275 minus
629 3216 927 3293 aurigandi
968 3224 1093 3276 arte
1126 3218 1184 3275 in
1216 3216 1611 3277 adulescentia
1645 3216 1840 3276 clarus
1873 3234 2038 3295 quam
2064 3215 2272 3275 deinde

188 3301 619 3360 sternumentis
650 3299 1087 3379 triumphalibus
1120 3317 1195 3358 ex
1231 3299 1578 3360 Germanico
1623 3299 1806 3362 bello.
1864 3301 2083 3362 Verum
2115 3315 2271 3360 arro-

266 3397 449 3457 gans,
480 3383 789 3461 profusu8‚
835 3385 1065 3443 immitis
1097 3401 1400 3444 censorem
1430 3383 1492 3442 L.
1529 3383 1802 3444 Plancum
1837 3387 1929 3445 via
1961 3383 2068 3443 sibi
2099 3383 2270 3444 dece-

264 3463 407 3537 dere
436 3465 643 3525 aedilis
676 3469 902 3544 c.oegit;
959 3475 1265 3544 praeturae
1312 3467 1760 3546 consulatusque
1790 3468 2016 3528 honore
2049 3467 2273 3544 equites

260 3546 334 3608 R.
390 3559 800 3633 matronasque
858 3549 930 3610 ad
979 3549 1262 3627 agendum
1310 3551 1538 3610 mimum
1585 3551 1858 3630 produxit
1898 3553 1953 3611 in
1984 3566 2269 3609 scaenam.
