2700 4234
519 288 641 349 172
682 298 743 347 c.
780 298 1081 347 suu'rom
1119 296 1378 357 TRANQ.
1409 297 1506 344 DE:
1536 296 2119 346 vrrA‘CAESAmm
2150 298 2283 345 Lm.
2312 296 2397 343 v1.

517 454 878 514 venationes
909 460 970 512 et
999 454 1054 511 in
1085 454 1243 513 circo
1275 460 1334 511 et
1363 453 1420 509 in
1460 450 1723 511 omnibus
1753 450 1918 511 urbis
1958 450 2301 529 regionibus
2342 450 2499 529 dedit,

519 555 720 597 munus
741 539 913 597 etiam
935 535 1359 613 gladiatorium,
1393 534 1498 594 sed
1515 543 1670 596 tanta
1696 536 1967 611 saevitia,
2001 543 2064 595 ut
2087 551 2331 595 necesse
2351 535 2500 595 fuerit

461 631 494 681 5
519 620 784 698 Augusto
818 619 966 680 clam
998 620 1208 679 frustra
1241 620 1515 678 monitum
1544 618 1740 679 edicto
1774 635 2093 681 coercere.
2161 618 2255 679 Ex
2278 617 2500 677 Antonia

519 706 741 765 maiore
770 712 990 783 patrem
1020 702 1272 767 Neronis
1308 704 1677 783 procreavit,
1708 704 1861 762 omni
1894 710 2070 783 parte
2097 703 2251 762 vitae
2280 699 2497 761 detesta-

519 788 714 848 bilem.
791 786 1085 866 Siquidem
1141 803 1342 847 comes
1391 786 1466 847 ad
1508 786 1803 846 Orientem
1850 784 1921 847 C.
1964 784 2245 847 Caesaris
2285 786 2497 861 iuvenis,
2520 798 2539 837 ε

523 872 724 933 occiso
755 869 970 930 liberto
1003 887 1150 946 suo,
1192 870 1349 949 quod
1389 879 1596 949 potare
1636 879 1905 949 quantum
1954 868 2266 929 iubebatur
2296 886 2498 928 recusa·

519 964 638 1030 rat,
669 954 940 1013 dimissus
971 972 1006 1013 e
1041 954 1284 1014 cohorte
1313 956 1628 1013 amicorum
1660 953 1839 1015 nihilo
1863 954 2194 1014 modestius
2223 952 2375 1011 vixit.
2405 948 2501 1011 Sed

521 1048 580 1099 et
611 1039 668 1097 in
697 1038 826 1099 viae
856 1037 1088 1117 Appiae
1118 1039 1252 1097 vico
1281 1046 1528 1117 repente
1558 1055 1801 1116 puerum
1846 1039 2046 1099 citatis
2090 1036 2352 1096 iumentis
2377 1031 2501 1094 haud

519 1125 756 1199 ignarus
787 1122 1054 1197 obtrivit,
1091 1129 1149 1179 et
1177 1120 1399 1181 Romae
1428 1120 1618 1180 medio
1650 1116 1788 1181 foro'
1816 1121 2049 1181 cuidam
2078 1120 2260 1199 equiti
2286 1118 2351 1179 R.
2381 1116 2497 1177 libe·

521 1206 640 1266 rius
685 1207 930 1282 iurganti
973 1203 1204 1264 oculum
1247 1207 1423 1271 eruit:
1490 1204 1771 1285 perfidiae
1818 1222 1968 1265 vero
2018 1213 2251 1279 tantae,
2304 1210 2360 1261 ut
2406 1211 2548 1259 nonffl

519 1288 692 1348 modo
725 1288 1088 1365 argentarios
1119 1289 1324 1367 pretiis
1351 1306 1545 1349 rerum
1576 1298 2012 1367 coemptarum,
2050 1287 2159 1349 sed
2192 1295 2249 1347 et
2277 1287 2332 1345 in
2360 1302 2496 1363 prae-

464 1414 479 1424 *
518 1382 645 1432 tura
677 1370 954 1431 mercede
1004 1371 1318 1449 palmarum
1360 1374 1683 1450 aurigarios
1718 1372 2113 1442 fraudaverit;
2186 1377 2404 1430 notatus
2437 1364 2497 1424 ob

519 1455 668 1515 haec
693 1464 750 1515 et
774 1456 1000 1515 sororis
1024 1456 1230 1532 ioco,*
1265 1455 1641 1535 querentibus
1664 1455 1913 1516 dominis
1945 1456 2265 1517 factionum
2296 1466 2496 1531 reprae-

524 1536 800 1599 sentanda
843 1540 1099 1618 praemia
1140 1541 1198 1599 in
1240 1549 1539 1619 posterum
1580 1540 1785 1601 sanxit.
1846 1539 2178 1601 Maiestatis
2218 1552 2432 1617 quoque
2456 1540 2502 1589 et

524 1622 935 1685 adulteriorum
974 1623 1298 1703 incestique
1342 1642 1469 1683 cum
1508 1640 1715 1685 sorore
1745 1623 1973 1703 Lepida
2016 1624 2126 1683 sub
2160 1636 2396 1682 excessu
2427 1615 2553 1675 'fi-1⁵

523 1706 650 1767 beri
693 1726 861 1784 reus,
925 1710 1237 1767 mutatione
1294 1716 1620 1787 temporum
1662 1708 1851 1768 evasit
1900 1708 2281 1785 decessitque
2324 1698 2499 1775 Pyrgis

523 1790 726 1851 morbo
759 1808 944 1869 aquae
976 1792 1305 1868 intercutis,
1356 1791 1585 1852 sublato
1630 1790 1750 1852 filio
1792 1790 2041 1851 Nerone
2079 1809 2157 1852 ex
2188 1784 2498 1865 Agrippina,

526 1874 866 1935 Germanico
893 1874 1107 1950 genita.

463 1972 499 2027 6
645 1956 806 2016 Nero
837 1965 1003 2016 natus
1035 1966 1127 2016 est
1169 1956 1306 2017 Anti
1351 1965 1486 2035 post
1529 1955 1696 2020 v1111
1747 1975 2013 2019 mensem
2054 1974 2225 2037 quam
2267 1950 2499 2015 Tiberius

522 2041 808 2117 excessit,
845 2038 1058 2100 XVIII.
1091 2039 1183 2099 Kl.
1220 2039 1340 2121 lap.
1372 2049 1590 2101 tantum
1622 2041 1777 2119 quod
1810 2046 2123 2103 exoriente
2153 2039 2311 2114 sole,
2338 2042 2549 2115 paenam

520 2132 580 2185 ut
627 2123 812 2185 radiis
862 2126 1022 2202 prius
1071 2142 1237 2203 quam
1267 2131 1425 2185 terra
1458 2126 1914 2202 contingeretur.
1982 2126 2075 2186 De
2106 2126 2364 2204 genitura
2396 2118 2499 2176 eius

522 2210 710 2267 statim
751 2208 928 2268 multa
961 2217 1018 2269 et
1059 2207 1445 2269 formidolosa
1479 2209 1669 2270 multis
1704 2210 2165 2286 coiectantibus,
2220 2199 2497 2285 praesagio

521 2292 626 2352 fuit
658 2292 827 2352 etiam
866 2291 1100 2353 Domitii
1141 2293 1325 2372 patris
1370 2310 1521 2370 vox,
1564 2294 1714 2352 inter
1757 2292 2181 2369 gratulationes
2220 2290 2498 2350 amicorum

449 2385 462 2399 ·
517 2377 804 2456 neqantis
841 2375 1168 2457 quicquam
1206 2394 1285 2437 σω
1314 2394 1385 2436 se
1427 2383 1485 2437 et
1510 2374 1865 2457 Aqrippina
1904 2377 2035 2438 nisi
2082 2368 2429 2437 detestabile
2453 2368 2500 2423 el

521 2460 688 2521 malo
724 2457 979 2535 publico
1027 2460 1212 2521 nasci
1234 2460 1531 2538 potuisse.
1595 2460 1869 2533 Eiusdem
1902 2461 2133 2522 futurae
2174 2449 2495 2518 infelicitatis
2510 2454 2549 2495 2⁵

521 2544 746 2619 signum
779 2542 1020 2602 evidens
1048 2543 1142 2603 die
1173 2543 1419 2605 lustrico
1454 2544 1671 2614 extitit3
1714 2560 1844 2604 nam
1880 2542 1947 2604 G.
1985 2544 2240 2618 Caesar,
2281 2540 2496 2613 rogante

521 2642 732 2685 sorore
767 2634 826 2684 ut
856 2625 1060 2685 infanti
1094 2626 1250 2706 quod
1284 2626 1468 2687 vellet
1498 2644 1707 2688 nomen
1738 2626 1933 2705 daret,
1970 2632 2199 2689 intuens
2234 2617 2496 2684 Claudium

521 2718 783 2789 patruum
815 2728 1007 2787 suum,
1038 2730 1070 2772 a
1105 2728 1219 2789 quo
1253 2727 1391 2771 mox
1420 2714 1687 2792 principe
1714 2711 1876 2772 Nero
1906 2712 2217 2793 adoptatus
2247 2714 2357 2780 est,
2386 2700 2498 2759 eius

520 2812 591 2854 se
619 2794 760 2854 dixit
789 2795 979 2871 dare,
1013 2812 1206 2874 neque
1235 2796 1364 2873 ipse
1398 2797 1552 2856 serio
1586 2795 1691 2855 sed
1715 2813 1823 2874 per
1846 2798 2061 2874 iocmn,
2096 2803 2155 2855 et
2176 2788 2495 2871 aspernante

398 2912 406 2921 ·
521 2878 880 2957 Agrippina,
912 2879 1066 2958 quod
1097 2888 1212 2939 tum
1250 2878 1523 2940 Claudius
1553 2881 1701 2939 inter
1732 2878 1975 2942 ludibria
2008 2880 2176 2941 aulae
2209 2880 2346 2935 erat.

688 2962 972 3023 Trimulus
1010 2973 1232 3043 patrem
1267 2964 1674 3034 amisit;·cuius
1705 2981 1780 3023 ex
1811 2974 1978 3043 parte
2012 2964 2184 3025 tertia
2210 2959 2402 3028 heres,
2434 2963 2495 3006 ne

519 3048 668 3108 hanc
697 3048 927 3127 quidem
960 3048 1244 3125 integram
1274 3049 1463 3125 cepit,
1499 3049 1785 3125 correptis
1814 3066 1923 3126 per
1944 3044 2287 3109 coheredem
2320 3036 2493 3099 Gaium

518 3132 806 3193 universis
846 3132 1036 3193 bonis.
1099 3131 1174 3193 Et
1235 3129 1479 3191 subinde
1520 3140 1704 3191 matre
1755 3134 1925 3192 etiam
1974 3131 2269 3208 relegata,
2326 3129 2491 3201 paene

518 3214 690 3292 inops
723 3225 895 3295 atque
929 3234 1114 3293 egeus
1159 3215 1311 3295 apud
1359 3216 1583 3276 amitam
1626 3214 1901 3293 Lepidam
1948 3215 2191 3277 nutritus
2229 3215 2341 3282 est,
2396 3194 2487 3295 §qb

519 3296 742 3356 duobus
773 3298 1140 3378 paedagogis
1172 3300 1450 3360 saltatore
1486 3308 1658 3377 atque
1700 3307 1961 3360 tonsore.
2015 3300 2233 3359 Verum
2273 3280 2544 3349 claud1o³⁵

516 3380 816 3457 imperium
847 3382 1090 3460 adepto,
1125 3400 1241 3443 non
1271 3383 1458 3444 solum
1490 3392 1763 3463 paternas
1794 3399 1944 3463 opes
1973 3374 2349 3462 reciperavit,
2398 3358 2489 3461 84ξᾶ

518 3471 576 3523 et
618 3460 810 3543 Crispi
864 3464 1127 3527 Passieni
1172 3467 1360 3526 vitrici
1404 3468 1491 3527 sui
1540 3464 1862 3528 hereditate
1906 3466 2114 3529 ditatus
2154 3467 2260 3523 est.
2314 3452 2485 3515 Gratlfl

516 3545 742 3623 quidem
779 3558 838 3608 et
883 3551 1141 3629 potentia
1183 3558 1501 3610 revocatae
1540 3550 1959 3632 restitutaeque
1990 3549 2185 3613 matris
2224 3554 2395 3619 usque
2424 3544 2485 3589 ⁶⁰
