2700 4234
662 341 759 389 011
1340 334 1755 387 PRAEFATIO.

663 499 828 556 tariis
861 503 1205 555 contractum
1236 497 1501 553 Historiis
1534 504 1585 567 6,
1610 502 1642 557 7
1675 513 1797 568 sqq.
1826 496 2094 567 inseruit,
2130 498 2272 553 haec
2305 500 2477 554 verba

663 582 1021 656 praeposuit:
1068 579 1258 637 ‘Hanc
1299 581 1593 637 historiam
1627 579 1927 637 Suetonius
1957 580 2311 653 Tranquillus
2358 582 2452 654 ple

664 666 894 723 nissime
941 664 1249 737 explicuit,
1284 664 1458 732 ‚cuius
1507 682 1609 721 nos
1657 670 2038 737 competentes
2094 665 2480 736 portiunculas

665 748 1047 821 decerpsimus
1064 749 1104 802 '.
1196 748 1403 804 Eadem
1441 749 1613 804 verba
1647 748 1846 804 Paulus
1882 748 2165 804 Diaconus
2207 748 2262 803 in
2293 749 2479 805 Histo-

665 834 800 889 riam
833 848 986 888 suam
1018 832 1327 888 miscellam
1365 834 1583 904 recepit
1621 832 1886 903 multique
1923 832 2233 905 scriptores
2265 834 2481 890 mediae

668 916 865 973 aetatis
922 916 1341 987 repetiverunt,
1395 916 1576 971 donec
1624 933 1674 970 a.
1734 920 1870 974 1544
1918 915 2192 971 Robertus
2242 917 2482 988 Stepha-

665 1017 767 1056 nus
828 1001 973 1056 hanc
1033 999 1253 1054 scilicet
1312 994 1685 1073 ‘Eutropii⁹⁹)
1746 998 2024 1071 epitomen
2089 1000 2224 1055 belli
2284 999 2482 1055 Gallici

667 1101 739 1139 ex
782 1082 1037 1139 Suetonii
1096 1082 1406 1154 Tranquilli
1455 1083 1820 1138 monumentis
1866 1099 2007 1153 quae
2049 1081 2479 1139 desiderantur'

668 1173 929 1239 separato
972 1166 1170 1222 libello
1205 1167 1434 1235 ederet,
1486 1183 1645 1237 quam
1677 1166 2024 1238 posteriores
2067 1166 2315 1221 nonnulli
2360 1182 2482 1221 cum

670 1251 1025 1307 Caesarianis
1080 1249 1489 1305 commentariis
1551 1250 1974 1306 coniunxerunt.
2064 1248 2252 1321 Neque
2305 1250 2481 1305 minus

669 1334 935 1390 Sidonius
966 1332 1311 1405 Apollinaris
1344 1333 1707 1404 epistolarum
1739 1338 1806 1406 9,
1843 1341 1938 1403 14,
1973 1334 2067 1390 ubi
2100 1332 2481 1389 difficillimam

667 1434 784 1473 rem
805 1434 935 1473 esso
962 1418 1043 1473 ait
1068 1415 1193 1471 Iulii
1213 1416 1474 1472 Caesaris
1499 1417 1693 1472 laudes
1730 1418 2043 1485 celebrare,
2077 1433 2198 1471 cum
2214 1416 2355 1473 Livii
2383 1433 2480 1472 vo-

668 1501 893 1571 lumina,
926 1500 1123 1573 ‘opera
1158 1500 1463 1569 Suetonii',
1488 1500 1714 1556 iuvenci
1741 1500 2009 1556 Martialis
2036 1500 2294 1569 historia,
2326 1500 2484 1557 Balbi

669 1585 985 1657 ephemeris
1008 1578 1101 1657 ¹⁰⁰)
1144 1583 1310 1639 fando
1351 1584 1718 1663 adaequanda·
1744 1584 1885 1653 sint,
1941 1584 2216 1639 bellorum
2262 1589 2316 1638 et
2360 1584 2483 1655 ipse

668 1669 999 1740 scriptorem
1012 1666 1235 1723 videtur
1259 1666 1585 1722 Suetonium
1614 1666 2046 1724 existimavisse.
2113 1666 2327 1733 Quodsi
2359 1667 2483 1737 quis

670 1756 931 1824 quaerat,
981 1766 1091 1821 quo
1125 1751 1288 1806 modo
1319 1756 1428 1806 tam
1462 1752 1639 1822 turpis
1673 1766 1834 1806 error
1876 1750 2014 1806 oriri
2049 1750 2334 1822 potuerit,
2374 1752 2486 1805 hoc

668 1836 801 1891 mihi
848 1835 1086 1890 omnium
1116 1834 1354 1889 maxime
1396 1834 1696 1905 probatur,
1747 1839 1806 1888 ut
1847 1834 2100 1890 codicum
2144 1834 2484 1904 quorundam

670 1917 1133 1974 caesarianorum
1163 1916 1445 1988 principio
1475 1916 1880 1989 praescriptum
1916 1918 2094 1973 fuisse
2125 1923 2314 1990 putem
2344 1917 2486 1972 Sue-

668 2002 810 2057 tonii
841 2001 931 2056 vel
962 2000 1239 2070 integrum
1260 2000 1466 2055 Divum
1493 2000 1690 2055 Iulium
1723 2001 1812 2055 vel
1847 2017 1970 2057 eum
2001 2002 2184 2056 locum
2214 2000 2308 2071 qui
2339 2000 2486 2055 infra

668 2102 722 2157 p.
756 2090 860 2151 24,
901 2089 966 2142 21
1011 2084 1080 2139 de
1122 2083 1534 2139 commentariis
1578 2082 1776 2139 Gallici
1820 2084 2117 2156 civilisque
2158 2084 2296 2139 belli
2329 2083 2486 2139 Pom-

668 2168 855 2241 peiani
901 2166 1128 2238 legitur.
1218 2168 1299 2222 lta
1346 2167 1469 2222 lieri
1505 2167 1717 2239 potuit,
1775 2174 1834 2222 ut
1873 2168 2128 2224 Suetonii
2183 2182 2383 2222 nomen
2428 2167 2484 2222 in

669 2251 949 2324 principio
992 2250 1412 2321 grandibusque
1458 2250 1664 2305 litteris
1711 2250 1976 2323 scriptum
2017 2267 2123 2323 pro
2166 2250 2329 2305 titulo
2359 2250 2486 2306 uni-

668 2334 822 2390 versi
853 2334 1112 2405 corporis
1142 2335 1461 2390 haberetur.
1518 2334 1773 2389 Ceterum
1797 2334 1888 2390 vel
1921 2342 2050 2406 post
2082 2340 2305 2389 renatas
2332 2334 2486 2389 litte-

668 2434 762 2474 ras
798 2418 980 2473 eidem
1010 2418 1193 2472 errori
1228 2417 1602 2473 obstrinxisse
1637 2418 2067 2474 senLudovicum
2098 2417 2292 2473 nescio
2321 2432 2488 2488 quem

674 2501 985 2557 Caduccum
1030 2501 1297 2570 cognovi.

373 2575 634 2669 ὦῶζξὶξι
800 2583 949 2638 Satis
995 2589 1156 2638 notus
1205 2590 1293 2639 est
1337 2584 1563 2639 libellus
1622 2584 1703 2639 de
1751 2574 1970 2640 Viris'
2016 2583 2486 2653 illustribus,

672 2668 767 2738 qui
809 2666 979 2722 hodie
1011 2665 1275 2724 Andreae
1312 2666 1529 2722 Schotti
1578 2667 1910 2723 auctoritate
1955 2673 2012 2722 et
2053 2666 2310 2737 exemplo
2362 2682 2485 2720 cum

670 2750 906 2806 Aurelio
939 2749 1171 2805 Victore
1218 2750 1307 2806 edi
1351 2750 1530 2814 solet;
1577 2766 1681 2804 nec
1715 2750 1851 2806 latet
1882 2756 2136 2821 quantum
2178 2749 2227 2803 is
2265 2749 2486 2819 negotii

672 2834 854 2890 doctis
898 2832 1213 2888 homiuibus
1262 2832 1559 2889 creaverit.
1652 2833 1862 2905 Scripti
1916 2832 2059 2887 enim
2108 2831 2239 2887 libri
2294 2847 2486 2886 omnes

670 2916 904 2971 Plinium
938 2921 1221 2970 auctorem
1257 2916 1667 2985 demonstrant,
1719 2917 1864 2972 huuc
1909 2916 2028 2971 fere
2069 2915 2283 2973 titulum
2319 2930 2484 2985 prae-

674 2996 948 3053 ferentes:
998 2997 1123 3053 Gaii
1150 2998 1319 3052 Plinii
1355 2998 1596 3054 Secundi
1620 3001 1858 3053 oratoris
1897 2998 2227 3054 Veronensis
2257 2998 2324 3051 de
2353 2999 2488 3052 viris

669 3080 964 3136 illustribus
993 3080 1127 3135 liber
1163 3080 1285 3137 sive
1314 3081 1541 3136 libellus.
1622 3081 1826 3136 Verum
1859 3083 2064 3152 exigua
2098 3088 2184 3137 est
2215 3082 2487 3136 librorum

671 3164 1008 3234 uctoritas,
1054 3179 1174 3219 cum
1219 3165 1295 3220 ita
1339 3170 1599 3221 recentes
1650 3181 1840 3221 omnes
1887 3164 1999 3220 sint
2038 3170 2097 3219 ut
2137 3182 2205 3220 ne
2260 3166 2328 3219 ad
2359 3164 2484 3219 Xlll

806 3330 897 3393 99)
937 3327 1167 3393 Eutropii
1200 3327 1333 3376 enim
1373 3327 1576 3377 nomine
1617 3328 1701 3379 illo
1740 3335 1967 3393 tempore
2009 3328 2234 3379 Miscella
2272 3327 2488 3379 historia

668 3398 816 3451 Pauli
852 3394 1315 3449 circumferebatur.

810 3465 935 3531 100)
991 3464 1133 3517 Balbi
1188 3464 1561 3530 ephemeridem
1605 3464 1814 3517 Carolus
1858 3464 2151 3531 Nipperdey
2197 3480 2248 3530 p.
2300 3463 2368 3516 36
2419 3464 2484 3513 de

672 3540 846 3586 octavo
882 3535 1001 3585 belli
1036 3534 1208 3585 Gallici
1252 3533 1376 3585 libro
1418 3532 1684 3599 intelligit,
1735 3535 1822 3599 qui
1854 3533 1981 3583 liber
2018 3534 2084 3583 ad
2113 3534 2325 3583 Balbum
2361 3532 2486 3582 mis-

672 3618 760 3651 sus
797 3612 889 3653 est.
