2700 4234
911 320 1328 369 PRAEFATIO.
1885 327 2029 375 va

317 481 578 553 Denique
611 478 886 535 beneficio
900 478 1134 538 Gudiani
1166 480 1403 552 codicis,
1435 488 1493 537 et
1517 482 1712 556 optimi
1744 488 1799 541 et
1822 486 2021 543 aMoe-

191 566 286 623 bio
320 562 748 621 accuratissime
779 564 992 634 collati,
1023 564 1226 621 factum
1251 572 1339 621 est
1374 572 1435 621 ut
1462 568 1897 639 orthographica
1928 587 2020 626 ra-

194 650 272 706 tio
299 650 475 723 paulo
503 646 834 719 diligentius
859 665 1018 719 quam
1047 650 1227 705 adhuc
1260 650 1463 707 factum
1490 656 1610 707 erat
1636 651 1852 708 institui
1886 670 2020 726 pos-

189 740 292 791 set.
358 732 496 788 Eius
521 730 668 788 enim
697 733 1030 788 auctoritate
1054 732 1234 803 Nicia,
1266 732 1595 803 Crassicius,
1622 733 1861 792 Porcius
1891 733 2021 811 (ad-

190 819 410 875 dendus
463 815 570 871 fuit
608 812 908 890 Albucius)
961 831 994 871 c
1033 816 1258 887 littera,
1315 823 1427 873 tum
1472 818 1727 891 Dionysi,
1772 820 2020 891 Pompei,

187 902 458 971 venalici,
499 898 826 969 Brundusi,
870 900 1035 956 etiam
1067 903 1266 972 repetit
1311 917 1370 974 p.
1400 908 1539 972 260,
1588 908 1659 963 38
1694 903 1937 977 simplici
1981 907 2018 974 i,

186 986 396 1042 deinde
440 976 890 1057 praenomina⁴⁷)
925 990 982 1039 et
1019 977 1326 1041 numeralia
1370 987 1465 1043 vel
1512 986 1766 1045 omnibus
1809 988 2018 1045 litteris

188 1070 282 1125 vel
321 1062 695 1140 compendiis,
724 1073 1008 1139 postremo
1040 1076 1250 1139 auctor,
1287 1073 1475 1140 ceteri,
1508 1085 1699 1137 causa,
1733 1073 1903 1142 milia,
1932 1074 2015 1127 lit-

191 1160 377 1223 terae,
405 1168 692 1207 nummum
728 1156 786 1205 et
811 1152 1017 1207 similia
1048 1151 1135 1208 sic
1163 1159 1222 1208 ut
1251 1153 1415 1211 vides
1450 1154 1662 1227 scripta
1694 1162 1841 1212 sunt.

327 1236 582 1291 Ceterum
616 1235 874 1307 quaestio
917 1236 1058 1292 baec
1087 1238 1528 1310 orthographica
1560 1238 1630 1294 ad
1662 1239 2015 1311 deperditum

193 1321 352 1377 illum
395 1320 644 1375 codicem
673 1318 1087 1375 Henochianum
1110 1361 1128 1391 ,
1165 1320 1324 1378 cuius
1358 1323 1628 1393 quandam
1662 1323 1911 1395 speciem
1959 1331 2015 1379 et

191 1403 554 1461 adumbrasse
587 1409 645 1458 et
674 1403 994 1459 restituisse
1023 1404 1188 1460 nobis
1219 1405 1494 1477 videmur,
1526 1408 1845 1464 revocanda
1881 1407 2007 1463 erit.

186 1487 277 1545 Ac
322 1488 372 1543 si
418 1492 570 1543 recte
611 1487 948 1559 disputatum
991 1494 1109 1557 est,
1161 1489 1416 1545 codicum
1458 1490 1635 1546 adhuc
1681 1491 2013 1548 collatorum

185 1572 434 1630 omnium
464 1570 720 1643 proxime
751 1571 819 1626 ad
850 1571 990 1627 illud
1027 1572 1340 1643 exemplum
1370 1573 1647 1629 accedere
1684 1574 2013 1629 Leidensem

185 1663 246 1713 et
277 1655 620 1725 Gudianum,
665 1654 986 1727 opinionem
1025 1654 1192 1711 nobis
1225 1654 1446 1726 quidem
1488 1671 1721 1712 assensu
1752 1672 2011 1727 compro-

182 1743 328 1797 bare
369 1755 482 1795 non
523 1738 750 1808 licebit,
785 1754 944 1809 quam
980 1738 1131 1795 docti
1165 1739 1386 1810 quidam
1426 1739 1679 1795 homines
1718 1740 1788 1795 de
1829 1744 2013 1795 aetate

181 1825 344 1880 illius
371 1822 705 1895 concepisse
738 1822 1018 1878 videntur.
1075 1821 1189 1879 Nos
1219 1824 1366 1879 intra
1398 1822 1525 1880 xm
1560 1824 1845 1879 saeculum
1874 1837 2014 1878 con-

181 1908 474 1979 sistemus,
507 1906 675 1978 idque
689 1906 902 1963 duabus
930 1906 1280 1979 potissimum
1303 1908 1620 1965 rationibus
1650 1907 1883 1978 inducti,
1917 1922 2012 1962 or-

180 1991 555 2064 thographica
591 1995 647 2046 et
680 1991 1137 2063 tachygraphica.

306 2076 566 2132 Nostram
605 2074 676 2130 de
706 2075 818 2133 vita
854 2074 1152 2131 Caesarum
1187 2075 1495 2132 editionem
1538 2076 1586 2131 si
1620 2076 1743 2148 quis
1786 2092 1906 2132 cum
1944 2074 2015 2130 li-

179 2160 340 2219 bello
373 2161 446 2216 de
474 2158 850 2230 grammaticis
883 2159 1146 2215 conferre
1176 2160 1454 2230 voluerit,
1484 2160 1540 2215 in
1577 2162 1687 2216 hoc
1723 2158 2014 2215 admodum

2058 1250 2303 1293 Henochia-

2060 1314 2141 1343 nus
2178 1301 2291 1343 liber

182 2245 472 2302 diversum
518 2260 698 2313 genus
745 2243 1030 2300 scribendi
1073 2244 1348 2300 vocabula
1396 2243 1817 2299 animadvertet.
1908 2242 2014 2298 Ra·
2098 2240 2112 2255 ⁶

181 2328 413 2391 rissime
461 2327 610 2384 enim
653 2327 865 2384 veteris
907 2327 1222 2400 scripturae
1253 2326 1533 2397 vestigia,
1582 2332 1641 2381 et
1686 2326 1909 2398 quidem
1951 2340 2018 2381 ea

182 2414 308 2469 fere
351 2428 498 2485 quae
547 2412 904 2468 librariorum
946 2411 1136 2468 odium
1175 2411 1335 2484 quasi
1381 2410 1873 2481 subterfugerunt,
1918 2408 2018 2465 dc-

183 2497 533 2570 prehendet,
575 2495 1056 2569 praepositionum
1092 2496 1148 2552 in
1194 2494 1389 2551 verbis
1425 2494 1753 2569 compositis
1795 2493 2017 2550 sincere

181 2581 525 2654 scriptarum
559 2582 870 2651 exemplum
914 2574 1240 2649 nullum⁴⁸),
1283 2580 1592 2637 accusativi
1633 2578 1869 2652 pluralis
1900 2583 2019 2633 ter-

182 2664 299 2721 tiae
331 2663 733 2720 declinationis
764 2665 817 2719 in
849 2663 910 2719 is
941 2664 1222 2720 terminati
1253 2680 1417 2720 unum
1430 2658 1503 2739 ⁴⁹)
1522 2706 1535 2733 ‚
1568 2662 1839 2736 simplicis
1870 2663 1894 2716 i
1921 2659 2018 2715 lit·

189 2766 584 2789 Δ--...---

325 2830 418 2893 47)
466 2828 699 2893 Namque
732 2826 829 2877 hac
873 2828 925 2877 in
953 2836 1096 2893 parte
1131 2828 1424 2889 Pomanus,
1477 2829 1564 2893 qui
1592 2827 1893 2877 Leidensem
1932 2839 2018 2874 cc—

186 2898 353 2948 dicem
389 2897 694 2963 exscripsit,
743 2896 832 2947 uni
863 2897 1071 2963 legendi
1110 2897 1342 2947 facilitati
1386 2897 1700 2957 inserviens,
1750 2908 1851 2945 uon
1900 2906 2017 2943 raro

183 2965 560 3032 imprudentius
597 2965 730 3032 egit,
777 2965 900 3015 dum
933 2981 984 3016 v.
1019 2981 1062 3017 c.
1095 2981 1190 3033 pro
1230 2964 1330 3018 CN.
1376 2965 1472 3020 Gn.
1507 2964 1736 3031 reponit,
1780 2962 1835 3015 C.
1872 2970 1921 3012 et
1956 2961 2014 3011 L.

185 3037 239 3085 iu
277 3036 450 3087 Gaium
487 3043 538 3085 et
566 3036 768 3085 Lucium
803 3033 1026 3091 resolvit,
1063 3034 1350 3086 Cornelium
1385 3043 1433 3085 et
1466 3036 1758 3101 Augustum
1785 3033 1838 3081 in
1864 3031 2014 3081 Corn.

186 3112 235 3154 et
253 3102 390 3169 Anq-
414 3110 624 3165 coartat,
652 3104 775 3167 quin
797 3103 946 3152 etiam
971 3117 1065 3168 pro
1084 3103 1152 3153 M.
1179 3103 1441 3154 Ciceronis
1465 3114 1516 3171 p.
1546 3102 1667 3163 263,
1690 3102 1758 3151 24
1779 3102 2017 3165 maqister

188 3174 449 3225 Ciceronis
479 3172 672 3224 scribit.

322 3242 416 3307 48)
451 3240 826 3305 Excipiendum
859 3256 913 3306 p.
953 3240 1074 3303 257,
1113 3242 1144 3290 7
1179 3241 1485 3299 adnotatum,
1526 3238 1647 3289 olim
1682 3238 1735 3287 in
1764 3237 2018 3286 aelnotum

186 3319 237 3362 et
261 3318 318 3363 at
343 3319 511 3363 notum
532 3317 852 3375 corruptum3
895 3323 1011 3358 nam
1036 3308 1326 3375 p.267,14
1351 3308 1475 3358 boni
1506 3307 1622 3357 libri
1652 3320 1829 3357 omnes
1862 3320 2020 3355 anno-

187 3388 304 3431 tare
332 3374 543 3431 habeut.

325 3446 423 3511 49)
457 3464 512 3514 p
553 3446 682 3508 268,
726 3446 794 3499 26
821 3448 1070 3513 arandis,-
1110 3462 1228 3497 nam
1262 3463 1312 3513 p.
1353 3444 1484 3507 263,
1532 3446 1565 3497 8
1606 3448 1759 3496 omnis
1794 3458 1895 3494 non
1928 3442 2017 3493 ha-

186 3518 307 3569 bent
346 3516 451 3568 nisi
496 3515 760 3566 Parisinus
807 3517 971 3566 codex
1021 3522 1069 3565 et
1114 3518 1312 3566 Incerta
1357 3515 1543 3576 editio,
1592 3514 1681 3579 qui
1724 3514 1839 3563 libri
1886 3512 2016 3561 anti-

186 3587 394 3652 quitatis
431 3584 754 3635 affectatione
777 3586 928 3635 etiam
961 3599 1103 3651 quom
1137 3598 1231 3650 pro
1266 3599 1371 3634 cum
1406 3584 1625 3634 scribere
1661 3584 1842 3633 solent.
1916 3582 2021 3629 Ac·

267 3670 593 3708 ΕΠΕΤΟΝῙὉΒ.
1734 3672 1763 3706 e
