2700 4234
684 318 850 367 LXVI
1372 312 1785 359 PRAEFATIO.

691 481 846 531 terae
890 490 993 547 pro
1024 472 1231 545 duplici
1264 472 1485 544 positae
1502 465 1571 544 ⁵⁰)
1604 485 1778 541 pauca
1820 468 2092 533 inveniet3
2138 474 2331 525 eontra
2374 484 2505 525 sae-

690 558 919 631 pissime
948 558 1193 624 Antonii,
1228 555 1475 610 Sallustii
1506 558 1611 608 etet
1652 558 1709 607 et
1746 552 1837 607 vel
1874 552 2105 607 obiicere
2136 557 2193 607 et
2222 552 2509 607 subiiciam

689 645 955 713 seriptum
1011 646 1068 695 et
1117 639 1188 694 de
1232 637 1470 708 singulis
1514 634 1806 693 vocabulis
1846 636 2214 691 adolescentes
2229 629 2335 708 ⁶¹),
2383 639 2503 706 epi·

685 725 824 779 stola
837 765 852 794 ,
913 736 1091 795 pene,
1151 726 1363 777 tentare
1378 762 1392 787 ‚
1456 720 1797 782 concionari,
1858 723 2095 789 quatuor
2110 758 2127 788 ‚
2182 718 2505 788 vendicavit,

686 806 1002 869 Brundusi,
1062 820 1406 877 quanquam,
1462 819 1739 874 unquam,
1798 818 2081 872 nunquam
2130 802 2215 857 sio
2250 807 2311 855 ut
2338 802 2501 859 vides

687 889 896 960 scripta
952 888 1211 944 offendet.
1298 885 1491 942 Omnia
1554 888 1695 941 haec
1756 891 2018 956 reputans
2066 884 2248 941 codici
2312 884 2502 942 Heno-

687 973 886 1028 chiano
923 971 1187 1027 maiorem
1219 986 1377 1040 quam
1410 969 1620 1025 saeculi
1662 968 1789 1023 XIII
1826 975 2062 1025 aetatem
2105 967 2354 1024 tribuere
2390 983 2499 1023 non

687 1055 934 1110 audebit.

807 1138 1015 1193 Eodem
1041 1137 1218 1193 altera
1249 1135 1595 1207 quaestionis
1622 1151 1773 1206 pars,
1807 1151 1971 1206 quam
2007 1135 2500 1207 taohygraphioam

686 1221 826 1290 dixi,
859 1227 1118 1293 spectare
1157 1220 1397 1276 videtur.
1488 1217 1879 1274 Henoohianus
1908 1220 2075 1288 liber,
2114 1219 2163 1273 si
2196 1224 2352 1273 reete
2384 1226 2498 1274 sta-

685 1304 885 1359 tuimus
914 1303 1240 1359 Leidensem
1271 1309 1328 1357 et
1361 1302 1665 1357 Gudianum
1706 1303 1957 1357 codicem
2000 1302 2109 1358 duo
2159 1302 2317 1372 quasi
2361 1318 2499 1373 apo-

681 1387 893 1458 grapha
927 1388 1048 1443 eius
1081 1404 1226 1455 esse,
1257 1385 1583 1440 necessario
1620 1384 1766 1440 omni
1796 1401 2008 1455 genere
2041 1385 2495 1457 compendiorum

682 1475 738 1523 et
769 1470 1038 1539 sigIorum
1067 1470 1312 1525 refertus
1337 1469 1475 1537 fuit,
1512 1482 1742 1539 quorum
1776 1468 1946 1527 lectio
1983 1484 2258 1539 persaepe
2291 1468 2495 1523 diffiei-

681 1553 750 1607 Iis
797 1559 962 1623 atque
1003 1554 1259 1622 ambigua
1303 1558 1469 1607 esset.
1561 1550 1773 1606 Passim
1816 1552 2141 1622 compendia
2196 1568 2499 1621 agnoscas,

681 1635 882 1706 quibus
923 1637 1196 1692 voeabula
1241 1641 1293 1690 et
1329 1641 1385 1689 et
1422 1637 1581 1691 etiam
1605 1677 1619 1701 ,
1662 1634 1765 1689 hoc
1808 1640 1865 1689 et
1910 1634 2079 1705 haec,
2128 1634 2264 1690 nihil
2306 1641 2363 1688 et
2398 1636 2497 1703 nil,

680 1719 1099 1775 terminationes
1139 1722 1195 1774 in
1237 1718 1506 1790 perfectis
1538 1724 1702 1773 erunt
1742 1723 1797 1772 et
1838 1731 1933 1772 ere
1976 1724 2032 1772 et
2076 1718 2277 1774 similia
2322 1734 2495 1788 aegre

681 1802 1174 1871 distinguerentur.
1226 1802 1286 1856 ln
1320 1803 1560 1873 siugulis
1590 1800 1882 1871 vocabulis
1912 1800 2019 1856 tria
2058 1802 2309 1872 exempla
2342 1817 2495 1874 pono

681 1884 903 1939 inventa
948 1886 1149 1956 pagiua
1197 1890 1297 1943 271
1346 1885 1649 1941 dimidiata.
1737 1885 1919 1940 Versu
1970 1885 2113 1939 euim
2160 1891 2227 1945 18
2270 1900 2373 1955 pro
2424 1901 2494 1940 eo

684 1967 830 2036 quod
861 1974 949 2022 est
975 1972 1183 2022 tantum
1207 1984 1316 2023 non
1343 1969 1487 2023 alter
1514 1968 1697 2025 scriba
1732 1975 1913 2024 tamen
1940 1985 2077 2033 non.
2114 1969 2256 2024 alter
2286 1974 2493 2023 tantum

679 2050 836 2104 modo
862 2051 1045 2116 dedit3
1078 2069 1244 2109 versu
1277 2058 1342 2112 27
1375 2053 1649 2122 quoddam
1680 2052 2063 2123 compendium
2093 2051 2193 2107 iIIe
2210 2065 2493 2121 persona-

678 2134 798 2201 lem,
836 2136 929 2189 Ine
960 2137 1343 2205 proconsulem
1378 2136 1711 2206 explicavit3
1744 2151 1913 2193 versu
1942 2142 2008 2195 31
2045 2137 2141 2192 iIIe
2178 2138 2235 2189 in
2262 2138 2489 2205 ispeum,

681 2216 772 2275 hie
800 2219 858 2272 in
881 2224 1173 2288 conspectu
1211 2218 1497 2275 invenisse
1530 2219 1641 2275 sibi
1672 2220 1826 2275 visus
1870 2224 1973 2274 est.
2060 2218 2136 2274 At
2165 2234 2301 2275 vero
2345 2219 2492 2275 haud

678 2304 800 2358 seio
847 2318 913 2357 an
949 2301 1235 2373 quisquam
1266 2303 1353 2358 rei
1386 2303 1597 2372 peritus
1628 2320 1805 2373 genus
1838 2303 2153 2373 scripturae
2197 2310 2305 2357 tam
2338 2318 2487 2357 oom—

675 2385 1022 2456 pendiarium
1045 2387 1326 2456 antiquius
1364 2387 1591 2442 saeculo
1619 2386 1746 2442 XIII
1776 2385 2065 2441 habiturus
2099 2386 2191 2441 sit.

804 2467 1156 2534 Quarundam
1179 2470 1563 2525 diversitatum
1592 2486 1694 2541 per
1723 2469 1951 2525 oodioes
1981 2470 2326 2525 inventarum
2357 2485 2491 2525 cau-

677 2567 769 2607 sas
815 2552 872 2606 in
913 2551 1038 2623 ipso
1069 2551 1429 2608 Henoohiano
1474 2553 1618 2608 Iibro
1661 2553 2007 2622 quaerendas
2051 2570 2177 2608 esse
2221 2558 2384 2623 puto:
2432 2554 2492 2607 fit

677 2634 820 2689 enim
868 2650 1267 2707 nonnumquam
1298 2642 1404 2693 tam
1447 2636 1502 2690 in
1532 2636 1789 2693 Leidensi
1830 2652 1991 2705 quam
2023 2636 2271 2692 Gudiauo
2317 2636 2489 2704 libro,

677 2722 736 2771 ut
764 2718 905 2774 duae
941 2718 1214 2774 lectiones
1251 2720 1427 2775 altera
1461 2735 1627 2790 supra
1661 2720 1890 2773 alteram
1924 2720 2169 2791 soriptae
2200 2720 2329 2775 sint.
2390 2719 2487 2777 Sis

676 2818 730 2873 p.
772 2806 909 2871 261,
954 2806 1020 2859 21
1050 2803 1104 2857 iu
1142 2810 1377 2873 utroque
1416 2816 1725 2857 marmoreo
1756 2800 1968 2872 legitur
1998 2819 2163 2873 supra
2198 2802 2485 2873 posterius

675 2900 707 2938 o
740 2884 927 2942 littera
968 2902 1004 2939 a
1050 2886 1263 2950 addita;
1309 2902 1364 2957 p.
1400 2891 1535 2954 264,
1584 2892 1653 2944 33
1698 2886 1795 2939 ille
1828 2884 2104 2940 Catelinae
2128 2903 2167 2939 u
2196 2884 2485 2958 imposito,

678 2965 770 3021 hio
803 2968 1084 3023 Catulinae
1128 2969 1389 3040 imposito
1430 2972 1453 3022 ι’
1500 2968 1771 3031 ostendit;
1812 2984 1865 3039 p.
1900 2973 2035 3039 269,
2088 2974 2158 3027 33
2212 2968 2308 3023 iIIe
2360 2982 2483 3022 res·

675 3050 874 3119 coqniti
909 3058 1036 3106 sunt
1075 3051 1261 3107 deleto
1298 3057 1475 3107 tamen
1508 3050 1696 3121 priore
1728 3064 1783 3114 s,
1824 3050 1915 3105 hio
1956 3053 2221 3122 recoqniti
2256 3059 2385 3106 sunt
2426 3058 2483 3105 et

673 3210 856 3329 52?th
906 3180 1074 3263 tamen
1127 3213 1314 3263 Graeca
1366 3216 1593 3263 acroasis
1613 3250 1628 3274 ,
1688 3214 2058 3275 paraphrasis,
2122 3213 2303 3273 thesis,
2362 3230 2484 3277 syn-

725 3294 904 3411 oewoo)
924 3350 1037 3435 ptr.
1073 3365 1228 3416 supra
1251 3366 1299 3416 p.
1331 3350 1486 3400 LXV.
1555 3350 1701 3399 Adde
1724 3348 1906 3411 Sexti,
1946 3348 2150 3411 Spoleti,
2178 3348 2481 3410 Mediolani,

671 3418 1092 3551 Bmgssnssemel
1109 3489 1501 3539 adulescentibus
1520 3495 1568 3537 et
1584 3490 1891 3552 neglegentia
1908 3486 2179 3535 invenitur.
2222 3485 2369 3536 Adde
2388 3502 2484 3535 an-

671 3556 834 3620 tiquos
870 3570 920 3621 p.
949 3555 1077 3618 263,
1113 3556 1197 3607 29.
