2700 4234
461 305 539 365 10
643 313 702 360 o.
741 311 1044 360 sumom
1075 310 1330 369 frumo.
1364 311 1459 357 mc
1486 311 1655 358 vrrA
1683 311 2057 360 clausurum
2084 314 2227 362 Lm.
2258 314 2304 363 1.

461 469 738 548 Campum
768 465 1103 543 Stellatem,
1147 464 1459 526 maioribus
1492 473 1925 542 consecratum,
1958 484 2279 546 agrumque
2309 467 2475 531 Cam·

461 570 702 634 panum,
747 549 820 610 ad
850 547 1107 610 subsidia
1137 552 1224 608 rei
1255 548 1525 629 publicae
1555 549 1907 625 vectigalem
1941 550 2240 628 relictum,
2285 552 2481 614 divisit

463 646 626 698 extra
659 643 878 695 sortem
908 633 981 692 ad
1010 633 1212 708 viginti
1245 632 1471 692 milibus
1504 632 1741 709 civium,
1773 633 1981 710 quibus
2013 636 2163 695 terni
2196 636 2478 714 pluresve

461 721 631 782 liberi
676 725 890 778 essent.
978 715 1330 777 Publicanos
1372 716 1773 776 remissionem
1824 720 2073 795 petentis
2114 721 2282 780 tertia
2326 715 2474 781 me'r·

463 803 666 864 cedum
713 810 878 881 parte
923 800 1238 876 relevavit,
1282 819 1384 876 ac,
1430 818 1503 859 ne
1545 801 1601 859 in
1640 799 1935 860 locatione
1976 818 2261 862 novorum
2290 807 2473 864 vecti·
2505 825 2537 864 s

459 888 675 966 galium
722 883 1136 944 inmoderatius
1178 883 1522 959 licerentur,
1581 882 1885 962 propalam
1931 887 2169 946 monuit.
2258 885 2474 948 Cetera

458 973 631 1046 item,
676 986 826 1047 quae
881 967 1089 1045 cuique
1134 967 1470 1044 libuissent,
1519 966 1821 1044 dilargitus
1862 971 2475 1046 est,.contradicente

457 1055 651 1130 nullo,
695 1071 796 1128 ac,
840 1052 890 1111 si
923 1061 1232 1110 conaretur
1273 1051 1433 1128 quis,
1480 1050 1811 1110 absterrito.
1900 1051 2157 1114 Marcum
2190 1051 2474 1114 Catonem

458 1135 928 1216 interpellantem
967 1133 1192 1194 extrahi
1235 1137 1390 1194 curia
1427 1151 1533 1212 per
1569 1134 1836 1194 lictorem
1880 1135 2127 1215 ducique
2170 1138 2227 1196 in
2272 1155 2470 1198 carce-

457 1241 582 1284 rem
621 1219 804 1279 iussit.
890 1217 1067 1276 Lucio
1105 1217 1344 1277 Lucullo
1383 1217 1622 1277 liberius
1662 1219 1959 1278 resistenti
2004 1228 2219 1280 tantum
2260 1221 2471 1280 calum·
2498 1241 2541 1282 ιο

459 1307 676 1366 uiarum
705 1307 918 1362 metum
951 1301 1176 1377 iniecit,
1220 1310 1279 1359 ut
1325 1301 1397 1360 ad
1426 1319 1617 1378 genua
1660 1299 1812 1360 ultro
1851 1301 1961 1361 sibi
2000 1302 2315 1364 accideret.
2380 1303 2473 1366 Ci-
2528 1329 2538 1340 ·

462 1405 677 1450 cerone
718 1387 776 1445 in
806 1384 1018 1446 iudicio
1064 1384 1310 1464 quodam
1341 1383 1687 1466 deplorante
1728 1395 2050 1465 temporum
2090 1399 2326 1465 statum,
2366 1389 2473 1448 Pu-

459 1473 638 1532 blium
673 1467 936 1530 Clodium
969 1469 1255 1529 inimicum
1287 1470 1446 1546 eius,
1489 1470 1711 1550 frustra·
1732 1471 1842 1530 iam
1874 1469 2097 1548 pridem
2145 1491 2178 1532 a
2210 1471 2473 1551 patribus

461 1557 533 1616 ad
565 1553 798 1633 plebem
827 1553 1074 1612 transire
1105 1555 1408 1630 nitentem,
1446 1554 1653 1612 eodem
1684 1552 1778 1612 die
1806 1552 2067 1632 horaque
2100 1572 2253 1616 nona
2284 1565 2470 1617 trans—

463 1641 639 1700 duxit.
728 1637 1030 1698 Postremo
1070 1636 1128 1695 in
1169 1639 1475 1697 universos
1520 1636 1789 1697 diversae
1832 1637 2103 1697 factionis
2134 1639 2279 1676 *Η*
2311 1639 2470 1700 indu·
2488 1661 2545 1703 ιε

465 1731 613 1784 ctum
658 1721 954 1800 praemiiS,
1010 1729 1068 1778 ut
1110 1738 1174 1778 se
1215 1720 1287 1779 de
1332 1719 1635 1780 inferenda
1674 1719 1955 1798 Pompeio
1998 1739 2146 1782 nece
2190 1722 2470 1782 sollicita-

461 1816 579 1866 tum
609 1823 642 1864 a
675 1802 1011 1882 quibusdam
1053 1804 1459 1881 profiteretur,
1503 1803 1935 1882 productusque
1981 1823 2091 1884 pro
2127 1807 2333 1866 rostris
2374 1825 2469 1866 au·

465 1897 660 1949 ctores
689 1905 767 1946 ex
801 1895 1090 1964 con-pacto
1132 1888 1481 1956 nominaret;
1527 1887 1632 1946 sed
1672 1904 1786 1946 uno
1829 1897 2001 1966 atque
2032 1888 2220 1948 altero
2256 1889 2469 1949 frustra

462 1990 574 2032 uec
617 1972 740 2030 sine
785 1970 1121 2046 suspicione
1164 1970 1383 2030 fraudis
1418 1971 1721 2030 nominatis
1736 2007 1771 2047 ,2
1800 1969 2271 2050 desperans'tam
2301 1990 2466 2051 prae·

465 2055 656 2133 cipitis
687 2052 915 2113 consilii
937 2061 1225 2128 eventum,
1252 2055 1638 2132 intercepisse
1666 2072 1897 2114 veneno
1920 2055 2167 2116 indicem
2196 2055 2465 2116 creditur.
2488 2076 2543 2116 2⁰

283 2123 443 2202 x*21
589 2137 710 2198 Sub
739 2137 890 2196 idem
922 2145 1148 2215 tempus
1173 2136 1571 2217 Calpurniam,
1601 2137 1663 2198 L.
1689 2138 1917 2198 Pisonis
1950 2138 2121 2199 filiam
2142 2140 2471 2200 successuri

463 2222 574 2282 sibi
613 2223 672 2280 in
721 2219 1053 2296 consulatu,
1079 2292 1084 2296 ι
1109 2220 1269 2280 duxit
1305 2238 1583 2298 uxorem,
1640 2239 1948 2299 suamque,
1992 2222 2221 2299 Iuliam,
2270 2222 2468 2284 Gnaeo

461 2299 744 2384 Pompeio
779 2299 1149 2381 conlocavit,
1195 2303 1497 2384 repudiato
1542 2307 1743 2384 priore
1778 2322 1999 2384 sponso
2032 2307 2285 2367 Servilio
2321 2305 2467 2366 Cae·
2580 2335 2589 2344 ·

463 2392 669 2469 pione,
715 2389 876 2448 cuius
921 2388 1018 2447 vel
1047 2389 1366 2467 praecipua
1405 2405 1589 2467 opera
1614 2390 1799 2468 paulo
1838 2398 1970 2449 ante
2001 2389 2265 2450 Bibulum
2302 2391 2467 2468 inpu-

462 2479 762 2550 gnaverat.
851 2473 942 2531 Ac
991 2480 1127 2551 post
1179 2489 1390 2532 novam
1440 2473 1785 2532 adfinitatem
1837 2472 2171 2553 Pompeium
2225 2476 2469 2554 primum
2488 2493 2540 2534 25

461 2572 678 2632 rogare
722 2555 1063 2615 sententiam
1111 2557 1337 2634 coepit,
1393 2574 1520 2615 cum
1562 2555 1835 2617 Crassum
1886 2557 2137 2634 soleret,
2190 2567 2466 2637 essetque

465 2637 850 2713 consuetudO,
894 2646 956 2696 ut
995 2656 1168 2716 quem
1200 2639 1458 2699 ordinem
1491 2640 1887 2718 interrogandi
1916 2642 2229 2702 sententias
2260 2641 2467 2702 consul

428 2777 432 2782 .
463 2721 590 2782 Kal.
622 2721 900 2782 Ianuariis
928 2722 1300 2800 instituisset,
1334 2741 1465 2784 eum
1496 2731 1620 2783 toto
1652 2741 1801 2784 anno
1832 2735 2228 2785 conservaret.

380 2817 448 2868 22
593 2805 819 2866 Socero
859 2805 1034 2882 igitur
1083 2823 1426 2886 generoque
1470 2806 1949 2886 suffragantibus,
2002 2827 2080 2870 ex
2130 2810 2281 2868 omni
2331 2826 2465 2887 pro-

462 2889 781 2956 vinciarum
815 2891 986 2966 copia
1011 2888 1229 2950 Gallias
1250 2891 1607 2968 potissimum
1639 2892 1850 2968 elegit,
1884 2893 2046 2952 cuius
2078 2891 2465 2952 emolumento
2485 2908 2538 2952 ao

465 2980 523 3032 et
567 2973 1000 3050 opportunitate
1046 2972 1256 3045 idonea
1301 2976 1374 3033 sit
1403 2975 1639 3035 materia
1680 2973 2111 3054 triumphorum.
2199 2975 2274 3036 Et
2306 2976 2465 3036 initio

463 3055 694 3134 quidem
737 3053 977 3116 Galliam
1021 3054 1405 3135 Cisalpinam,
1458 3057 1695 3132 Illyrico
1744 3058 2011 3136 adiecto,
2060 3059 2197 3136 lege
2240 3059 2467 3120 Vatinia

463 3139 720 3217 accepit3
754 3157 894 3199 mox
928 3157 1034 3218 per
1063 3149 1322 3200 senatum
1345 3140 1642 3202 Comatam
1678 3144 1944 3222 quoque,
1977 3144 2179 3202 veritis
2209 3141 2467 3222 patribus

461 3238 564 3298 ne,
609 3223 659 3280 si
700 3223 816 3300 ipsi
847 3233 1193 3301 negassent,
1246 3225 1497 3304 populus
1539 3235 1597 3285 et
1638 3225 1787 3286 hanc
1818 3225 1999 3286 daret.
2091 3228 2221 3302 Quo
2252 3224 2465 3303 gaudio

464 3304 648 3364 elatus
679 3321 794 3364 non
824 3309 1198 3385 temperavit,
1243 3311 1378 3386 quin
1410 3326 1631 3386 paucos
1663 3319 1798 3389 post
1826 3309 1953 3369 dies
1985 3310 2277 3388 frequenti
2306 3310 2464 3369 curia
2484 3325 2538 3369 as

458 3386 736 3464 iactaret,
799 3389 1006 3454 invitis
1063 3397 1122 3451 et
1174 3391 1551 3470 yementibus
1610 3393 1980 3454 adversaris
2052 3394 2341 3472 adeptum
2400 3410 2469 3452 ae

461 3486 623 3548 quae
683 3474 1109 3552 concupisset,
1163 3474 1429 3553 proinde
1476 3493 1555 3536 ex
1605 3494 1675 3538 eo
1720 3477 2154 3541 insultaturum
2203 3475 2467 3538 omnium

463 3552 778 3632 capitibus
785 3581 816 3626 ,·
866 3574 936 3617 ac
977 3567 1227 3634 negante
1273 3558 1521 3638 quodam
1556 3577 1663 3640 per
1704 3562 2106 3622 contumeliam
2136 3560 2310 3622 facile
2352 3559 2469 3622 hoc
