2700 4234
40 22 61 31 η
90 0 352 27 ..αξη
408 0 1270 25 --m-.—--‘'——-·q—--w⁷h--.
1304 7 1315 15 -
1363 10 1372 18 .
1405 3 1496 21 a...
1515 5 1794 20 -m-
1845 12 1882 21 ,,
1915 12 1952 19 ‚,
2087 7 2107 19 -·
2231 12 2315 21 ..Ἤ-
2668 0 2671 47 Ι

2668 134 2670 196 4

647 375 777 423 vm
1327 373 1741 422 pessumo.
2662 234 2671 517 j

644 520 962 609 φιλόλογον
989 540 1184 607 p.275,
1205 541 1258 595 6.
1296 540 1500 603 303,Ιό
1523 532 1743 591 Graeci.
1791 533 1991 589 Libros
2022 550 2131 590 nou
2162 539 2289 591 ante
2321 550 2457 606 qua-

577 602 624 694 ll
646 618 1018 689 dragesimam
1046 618 1246 675 aetatis
1275 632 1475 672 annum
1507 616 1712 687 edidit,
1740 615 1845 672 sed
1867 616 2067 673 dudum
2091 618 2344 674 scribere
2371 618 2457 673 in-

645 702 904 758 stituerat
953 702 1182 757 libellos
1227 701 1493 771 quosdam
1536 718 1567 757 a
1600 699 1789 755 'Plinio
1835 700 2125 757 admodum
2170 700 2457 757 desidera·

645 791 765 849 tos;
798 786 891 855 qui
925 785 1202 841 fuerintne
1235 785 1306 840 de
1331 784 1481 840 Viris
1509 783 1821 840 illustribus
1850 800 1919 839 an
1939 784 2034 840 alii
2060 800 2169 841 non
2191 785 2457 855 decerno,

646 874 801 925 certe
833 868 904 924 de
933 869 1048 925 vita
1079 867 1377 925 Caesarum
1411 867 1694 938 aliquanto
1723 873 1854 939 post
1880 867 2073 923 edidit.

768 950 947 1008 Plinio
996 958 1212 1008 mortuo
1253 951 1607 1022 Tranquillus
1656 950 1726 1007 ad
1768 948 1829 1006 G.
1885 950 2211 1023 Septicii
2260 950 2457 1007 Glari

646 1034 942 1092 amicitiam
974 1042 1138 1107 atque
1168 1035 1357 1091 officia
1387 1033 1629 1103 transiit,
1660 1034 1749 1089 eni
1778 1032 1891 1091 iam
1909 1034 2125 1106 pridem
2150 1040 2209 1089 ut
2240 1034 2457 1091 amieis·

645 1118 788 1175 simo
828 1117 990 1174 Plinii
1042 1134 1206 1175 carus
1247 1134 1377 1174 esse
1412 1117 1621 1173 debuit.
1710 1118 1765 1173 Is
1814 1132 1958 1173 anno
1994 1124 2097 1178 119
2140 1118 2459 1189 praefectus

644 1202 932 1273 praetorio
985 1202 1163 1259 factus
1205 1201 1580 1271 Tranquillum
1627 1200 1705 1257 ita
1744 1200 2082 1273 promeritus
2124 1206 2245 1271 est,
2284 1207 2346 1256 ut
2390 1201 2461 1257 de

647 1285 761 1341 vita
792 1284 1091 1342 Caesarum
1134 1286 1316 1341 libros
1349 1282 1476 1339 VIII
1521 1286 1573 1340 ei
1605 1285 1849 1340 mitteret
1888 1300 1942 1355 p.
1974 1289 2109 1355 286,
2140 1291 2205 1349 ὃς
2253 1284 2459 1357 quippe
2656 1288 2671 1732 j

649 1366 902 1440 Septicio
961 1368 1198 1425 maxime
1255 1367 1642 1424 intercedente
1693 1368 1898 1423 tactum
1955 1382 2086 1424 esse
2131 1367 2355 1424 videtur
2402 1373 2462 1423 nt

650 1452 1130 1524 epistularum
1161 1450 1659 1522 magisterium
1688 1451 1961 1521 simulque
1992 1466 2103 1507 non
2125 1451 2462 1507 mediocrem

646 1536 866 1607 gratiae
896 1536 1078 1593 locum
1111 1536 1258 1608 apud
1286 1534 1623 1591 Hadrianum
1653 1533 1964 1608 principem
1994 1552 2048 1606 p.
2082 1540 2183 1603 40,
2212 1538 2281 1591 22
2316 1535 2462 1590 obti-

647 1625 840 1689 neret,
885 1619 1031 1675 unde
1076 1636 1205 1675 mox
1249 1636 1355 1675 nna
1402 1633 1523 1673 cnm
1563 1618 1742 1673 amico
1784 1612 2037 1673 deiectus
2080 1624 2184 1673 est.
2274 1618 2463 1673 Refert

648 1702 793 1758 enim
815 1701 1146 1774 Spartianus
1175 1719 1296 1773 cap.
1325 1709 1411 1771 11,
1440 1702 1775 1757 Hadrianum
1806 1716 1837 1755 e
1861 1701 2165 1770 Britannia,
2196 1700 2291 1755 ubi
2319 1716 2463 1756 anno

647 1790 746 1841 121
781 1800 935 1839 muro
963 1801 1067 1855 per
1087 1784 1277 1840 LXXX
1312 1784 1462 1839 milia
1490 1800 1753 1855 passuum
1781 1783 2037 1839 ducendo
2066 1783 2311 1840 intentus
2340 1785 2465 1839 fue-

646 1868 753 1936 rit,
801 1866 1055 1937 Septicio
1085 1865 1252 1922 Claro
1283 1866 1575 1937 praefecto
1604 1864 1875 1937 praetorii
1904 1871 1961 1921 et
1988 1865 2259 1921 Suetonio
2291 1866 2463 1923 Tran-

648 1950 826 2021 quillo
870 1949 1230 2021 epistularum
1279 1948 1551 2019 magistro
1597 1947 1894 2018 multisque
1944 1947 2107 2017 aliis,
2146 1963 2289 2019 quos
2317 1950 2467 2021 apud

647 2033 912 2088 Sabinam
955 2048 1186 2089 uxorem
1229 2032 1447 2087 iniussu
1486 2044 1590 2087 suo
1632 2029 1963 2087 familiarius
2001 2047 2065 2086 se
2110 2036 2239 2085 tunc
2272 2030 2467 2101 egisse

649 2122 990 2186 cognosset,
1040 2132 1202 2187 quam
1254 2114 1573 2172 reverentia
1612 2115 1809 2170 domus
1858 2114 2075 2169 aulicae
2133 2114 2465 2186 postularet,

647 2215 1010 2256 successores
1044 2198 1288 2255 dedisse.
1378 2199 1656 2254 Morosam
1696 2196 1839 2253 enim
1872 2203 1930 2253 et
1970 2213 2223 2269 asperam
2268 2197 2467 2253 mulie·
2668 2254 2670 2275 ἱ

646 2296 766 2339 rem
799 2298 1058 2354 perosus,
1091 2284 1220 2354 quia
1246 2282 1526 2340 dimittere
1556 2280 1814 2354 principe
1841 2296 1905 2337 se
1934 2296 2043 2337 non
2073 2282 2211 2337 satis
2240 2280 2468 2351 dignum
2668 2276 2670 2281 ’

648 2365 1033 2435 existimabat,
1084 2372 1142 2421 et
1184 2366 1331 2423 omni
1384 2371 1777 2421 extraneorum
1811 2371 1975 2421 coetu
2026 2364 2313 2436 probibuit
2360 2378 2469 2419 nec
2662 2275 2671 2510 1

573 2490 586 2511 .
645 2455 826 2506 tamen
862 2449 1175 2521 despicatui
1206 2466 1334 2505 esse
1368 2448 1569 2505 aulicis
1602 2464 1805 2521 passus
1836 2455 1941 2506 est.
2020 2446 2321 2505 Suetonius
2352 2462 2469 2517 qno

645 2539 899 2603 tempore
927 2534 1070 2589 banc
1092 2533 1453 2604 acerbitatem
1478 2531 1753 2605 principis
1783 2537 2051 2603 expertus
2082 2537 2170 2587 est
2194 2531 2471 2602 quinqua-

646 2614 912 2687 genarius
965 2616 1104 2686 fuit,
1145 2616 1426 2688 'vitaeque
1472 2615 1621 2688 quod
1672 2614 1780 2670 fuit
1832 2616 2105 2686 reliquum
2156 2614 2471 2669 litterarum

645 2698 832 2756 studio
865 2700 1409 2772 conscribendisque
1439 2698 1602 2755 libris
1637 2698 1863 2754 dedisse
1894 2698 2134 2754 videtur.

767 2780 1136 2848 Novissimnm
1167 2784 1284 2839 vivi
1313 2783 1649 2838 mentionem
1672 2782 1874 2837 factam
1904 2781 2075 2839 video
2100 2798 2130 2837 a
2154 2782 2223 2838 Μ.
2244 2782 2373 2837 Fre
2394 2798 2473 2835 n-

645 2872 812 2922 tone
846 2865 900 2918 in
941 2866 1179 2937 epistula
1210 2867 1280 2922 ad
1305 2866 1375 2921 M.
1400 2866 1691 2921 Aurelium
1721 2866 2135 2922 adulescentem
2166 2866 2315 2934 data,
2348 2863 2475 2919 edi-

647 2948 818 3005 tionis
842 2946 1280 3005 Mediolanensis
1309 2966 1365 3021 p.
1394 2956 1516 3009 103.
1548 2950 1823 3005 Romanae
1854 2966 1908 3021 p.
1934 2953 2057 3019 174,
2086 2946 2477 3005 Berolinensis

647 3050 701 3105 p.
739 3028 822 3091 16.
895 3030 1025 3087 Eam
1065 3032 1360 3103 epistulam
1387 3030 1689 3105 postremis
1716 3032 1979 3089 Hadriani
2013 3032 2171 3088 annis
2205 3030 2477 3102 scriptam

652 3114 848 3172 statuit
879 3113 1241 3186 Niebubrius,
1273 3117 1517 3173 fortasse
1548 3116 1757 3173 rectius
1790 3115 1983 3187 primis
2011 3116 2094 3171 Pii
2123 3113 2477 3188 temporibus

653 3198 962 3254 tribuisset.
1051 3199 1174 3255 Fuit
1205 3200 1427 3271 quidem
1460 3198 1667 3255 vetusti
1710 3199 1927 3256 codicis
1954 3199 2160 3271 pagina
2192 3198 2289 3254 illa
2328 3197 2481 3253 adeo

655 3282 976 3338 oblitterata
995 3323 1012 3351 ,
1043 3286 1104 3337 ut
1129 3298 1307 3355 pauca
1337 3283 1456 3354 legi
1486 3282 1771 3355 potuerint
1801 3298 1978 3353 eaque
2006 3298 2199 3355 parum
2230 3281 2380 3337 inter
2410 3296 2483 3336 se

656 3365 1036 3421 cohaerentia.
1122 3367 1328 3422 Verum
1362 3384 1484 3422 cnm
1517 3367 1689 3422 verba
1726 3372 1925 3437 reputo
1968 3359 1999 3399 *
2034 3364 2347 3437 Tranquilli
2384 3366 2483 3418 in-

655 3446 926 3512 dustriae.
967 3451 1066 3521 qui
1086 3450 1200 3504 nisi
1217 3452 1390 3506 sciret
1410 3454 1614 3523 quanto
1648 3463 1817 3520 opere
1843 3464 1930 3504 me
1958 3450 2212 3521 diliyeres
2225 3490 2241 3519 ,
2281 3448 2485 3503 volun-

657 3532 859 3585 tarium
892 3531 997 3586 hoc
1029 3536 1298 3603 neqotium
1323 3534 1430 3589 sibi
1450 3548 1748 3604 numquam
1774 3534 2103 3604 expetisset,
2133 3532 2377 3602 itemque
2408 3546 2487 3587 ea

654 3626 802 3685 quae·
833 3610 1178 3687 praecedunt
1201 3614 1422 3674 Invenit
1450 3620 1631 3671 autem
1656 3630 1745 3671 me
1775 3616 2164 3687 Tranqm’lluS,
2206 3630 2331 3670 cum
2359 3612 2488 3686 sri-
