2700 4234
888 314 1307 363 PRAEFATIO.
1822 316 1991 365 XLIX

174 474 613 531 Orelli-Henzen
643 470 920 545 inseriptt.
953 488 1045 529 no.
1085 476 1222 533 5429
1260 466 1270 548 Ι
1308 479 1341 534 9
1382 472 1685 529 Taricheas
1718 474 1824 531 eod
1838 475 1989 533 Frib.

174 577 200 615 a
221 574 334 613 seo,
370 573 556 621 manu.
583 556 836 613 Ursinus.
872 556 1201 612 Taricheam
1237 557 1404 613 Herm
1417 557 1694 615 Barbarus
1724 574 1827 629 pro
1848 558 1991 614 Tra-

171 640 316 696 chias
359 640 454 696 vel
495 638 771 695 Thracias
822 631 834 719 Ι
898 646 968 701 18
1020 638 1142 711 711
1176 646 1627 713 propugnatores
1670 642 1740 697 ed
1774 640 1989 697 Iuntina

174 732 304 783 1510
341 716 353 802 Ι
404 728 472 783 19
495 737 564 778 ea
593 722 808 779 Momm.
845 722 1092 794 Guyetus
1125 739 1228 795 pro
1263 739 1385 780 eam
1436 715 1449 803 Ι
1498 729 1567 785 36
1597 724 1676 779 ad
1697 738 1757 780 se
1788 724 1993 781 omittit

171 806 323 863 Paris
338 812 480 867 6116
511 823 543 863 a
578 806 754 879 prima
783 823 943 863 manu
984 798 1015 887 ΙΙ
1057 812 1192 878 238,
1238 814 1306 868 18
1333 806 1718 880 coynitionibus
1747 807 1990 864 Torren-

175 891 282 947 tius
313 906 422 962 pro
451 890 788 947 contionibus
825 883 836 969 Ι
874 897 944 951 33
981 891 1228 946 celeriter
1270 889 1597 947 Calderinus
1628 907 1732 964 pro
1760 890 1988 947 celebri-

168 983 253 1030 ter
278 964 312 1054 ΙΙ
337 978 462 1042 239,
497 982 524 1033 1
550 979 677 1029 rata
710 975 932 1046 supplet
953 974 1220 1044 Egnatius
1261 969 1272 1053 Ι
1309 982 1379 1035 3ο
1390 974 1607 1046 publice
1630 975 1737 1031 eod
1750 974 1990 1032 Torren-

173 1058 260 1113 tii.
301 1056 519 1128 publice
555 1059 665 1112 nisi
689 1057 901 1113 Memm-
934 1056 1122 1116 Meda.
1171 1057 1327 1115 Pala.
1387 1059 1497 1113 nisi
1522 1057 1626 1113 sibi
1642 1058 1857 1129 publice
1880 1058 1985 1114 eod

173 1143 339 1198 Bern.
385 1138 547 1198 Pull.
587 1140 858 1211 Egnatius
889 1155 992 1212 pro
1019 1136 1130 1194 nisi
1155 1141 1260 1196 sibi
1274 1144 1497 1213 perisse
1526 1146 1749 1198 testatus
1778 1148 1858 1197 est
1875 1158 1989 1213 pu-

175 1226 311 1279 blice
340 1215 370 1301 ΙΙ
409 1228 540 1295 240,
575 1230 645 1284 33
671 1224 903 1294 pallulis
925 1223 1140 1279 Memm-
1187 1223 1314 1281 Med
1328 1232 1382 1285 3.
1422 1225 1491 1281 al.
1526 1224 1629 1281 cfr.
1662 1224 1882 1281 Seneoa
1918 1224 1989 1281 de

175 1306 267 1363 ira
299 1312 367 1376 3,
418 1312 517 1377 22,
560 1313 610 1365 2.
655 1306 952 1378 paludibus
993 1306 1150 1364 Paris
1169 1313 1323 1368 6116.
1384 1308 1576 1365 Meda
1620 1309 1690 1366 al.
1744 1309 1986 1380 paluda-

173 1392 379 1445 mentis
417 1390 539 1445 Med
552 1401 600 1451 1.
647 1389 851 1463 Gopes,
900 1392 1063 1449 Bern.
1117 1392 1393 1449 Basil.-al.
1425 1383 1454 1472 ΙΙ
1485 1397 1620 1463 241,
1651 1400 1720 1452 10
1750 1396 1989 1464 quantas

173 1476 450 1546 congessit
482 1474 552 1530 ed
571 1475 737 1533 Venl
788 1467 800 1554 Ι
849 1481 918 1536 26
953 1477 1144 1531 variae
1176 1476 1389 1531 Merum.
1437 1476 1627 1536 Medss.
1660 1474 1813 1532 Paris
1828 1482 1987 1536 6116.

175 1559 246 1615 al.
289 1572 470 1614 vanae
504 1558 692 1617 Medl.
727 1558 881 1615 Huls.
940 1558 1011 1614 al.
1061 1558 1201 1615 Edd.
1240 1555 1250 1636 Ι
1287 1564 1361 1619 31.
1388 1576 1518 1614 nam
1546 1559 1637 1615 lae
1652 1559 1989 1618 Gronovius.

173 1644 308 1713 quia
353 1644 438 1698 vel
483 1657 646 1713 quam
698 1641 816 1698 Exe
841 1642 1029 1698 Cuiao.
1087 1644 1344 1715 quoniam
1402 1641 1830 1713 Oudendorpius
1884 1656 1989 1713 pro

171 1717 395 1803 quamn
436 1730 573 1795 242,
614 1731 648 1784 9
693 1726 884 1796 opibus
919 1726 1132 1781 Merum.
1179 1725 1504 1785 Pax-isone.
1550 1724 1621 1780 al.
1673 1740 1777 1796 pro
1806 1726 1988 1794 operi-

173 1810 290 1879 bus,
329 1807 434 1878 ofr-
465 1824 520 1880 p.
551 1812 642 1878 67,
671 1815 737 1869 35
775 1802 786 1887 Ι
825 1813 892 1869 27
926 1810 1230 1882 palamque
1265 1808 1545 1865 oodBern.
1574 1806 1722 1863 Frib.
1756 1808 1879 1863 Bas.
1916 1807 1985 1862 al.

173 1892 310 1949 Edd.
359 1892 463 1947 cfr.
510 1909 565 1963 p.
597 1896 698 1960 32,
735 1898 822 1953 32.
868 1898 922 1948 et
947 1893 1146 1963 palam
1171 1892 1344 1951 Med3
1374 1908 1477 1964 pro
1495 1892 1692 1963 palam
1731 1882 1753 1969 Ι
1787 1888 1871 1951 ’32
1890 1890 1993 1945 sibi

173 1982 388 2047 tempus
417 1975 686 2031 horarum
718 1977 1001 2033 eodBern.
1051 1967 1063 2045 Ι
1111 1982 1181 2037 38
1219 1977 1575 2031 consalutauit
1602 1988 1754 2047 ego»
1788 1988 1988 2031 consu-

171 2062 288 2115 latu
328 2060 506 2129 filium
543 2060 624 2114 uit
657 2058 868 2115 Heium.
937 2062 1098 2117 Bern.
1175 2060 1491 2115 consulatus
1523 2060 1699 2131 filium
1739 2064 1791 2113 et
1834 2056 1987 2115 Paris

169 2148 329 2203 6116.
361 2142 549 2199 Medea.
581 2142 655 2198 nl.
687 2144 1125 2216 consalutaverat
1147 2150 1207 2199 ut
1234 2143 1343 2198 eod
1358 2142 1505 2199 Frib.
1542 2140 1711 2199 Basil.
1744 2142 1817 2197 al.
1850 2140 1988 2197 Edd.

168 2224 455 2283 vocabulo
478 2226 654 2296 filium
684 2226 832 2297 quod
861 2242 934 2282 ex
961 2226 1258 2299 superiore
1281 2226 1564 2282 versiculo
1587 2224 1881 2297 repetitum
1906 2230 1991 2279 est

165 2315 328 2365 reete
363 2308 554 2365 deleto
597 2301 626 2385 ΙΙ
665 2313 799 2379 243,
835 2316 902 2368 21
946 2308 1220 2365 Maecium
1267 2307 1696 2381 Oudendorpius
1732 2323 1835 2379 pro
1866 2306 1985 2365 Me-

163 2395 304 2448 tium
341 2384 357 2470 Ι
393 2396 462 2451 27
503 2392 572 2446 iis
602 2392 884 2449 oodBern.
921 2392 1071 2449 Frib.
1102 2410 1206 2466 pro
1235 2392 1322 2449 his
1360 2383 1370 2463 Ι
1406 2397 1477 2452 34
1505 2394 1739 2463 viryines
1770 2389 1988 2462 Lipsius

161 2492 273 2548 pro
316 2476 548 2547 viminis
587 2466 615 2553 ΙΙ
654 2480 788 2546 244,
836 2482 871 2535 3
909 2477 1238 2549 ederentque
1272 2476 1486 2531 Memm.
1533 2474 1855 2531 Torrentius
1884 2488 1990 2545 pro

157 2558 580 2629 redderentque
616 2551 629 2639 Ι
664 2565 701 2619 8
737 2574 903 2615 sacro
931 2559 1276 2617 Torrentius.
1317 2574 1482 2615 sacro
1510 2575 1635 2615 cum
1666 2558 1759 2614 Iao
1774 2557 1988 2613 Grono-

160 2642 322 2700 vius.
372 2656 668 2697 sacrorum
698 2642 912 2715 quidem
947 2644 1032 2698 die
1065 2642 1378 2699 Sabellicus
1407 2657 1511 2715 pro
1543 2656 1835 2697 sacrorum
1871 2632 1882 2717 Ι
1922 2646 1989 2700 19

153 2731 216 2781 et
249 2727 439 2782 odium
474 2726 685 2781 Momm.
732 2725 888 2783 Paris
901 2732 1056 2787 6116.
1109 2718 1415 2783 Beroaldus
1449 2739 1554 2799 pro
1586 2724 1870 2781 melodium·
1898 2723 1991 2778 vel

155 2815 220 2865 et
252 2809 662 2865 exmetlzodr‘um
689 2801 716 2887 ΙΙ
745 2816 867 2881 241,
893 2818 922 2868 1
944 2812 1217 2866 communi
1240 2825 1431 2865 rerum
1456 2820 1563 2863 usu
1592 2808 1802 2863 Momm.
1836 2804 1993 2861 Paris

154 2898 332 2953 6116.
377 2893 684 2950 Beroaldus
729 2908 835 2965 pro
875 2908 1184 2950 communes
1215 2908 1403 2949 rerum
1448 2905 1581 2947 usus
1629 2883 1639 2969 Ι
1687 2898 1721 2951 3
1762 2904 1990 2962 ρνεραηα

156 2975 486 3033 Beroaldus
517 2991 623 3048 pro
649 2990 876 3048 grecum
915 2968 926 3055 Ι
963 2982 1032 3037 36
1058 2977 1340 3033 Scantinia
1373 2974 1687 3031 Sabellicus
1717 2990 1820 3047 pro
1852 2988 1991 3029 can-

157 3062 308 3114 tinia
338 3060 432 3116 vel
481 3062 686 3114 catinia
717 3051 744 3138 ΙΙ
771 3064 912 3131 246,
965 3070 993 3120 1
1037 3059 1286 3117 Ocellatis
1335 3058 1644 3115 Beroaldus
1682 3056 1692 3136 Ι
1732 3064 1795 3118 17
1834 3072 1865 3113 e
1906 3056 1988 3112 di·

159 3157 334 3199 verso
366 3143 522 3199 delet
549 3142 775 3200 Ernesti
823 3136 834 3222 Ι
881 3150 948 3203 21
992 3146 1060 3199 iis
1093 3144 1198 3201 eod
1215 3145 1378 3200 Bern.
1408 3141 1677 3213 Egnatius
1720 3156 1823 3214 pro
1861 3139 1947 3196 his
1976 3132 1987 3212 Ι

160 3231 236 3285 37
267 3226 608 3299 impuberem
647 3227 717 3283 ed
729 3226 882 3284 Busil
912 3234 1050 3288 1533
1091 3243 1195 3300 pro
1237 3227 1503 3298 puberem
1532 3215 1563 3305 ΙΙ
1589 3230 1713 3295 247,
1741 3230 1775 3283 9
1802 3225 1859 3278 in
1887 3238 1993 3279 en:-

161 3310 262 3365 ilio
305 3311 636 3367 Torrentius
678 3326 783 3383 pro
827 3312 992 3367 exilio
1041 3302 1054 3391 Ι
1103 3318 1170 3371 12
1205 3310 1495 3367 abductam
1539 3307 1845 3366 Beroaldus
1888 3320 1995 3380 pro

164 3393 467 3449 adductam
507 3400 518 3465 Ι
559 3400 626 3454 16
655 3394 1092 3466 Pompusianum
1122 3411 1232 3466 ego
1269 3410 1373 3466 pro
1404 3394 1855 3464 Pomposianum,
1886 3390 1989 3446 err.

169 3494 229 3550 p-
265 3482 400 3549 232,
432 3484 466 3539 9
501 3471 512 3557 Ι
552 3484 622 3539 18
651 3478 974 3534 membrana
1005 3478 1342 3536 Scriverius.
1392 3476 1723 3533 membranis
1764 3476 1994 3532 Beroal-

173 3560 283 3617 dus
335 3578 440 3633 pro
479 3562 838 3619 membranas
884 3554 898 3645 Ι
945 3568 1014 3623 32
1063 3564 1348 3634 investiqat
1399 3561 1710 3633 Stephanus
1760 3574 1862 3631 pro
1906 3559 1993 3612 in·
2038 3556 2045 3565 “

259 3660 539 3699 noemma.
1610 3643 1646 3695 d
