<?xml version="1.0" encoding="UTF-8"?>
<!DOCTYPE html PUBLIC "-//W3C//DTD XHTML 1.0 Transitional//EN"
    "http://www.w3.org/TR/xhtml1/DTD/xhtml1-transitional.dtd">
<html xmlns="http://www.w3.org/1999/xhtml" xml:lang="en" lang="en">
 <head>
  <title>
</title>
<meta http-equiv="Content-Type" content="text/html;charset=utf-8" />
  <meta name='ocr-system' content='tesseract 3.04.00' />
  <meta name='ocr-capabilities' content='ocr_page ocr_carea ocr_par ocr_line ocrx_word'/>
</head>
<body>
  <div class='ocr_page' id='page_1' title='image "./csuetonitranqui05rothgoog_0288.png"; bbox 0 0 2700 4234; ppageno 0'>
   <div class='ocr_carea' id='block_1_1' title="bbox 524 283 2409 375">
    <p class='ocr_par' dir='ltr' id='par_1_1' title="bbox 524 283 2409 375">
     <span class='ocr_line' id='line_1_1' title="bbox 524 283 2409 375; baseline -0.008 -26"><span class='ocrx_word' id='word_1_1' title='bbox 524 283 641 349; x_wconf 88' lang='grc'>178</span> <span class='ocrx_word' id='word_1_2' title='bbox 749 296 810 344; x_wconf 88' lang='lat' dir='ltr'>c.</span> <span class='ocrx_word' id='word_1_3' title='bbox 843 290 1143 343; x_wconf 63' lang='lat' dir='ltr'>sum-om</span> <span class='ocrx_word' id='word_1_4' title='bbox 1173 291 1429 375; x_wconf 63' lang='lat' dir='ltr'>Tnan.</span> <span class='ocrx_word' id='word_1_5' title='bbox 1460 291 1558 338; x_wconf 77' lang='lat' dir='ltr'>DE</span> <span class='ocrx_word' id='word_1_6' title='bbox 1583 291 1751 339; x_wconf 79' lang='lat' dir='ltr'>vrrA</span> <span class='ocrx_word' id='word_1_7' title='bbox 1781 289 2149 338; x_wconf 63' lang='lat' dir='ltr'>caussam</span> <span class='ocrx_word' id='word_1_8' title='bbox 2170 289 2299 335; x_wconf 77' lang='lat' dir='ltr'>mn.</span> <span class='ocrx_word' id='word_1_9' title='bbox 2321 288 2409 335; x_wconf 75' lang='lat' dir='ltr'>vr.</span> 
     </span>
    </p>
   </div>
   <div class='ocr_carea' id='block_1_2' title="bbox 519 442 2549 2452">
    <p class='ocr_par' dir='ltr' id='par_1_2' title="bbox 519 442 2549 2452">
     <span class='ocr_line' id='line_1_2' title="bbox 521 442 2485 531; baseline -0.007 -17"><span class='ocrx_word' id='word_1_10' title='bbox 521 451 690 514; x_wconf 84' lang='lat' dir='ltr'>tinnis</span> <span class='ocrx_word' id='word_1_11' title='bbox 721 458 860 531; x_wconf 91' lang='lat' dir='ltr'>post</span> <span class='ocrx_word' id='word_1_12' title='bbox 897 467 1135 510; x_wconf 88' lang='lat' dir='ltr'>caenam</span> <span class='ocrx_word' id='word_1_13' title='bbox 1171 447 1400 509; x_wconf 78' lang='lat' dir='ltr'><strong>canenti</strong></span> <span class='ocrx_word' id='word_1_14' title='bbox 1432 447 1490 507; x_wconf 87' lang='lat' dir='ltr'>in</span> <span class='ocrx_word' id='word_1_15' title='bbox 1516 446 1748 506; x_wconf 86' lang='lat' dir='ltr'>multam</span> <span class='ocrx_word' id='word_1_16' title='bbox 1777 452 2009 503; x_wconf 88' lang='lat' dir='ltr'>noctem</span> <span class='ocrx_word' id='word_1_17' title='bbox 2050 442 2328 518; x_wconf 86' lang='lat' dir='ltr'>assidens,</span> <span class='ocrx_word' id='word_1_18' title='bbox 2364 460 2485 521; x_wconf 85' lang='lat' dir='ltr'>pau-</span> 
     </span>
     <span class='ocr_line' id='line_1_3' title="bbox 519 527 2526 614; baseline -0.006 -17"><span class='ocrx_word' id='word_1_19' title='bbox 519 536 676 598; x_wconf 86' lang='lat' dir='ltr'>latim</span> <span class='ocrx_word' id='word_1_20' title='bbox 701 543 761 595; x_wconf 89' lang='lat' dir='ltr'>et</span> <span class='ocrx_word' id='word_1_21' title='bbox 791 535 920 614; x_wconf 88' lang='lat' dir='ltr'>ipse</span> <span class='ocrx_word' id='word_1_22' title='bbox 949 532 1212 593; x_wconf 87' lang='lat' dir='ltr'>meditari</span> <span class='ocrx_word' id='word_1_23' title='bbox 1249 530 1635 608; x_wconf 80' lang='lat' dir='ltr'>exercerique</span> <span class='ocrx_word' id='word_1_24' title='bbox 1667 530 1883 607; x_wconf 88' lang='lat' dir='ltr'>coepit,</span> <span class='ocrx_word' id='word_1_25' title='bbox 1909 544 2099 606; x_wconf 88' lang='lat' dir='ltr'>neque</span> <span class='ocrx_word' id='word_1_26' title='bbox 2132 543 2321 587; x_wconf 88' lang='lat' dir='ltr'>eorum</span> <span class='ocrx_word' id='word_1_27' title='bbox 2348 527 2485 605; x_wconf 90' lang='lat' dir='ltr'>quic·</span> <span class='ocrx_word' id='word_1_28' title='bbox 2519 594 2526 603; x_wconf 45' lang='lat'>,</span> 
     </span>
     <span class='ocr_line' id='line_1_4' title="bbox 522 608 2485 699; baseline -0.006 -20"><span class='ocrx_word' id='word_1_29' title='bbox 522 636 690 699; x_wconf 89' lang='lat' dir='ltr'>quam</span> <span class='ocrx_word' id='word_1_30' title='bbox 732 619 996 678; x_wconf 83' lang='lat' dir='ltr'>omittere</span> <span class='ocrx_word' id='word_1_31' title='bbox 1017 660 1036 693; x_wconf 87' lang='lat'>,</span> <span class='ocrx_word' id='word_1_32' title='bbox 1080 633 1230 695; x_wconf 83' lang='lat' dir='ltr'>quae</span> <span class='ocrx_word' id='word_1_33' title='bbox 1275 615 1514 691; x_wconf 81' lang='lat' dir='ltr'>generis</span> <span class='ocrx_word' id='word_1_34' title='bbox 1537 614 1660 673; x_wconf 91' lang='lat' dir='ltr'>eius</span> <span class='ocrx_word' id='word_1_35' title='bbox 1684 612 1940 673; x_wconf 73' lang='lat' dir='ltr'>artifices</span> <span class='ocrx_word' id='word_1_36' title='bbox 1959 609 2059 672; x_wconf 86' lang='lat' dir='ltr'>vel</span> <span class='ocrx_word' id='word_1_37' title='bbox 2084 608 2485 671; x_wconf 81' lang='lat' dir='ltr'>conservandae</span> 
     </span>
     <span class='ocr_line' id='line_1_5' title="bbox 522 692 2484 776; baseline -0.006 -13"><span class='ocrx_word' id='word_1_38' title='bbox 522 705 688 764; x_wconf 84' lang='lat' dir='ltr'>vocis</span> <span class='ocrx_word' id='word_1_39' title='bbox 723 718 898 762; x_wconf 88' lang='lat' dir='ltr'>causa</span> <span class='ocrx_word' id='word_1_40' title='bbox 933 699 1028 761; x_wconf 83' lang='lat' dir='ltr'>vel</span> <span class='ocrx_word' id='word_1_41' title='bbox 1057 698 1361 776; x_wconf 77' lang='lat' dir='ltr'>augendae</span> <span class='ocrx_word' id='word_1_42' title='bbox 1391 698 1744 766; x_wconf 79' lang='lat' dir='ltr'>factitarent3</span> <span class='ocrx_word' id='word_1_43' title='bbox 1784 696 1891 755; x_wconf 91' lang='lat' dir='ltr'>sed</span> <span class='ocrx_word' id='word_1_44' title='bbox 1918 704 1977 756; x_wconf 89' lang='lat' dir='ltr'>et</span> <span class='ocrx_word' id='word_1_45' title='bbox 2004 693 2325 773; x_wconf 78' lang='lat' dir='ltr'>plumbeam</span> <span class='ocrx_word' id='word_1_46' title='bbox 2346 692 2484 754; x_wconf 85' lang='lat' dir='ltr'>char-</span> 
     </span>
     <span class='ocr_line' id='line_1_6' title="bbox 521 780 2523 864; baseline -0.006 -17"><span class='ocrx_word' id='word_1_47' title='bbox 521 786 910 864; x_wconf 88' lang='lat' dir='ltr'>tam-supinus</span> <span class='ocrx_word' id='word_1_48' title='bbox 960 792 1202 863; x_wconf 78' lang='lat' dir='ltr'>pectore</span> <span class='ocrx_word' id='word_1_49' title='bbox 1245 783 1562 857; x_wconf 84' lang='lat' dir='ltr'>sustinere,</span> <span class='ocrx_word' id='word_1_50' title='bbox 1606 789 1665 840; x_wconf 91' lang='lat' dir='ltr'>et</span> <span class='ocrx_word' id='word_1_51' title='bbox 1708 780 1963 855; x_wconf 72' lang='lat' dir='ltr'>clystere</span> <span class='ocrx_word' id='word_1_52' title='bbox 2007 780 2332 856; x_wconf 84' lang='lat' dir='ltr'>vomituque</span> <span class='ocrx_word' id='word_1_53' title='bbox 2373 788 2523 855; x_wconf 76' lang='lat' dir='ltr'>pur-⁵</span> 
     </span>
     <span class='ocr_line' id='line_1_7' title="bbox 523 860 2485 949; baseline -0.007 -18"><span class='ocrx_word' id='word_1_54' title='bbox 523 872 683 949; x_wconf 78' lang='lat' dir='ltr'>gari,</span> <span class='ocrx_word' id='word_1_55' title='bbox 731 878 788 929; x_wconf 88' lang='lat' dir='ltr'>et</span> <span class='ocrx_word' id='word_1_56' title='bbox 818 867 1120 927; x_wconf 87' lang='lat' dir='ltr'>abstinere·</span> <span class='ocrx_word' id='word_1_57' title='bbox 1145 868 1328 945; x_wconf 84' lang='lat' dir='ltr'>pomis</span> <span class='ocrx_word' id='word_1_58' title='bbox 1362 865 1625 943; x_wconf 81' lang='lat' dir='ltr'>cibisque</span> <span class='ocrx_word' id='word_1_59' title='bbox 1670 862 2091 933; x_wconf 79' lang='lat' dir='ltr'>officientibus3</span> <span class='ocrx_word' id='word_1_60' title='bbox 2134 862 2315 923; x_wconf 86' lang='lat' dir='ltr'>donec</span> <span class='ocrx_word' id='word_1_61' title='bbox 2351 860 2485 919; x_wconf 87' lang='lat' dir='ltr'>blan-</span> 
     </span>
     <span class='ocr_line' id='line_1_8' title="bbox 525 944 2486 1031; baseline -0.007 -17"><span class='ocrx_word' id='word_1_62' title='bbox 525 955 716 1015; x_wconf 86' lang='lat' dir='ltr'>diente</span> <span class='ocrx_word' id='word_1_63' title='bbox 747 952 1018 1031; x_wconf 81' lang='lat' dir='ltr'>profectu</span> <span class='ocrx_word' id='word_1_64' title='bbox 1051 951 1425 1030; x_wconf 89' lang='lat' dir='ltr'>(quamquam</span> <span class='ocrx_word' id='word_1_65' title='bbox 1456 951 1705 1025; x_wconf 81' lang='lat' dir='ltr'>exiguae</span> <span class='ocrx_word' id='word_1_66' title='bbox 1736 948 1901 1007; x_wconf 88' lang='lat' dir='ltr'>vocis</span> <span class='ocrx_word' id='word_1_67' title='bbox 1926 956 1985 1007; x_wconf 90' lang='lat' dir='ltr'>et</span> <span class='ocrx_word' id='word_1_68' title='bbox 2012 946 2245 1025; x_wconf 78' lang='lat' dir='ltr'>fuscae)</span> <span class='ocrx_word' id='word_1_69' title='bbox 2280 944 2486 1024; x_wconf 85' lang='lat' dir='ltr'>prodire</span> 
     </span>
     <span class='ocr_line' id='line_1_9' title="bbox 523 1030 2485 1113; baseline -0.006 -16"><span class='ocrx_word' id='word_1_70' title='bbox 523 1040 581 1097; x_wconf 89' lang='lat' dir='ltr'>in</span> <span class='ocrx_word' id='word_1_71' title='bbox 609 1054 844 1097; x_wconf 78' lang='lat' dir='ltr'>scenam</span> <span class='ocrx_word' id='word_1_72' title='bbox 879 1036 1193 1113; x_wconf 81' lang='lat' dir='ltr'>concupiit,</span> <span class='ocrx_word' id='word_1_73' title='bbox 1237 1032 1479 1093; x_wconf 83' lang='lat' dir='ltr'>subinde</span> <span class='ocrx_word' id='word_1_74' title='bbox 1522 1032 1672 1091; x_wconf 89' lang='lat' dir='ltr'>iuter</span> <span class='ocrx_word' id='word_1_75' title='bbox 1710 1030 2025 1091; x_wconf 81' lang='lat' dir='ltr'>familiares</span> <span class='ocrx_word' id='word_1_76' title='bbox 2056 1030 2333 1092; x_wconf 86' lang='lat' dir='ltr'>Graecum</span> <span class='ocrx_word' id='word_1_77' title='bbox 2372 1042 2485 1107; x_wconf 87' lang='lat' dir='ltr'>pro-</span> 
     </span>
     <span class='ocr_line' id='line_1_10' title="bbox 523 1114 2485 1193; baseline -0.007 -12"><span class='ocrx_word' id='word_1_78' title='bbox 523 1120 784 1181; x_wconf 89' lang='lat' dir='ltr'>verbium</span> <span class='ocrx_word' id='word_1_79' title='bbox 813 1121 1054 1191; x_wconf 87' lang='lat' dir='ltr'>iactans,</span> <span class='ocrx_word' id='word_1_80' title='bbox 1087 1117 1368 1179; x_wconf 77' lang='lat' dir='ltr'>occultae</span> <span class='ocrx_word' id='word_1_81' title='bbox 1399 1116 1677 1177; x_wconf 75' lang='lat' dir='ltr'>musicae</span> <span class='ocrx_word' id='word_1_82' title='bbox 1708 1114 1943 1177; x_wconf 78' lang='lat' dir='ltr'>nullum</span> <span class='ocrx_word' id='word_1_83' title='bbox 1972 1132 2113 1177; x_wconf 79' lang='lat' dir='ltr'>csse</span> <span class='ocrx_word' id='word_1_84' title='bbox 2156 1119 2485 1193; x_wconf 77' lang='lat' dir='ltr'>respectum.</span> 
     </span>
     <span class='ocr_line' id='line_1_11' title="bbox 524 1198 2539 1283; baseline -0.006 -18"><span class='ocrx_word' id='word_1_85' title='bbox 524 1204 601 1265; x_wconf 89' lang='lat' dir='ltr'>Et</span> <span class='ocrx_word' id='word_1_86' title='bbox 628 1203 822 1283; x_wconf 80' lang='lat' dir='ltr'>prodit</span> <span class='ocrx_word' id='word_1_87' title='bbox 847 1201 1098 1280; x_wconf 87' lang='lat' dir='ltr'>Neapoli</span> <span class='ocrx_word' id='word_1_88' title='bbox 1128 1202 1399 1279; x_wconf 87' lang='lat' dir='ltr'>primum,</span> <span class='ocrx_word' id='word_1_89' title='bbox 1444 1217 1517 1261; x_wconf 88' lang='lat' dir='ltr'>ac</span> <span class='ocrx_word' id='word_1_90' title='bbox 1554 1217 1628 1258; x_wconf 88' lang='lat' dir='ltr'>ne</span> <span class='ocrx_word' id='word_1_91' title='bbox 1672 1215 1963 1261; x_wconf 84' lang='lat' dir='ltr'>concusso</span> <span class='ocrx_word' id='word_1_92' title='bbox 2010 1198 2237 1277; x_wconf 86' lang='lat' dir='ltr'>quidem</span> <span class='ocrx_word' id='word_1_93' title='bbox 2272 1202 2539 1275; x_wconf 75' lang='lat' dir='ltr'>repentem</span> 
     </span>
     <span class='ocr_line' id='line_1_12' title="bbox 525 1276 2484 1362; baseline -0.004 -15"><span class='ocrx_word' id='word_1_94' title='bbox 525 1298 678 1347; x_wconf 87' lang='lat' dir='ltr'>motu</span> <span class='ocrx_word' id='word_1_95' title='bbox 707 1297 898 1346; x_wconf 90' lang='lat' dir='ltr'>terrae</span> <span class='ocrx_word' id='word_1_96' title='bbox 929 1284 1154 1346; x_wconf 86' lang='lat' dir='ltr'>theatro</span> <span class='ocrx_word' id='word_1_97' title='bbox 1181 1294 1314 1345; x_wconf 89' lang='lat' dir='ltr'>ante</span> <span class='ocrx_word' id='word_1_98' title='bbox 1347 1293 1581 1353; x_wconf 84' lang='lat' dir='ltr'>cantare</span> <span class='ocrx_word' id='word_1_99' title='bbox 1612 1282 1843 1359; x_wconf 81' lang='lat' dir='ltr'>destitit,</span> <span class='ocrx_word' id='word_1_100' title='bbox 1875 1301 2045 1362; x_wconf 88' lang='lat' dir='ltr'>quam</span> <span class='ocrx_word' id='word_1_101' title='bbox 2074 1282 2386 1343; x_wconf 87' lang='lat' dir='ltr'>inchoatum</span> <span class='ocrx_word' id='word_1_102' title='bbox 2408 1276 2484 1339; x_wconf 89' lang='lat' dir='ltr'>ab·</span> 
     </span>
     <span class='ocr_line' id='line_1_13' title="bbox 526 1362 2489 1446; baseline -0.007 -14"><span class='ocrx_word' id='word_1_103' title='bbox 526 1369 784 1432; x_wconf 83' lang='lat' dir='ltr'>solveret</span> <span class='ocrx_word' id='word_1_104' title='bbox 825 1384 1056 1429; x_wconf 86' lang='lat' dir='ltr'>nomon.</span> <span class='ocrx_word' id='word_1_105' title='bbox 1130 1366 1355 1429; x_wconf 88' lang='lat' dir='ltr'>Ibidem</span> <span class='ocrx_word' id='word_1_106' title='bbox 1390 1368 1624 1446; x_wconf 89' lang='lat' dir='ltr'>saepius</span> <span class='ocrx_word' id='word_1_107' title='bbox 1669 1376 1727 1425; x_wconf 88' lang='lat' dir='ltr'>et</span> <span class='ocrx_word' id='word_1_108' title='bbox 1770 1384 1879 1445; x_wconf 85' lang='lat' dir='ltr'>per</span> <span class='ocrx_word' id='word_1_109' title='bbox 1908 1368 2244 1445; x_wconf 83' lang='lat' dir='ltr'>complures</span> <span class='ocrx_word' id='word_1_110' title='bbox 2274 1362 2489 1425; x_wconf 87' lang='lat' dir='ltr'>cantavit</span> 
     </span>
     <span class='ocr_line' id='line_1_14' title="bbox 526 1446 2487 1531; baseline -0.005 -17"><span class='ocrx_word' id='word_1_111' title='bbox 526 1455 680 1523; x_wconf 86' lang='lat' dir='ltr'>dies;</span> <span class='ocrx_word' id='word_1_112' title='bbox 711 1461 940 1531; x_wconf 91' lang='lat' dir='ltr'>sumpto</span> <span class='ocrx_word' id='word_1_113' title='bbox 973 1452 1142 1514; x_wconf 86' lang='lat' dir='ltr'>etiam</span> <span class='ocrx_word' id='word_1_114' title='bbox 1174 1450 1246 1511; x_wconf 88' lang='lat' dir='ltr'>ad</span> <span class='ocrx_word' id='word_1_115' title='bbox 1284 1450 1655 1513; x_wconf 79' lang='lat' dir='ltr'>reficiendam</span> <span class='ocrx_word' id='word_1_116' title='bbox 1683 1468 1889 1511; x_wconf 85' lang='lat' dir='ltr'>vocem</span> <span class='ocrx_word' id='word_1_117' title='bbox 1914 1451 2085 1511; x_wconf 85' lang='lat' dir='ltr'>brevi</span> <span class='ocrx_word' id='word_1_118' title='bbox 2108 1460 2380 1529; x_wconf 89' lang='lat' dir='ltr'>tempore,</span> <span class='ocrx_word' id='word_1_119' title='bbox 2402 1446 2487 1505; x_wconf 82' lang='lat' dir='ltr'>im-</span> 
     </span>
     <span class='ocr_line' id='line_1_15' title="bbox 527 1530 2491 1619; baseline -0.006 -21"><span class='ocrx_word' id='word_1_120' title='bbox 527 1538 748 1619; x_wconf 85' lang='lat' dir='ltr'>patiens</span> <span class='ocrx_word' id='word_1_121' title='bbox 789 1537 1026 1606; x_wconf 73' lang='lat' dir='ltr'>secreti</span> <span class='ocrx_word' id='word_1_122' title='bbox 1048 1555 1081 1596; x_wconf 90' lang='lat' dir='ltr'>a</span> <span class='ocrx_word' id='word_1_123' title='bbox 1123 1536 1367 1597; x_wconf 84' lang='lat' dir='ltr'>balineis</span> <span class='ocrx_word' id='word_1_124' title='bbox 1400 1538 1458 1594; x_wconf 91' lang='lat' dir='ltr'>in</span> <span class='ocrx_word' id='word_1_125' title='bbox 1493 1534 1774 1596; x_wconf 85' lang='lat' dir='ltr'>theatrum</span> <span class='ocrx_word' id='word_1_126' title='bbox 1821 1536 2082 1611; x_wconf 83' lang='lat' dir='ltr'>transiit,</span> <span class='ocrx_word' id='word_1_127' title='bbox 2124 1534 2410 1610; x_wconf 89' lang='lat' dir='ltr'>mediaque</span> <span class='ocrx_word' id='word_1_128' title='bbox 2444 1530 2491 1587; x_wconf 89' lang='lat' dir='ltr'>in</span> 
     </span>
     <span class='ocr_line' id='line_1_16' title="bbox 528 1614 2545 1699; baseline -0.005 -17"><span class='ocrx_word' id='word_1_129' title='bbox 528 1622 829 1683; x_wconf 86' lang='lat' dir='ltr'>orchestra</span> <span class='ocrx_word' id='word_1_130' title='bbox 855 1620 1161 1699; x_wconf 81' lang='lat' dir='ltr'>frequente</span> <span class='ocrx_word' id='word_1_131' title='bbox 1191 1620 1415 1699; x_wconf 89' lang='lat' dir='ltr'>populo</span> <span class='ocrx_word' id='word_1_132' title='bbox 1447 1618 1734 1699; x_wconf 84' lang='lat' dir='ltr'>epulatus,</span> <span class='ocrx_word' id='word_1_133' title='bbox 1766 1619 1827 1679; x_wconf 76' lang='lat' dir='ltr'>si</span> <span class='ocrx_word' id='word_1_134' title='bbox 1842 1620 2110 1697; x_wconf 81' lang='lat' dir='ltr'>paulum</span> <span class='ocrx_word' id='word_1_135' title='bbox 2132 1614 2489 1686; x_wconf 77' lang='lat' dir='ltr'>subbibissct,</span> <span class='ocrx_word' id='word_1_136' title='bbox 2507 1624 2545 1665; x_wconf 79' lang='lat'>1⁵</span> 
     </span>
     <span class='ocr_line' id='line_1_17' title="bbox 528 1695 2549 1785; baseline -0.006 -20"><span class='ocrx_word' id='word_1_137' title='bbox 528 1704 768 1785; x_wconf 76' lang='lat' dir='ltr'>aliquid</span> <span class='ocrx_word' id='word_1_138' title='bbox 817 1721 887 1765; x_wconf 77' lang='lat' dir='ltr'>sc</span> <span class='ocrx_word' id='word_1_139' title='bbox 927 1701 1170 1783; x_wconf 69' lang='lat' dir='ltr'>suffer-ti</span> <span class='ocrx_word' id='word_1_140' title='bbox 1210 1704 1565 1764; x_wconf 75' lang='lat' dir='ltr'>tinnit-urum</span> <span class='ocrx_word' id='word_1_141' title='bbox 1620 1701 1847 1763; x_wconf 85' lang='lat' dir='ltr'>Graeco</span> <span class='ocrx_word' id='word_1_142' title='bbox 1908 1721 2185 1764; x_wconf 86' lang='lat' dir='ltr'>sermone</span> <span class='ocrx_word' id='word_1_143' title='bbox 2241 1698 2489 1781; x_wconf 82' lang='lat' dir='ltr'>promisit.</span> <span class='ocrx_word' id='word_1_144' title='bbox 2538 1695 2549 1703; x_wconf 88' lang='grc'><em>”</em></span> 
     </span>
     <span class='ocr_line' id='line_1_18' title="bbox 529 1780 2492 1868; baseline -0.002 -19"><span class='ocrx_word' id='word_1_145' title='bbox 529 1789 744 1868; x_wconf 85' lang='lat' dir='ltr'>Captus</span> <span class='ocrx_word' id='word_1_146' title='bbox 793 1796 980 1848; x_wconf 87' lang='lat' dir='ltr'>autem</span> <span class='ocrx_word' id='word_1_147' title='bbox 1023 1787 1329 1847; x_wconf 87' lang='lat' dir='ltr'>modulatis</span> <span class='ocrx_word' id='word_1_148' title='bbox 1370 1785 1894 1848; x_wconf 73' lang='lat' dir='ltr'>Alexandrinorum</span> <span class='ocrx_word' id='word_1_149' title='bbox 1933 1786 2370 1860; x_wconf 81' lang='lat' dir='ltr'>laudationibus,</span> <span class='ocrx_word' id='word_1_150' title='bbox 2412 1780 2492 1859; x_wconf 78' lang='lat' dir='ltr'>qui</span> 
     </span>
     <span class='ocr_line' id='line_1_19' title="bbox 527 1869 2489 1950; baseline -0.005 -17"><span class='ocrx_word' id='word_1_151' title='bbox 527 1873 600 1933; x_wconf 90' lang='lat' dir='ltr'>de</span> <span class='ocrx_word' id='word_1_152' title='bbox 644 1887 799 1931; x_wconf 85' lang='lat' dir='ltr'>novo</span> <span class='ocrx_word' id='word_1_153' title='bbox 845 1879 1164 1931; x_wconf 90' lang='lat' dir='ltr'>commeatu</span> <span class='ocrx_word' id='word_1_154' title='bbox 1195 1870 1505 1948; x_wconf 89' lang='lat' dir='ltr'>Neapolim</span> <span class='ocrx_word' id='word_1_155' title='bbox 1550 1870 1977 1947; x_wconf 83' lang='lat' dir='ltr'>confluxerant,</span> <span class='ocrx_word' id='word_1_156' title='bbox 2031 1872 2229 1950; x_wconf 86' lang='lat' dir='ltr'>plures</span> <span class='ocrx_word' id='word_1_157' title='bbox 2266 1869 2489 1929; x_wconf 83' lang='lat' dir='ltr'>Alexan·</span> 
     </span>
     <span class='ocr_line' id='line_1_20' title="bbox 527 1949 2491 2033; baseline -0.006 -17"><span class='ocrx_word' id='word_1_158' title='bbox 527 1956 650 2016; x_wconf 88' lang='lat' dir='ltr'>dria</span> <span class='ocrx_word' id='word_1_159' title='bbox 679 1955 966 2015; x_wconf 70' lang='lat' dir='ltr'>evocavit.</span> <span class='ocrx_word' id='word_1_160' title='bbox 1062 1952 1270 2033; x_wconf 85' lang='lat' dir='ltr'>Neque</span> <span class='ocrx_word' id='word_1_161' title='bbox 1313 1971 1387 2013; x_wconf 94' lang='lat' dir='ltr'>eo</span> <span class='ocrx_word' id='word_1_162' title='bbox 1433 1955 1672 2031; x_wconf 81' lang='lat' dir='ltr'>segnius</span> <span class='ocrx_word' id='word_1_163' title='bbox 1721 1954 2195 2016; x_wconf 87' lang='lat' dir='ltr'>adulescentulos</span> <span class='ocrx_word' id='word_1_164' title='bbox 2237 1949 2491 2032; x_wconf 86' lang='lat' dir='ltr'>equestris</span> 
     </span>
     <span class='ocr_line' id='line_1_21' title="bbox 527 2036 2547 2118; baseline -0.004 -19"><span class='ocrx_word' id='word_1_165' title='bbox 527 2038 744 2100; x_wconf 86' lang='lat' dir='ltr'>ordinis</span> <span class='ocrx_word' id='word_1_166' title='bbox 773 2046 832 2097; x_wconf 87' lang='lat' dir='ltr'>et</span> <span class='ocrx_word' id='word_1_167' title='bbox 863 2039 1116 2116; x_wconf 88' lang='lat' dir='ltr'>quinque</span> <span class='ocrx_word' id='word_1_168' title='bbox 1148 2036 1391 2117; x_wconf 88' lang='lat' dir='ltr'>amplius</span> <span class='ocrx_word' id='word_1_169' title='bbox 1422 2037 1577 2103; x_wconf 83' lang='lat' dir='ltr'>milia</span> <span class='ocrx_word' id='word_1_170' title='bbox 1602 2056 1635 2097; x_wconf 92' lang='lat' dir='ltr'>e</span> <span class='ocrx_word' id='word_1_171' title='bbox 1661 2038 1841 2118; x_wconf 79' lang='lat' dir='ltr'>plebe.</span> <span class='ocrx_word' id='word_1_172' title='bbox 1864 2038 2303 2099; x_wconf 84' lang='lat' dir='ltr'>robustissimae</span> <span class='ocrx_word' id='word_1_173' title='bbox 2322 2038 2547 2095; x_wconf 81' lang='lat' dir='ltr'>iuven-2⁰</span> 
     </span>
     <span class='ocr_line' id='line_1_22' title="bbox 523 2120 2493 2201; baseline -0.005 -19"><span class='ocrx_word' id='word_1_174' title='bbox 523 2123 658 2183; x_wconf 86' lang='lat' dir='ltr'>tutis</span> <span class='ocrx_word' id='word_1_175' title='bbox 685 2121 936 2199; x_wconf 90' lang='lat' dir='ltr'>undique</span> <span class='ocrx_word' id='word_1_176' title='bbox 968 2120 1168 2197; x_wconf 84' lang='lat' dir='ltr'>elegit,</span> <span class='ocrx_word' id='word_1_177' title='bbox 1202 2123 1297 2200; x_wconf 89' lang='lat' dir='ltr'>qui</span> <span class='ocrx_word' id='word_1_178' title='bbox 1329 2121 1496 2181; x_wconf 80' lang='lat' dir='ltr'>divisi</span> <span class='ocrx_word' id='word_1_179' title='bbox 1530 2122 1584 2181; x_wconf 90' lang='lat' dir='ltr'>in</span> <span class='ocrx_word' id='word_1_180' title='bbox 1615 2122 1933 2200; x_wconf 85' lang='lat' dir='ltr'>factiones,</span> <span class='ocrx_word' id='word_1_181' title='bbox 1969 2124 2272 2201; x_wconf 86' lang='lat' dir='ltr'>plausuum</span> <span class='ocrx_word' id='word_1_182' title='bbox 2300 2132 2493 2197; x_wconf 81' lang='lat' dir='ltr'>genera</span> 
     </span>
     <span class='ocr_line' id='line_1_23' title="bbox 530 2204 2491 2285; baseline -0.003 -18"><span class='ocrx_word' id='word_1_183' title='bbox 530 2204 936 2267; x_wconf 83' lang='lat' dir='ltr'>condiscerent</span> <span class='ocrx_word' id='word_1_184' title='bbox 973 2204 1255 2285; x_wconf 83' lang='lat' dir='ltr'>(bombos</span> <span class='ocrx_word' id='word_1_185' title='bbox 1295 2213 1355 2267; x_wconf 82' lang='lat' dir='ltr'>et</span> <span class='ocrx_word' id='word_1_186' title='bbox 1390 2204 1661 2265; x_wconf 88' lang='lat' dir='ltr'>imbrices</span> <span class='ocrx_word' id='word_1_187' title='bbox 1702 2215 1762 2267; x_wconf 91' lang='lat' dir='ltr'>et</span> <span class='ocrx_word' id='word_1_188' title='bbox 1802 2214 1983 2268; x_wconf 88' lang='lat' dir='ltr'>testas</span> <span class='ocrx_word' id='word_1_189' title='bbox 2024 2204 2340 2283; x_wconf 82' lang='lat' dir='ltr'>vocabant)</span> <span class='ocrx_word' id='word_1_190' title='bbox 2372 2217 2491 2280; x_wconf 88' lang='lat' dir='ltr'>ope·</span> 
     </span>
     <span class='ocr_line' id='line_1_24' title="bbox 527 2290 2494 2369; baseline -0.005 -18"><span class='ocrx_word' id='word_1_191' title='bbox 527 2307 765 2369; x_wconf 89' lang='lat' dir='ltr'>ramque</span> <span class='ocrx_word' id='word_1_192' title='bbox 801 2298 1082 2349; x_wconf 82' lang='lat' dir='ltr'>navarent</span> <span class='ocrx_word' id='word_1_193' title='bbox 1114 2290 1364 2350; x_wconf 87' lang='lat' dir='ltr'>cantanti</span> <span class='ocrx_word' id='word_1_194' title='bbox 1396 2290 1525 2366; x_wconf 86' lang='lat' dir='ltr'>sibi,</span> <span class='ocrx_word' id='word_1_195' title='bbox 1562 2290 1822 2367; x_wconf 77' lang='lat' dir='ltr'>insigues</span> <span class='ocrx_word' id='word_1_196' title='bbox 1852 2291 2228 2368; x_wconf 80' lang='lat' dir='ltr'>pinguissima</span> <span class='ocrx_word' id='word_1_197' title='bbox 2270 2304 2420 2349; x_wconf 85' lang='lat' dir='ltr'>coma</span> <span class='ocrx_word' id='word_1_198' title='bbox 2445 2290 2494 2342; x_wconf 89' lang='lat' dir='ltr'>et</span> 
     </span>
     <span class='ocr_line' id='line_1_25' title="bbox 530 2373 2492 2452; baseline -0.003 -19"><span class='ocrx_word' id='word_1_199' title='bbox 530 2373 1023 2434; x_wconf 87' lang='lat' dir='ltr'>excellentissimo</span> <span class='ocrx_word' id='word_1_200' title='bbox 1055 2373 1255 2433; x_wconf 82' lang='lat' dir='ltr'>cultu*</span> <span class='ocrx_word' id='word_1_201' title='bbox 1300 2375 1496 2452; x_wconf 84' lang='lat' dir='ltr'>pueris</span> <span class='ocrx_word' id='word_1_202' title='bbox 1531 2391 1603 2436; x_wconf 84' lang='lat' dir='ltr'>ac</span> <span class='ocrx_word' id='word_1_203' title='bbox 1630 2376 1756 2435; x_wconf 86' lang='lat' dir='ltr'>sine</span> <span class='ocrx_word' id='word_1_204' title='bbox 1798 2374 1970 2435; x_wconf 89' lang='lat' dir='ltr'>anulo</span> <span class='ocrx_word' id='word_1_205' title='bbox 2013 2375 2241 2452; x_wconf 79' lang='lat' dir='ltr'>laeviis,</span> <span class='ocrx_word' id='word_1_206' title='bbox 2282 2383 2492 2451; x_wconf 81' lang='lat' dir='ltr'>quorum</span> 
     </span>
    </p>
   </div>
   <div class='ocr_carea' id='block_1_3' title="bbox 488 2455 2654 2535">
    <p class='ocr_par' dir='ltr' id='par_1_3' title="bbox 488 2455 2654 2535">
     <span class='ocr_line' id='line_1_26' title="bbox 488 2455 2654 2535; baseline -0 -18"><span class='ocrx_word' id='word_1_207' title='bbox 488 2513 498 2531; x_wconf 62' lang='lat'>„</span> <span class='ocrx_word' id='word_1_208' title='bbox 530 2456 708 2517; x_wconf 89' lang='lat' dir='ltr'>duces</span> <span class='ocrx_word' id='word_1_209' title='bbox 741 2455 1132 2535; x_wconf 78' lang='lat' dir='ltr'>quadringena</span> <span class='ocrx_word' id='word_1_210' title='bbox 1163 2458 1318 2518; x_wconf 87' lang='lat' dir='ltr'>milia</span> <span class='ocrx_word' id='word_1_211' title='bbox 1349 2456 1619 2519; x_wconf 74' lang='lat' dir='ltr'>sestertia</span> <span class='ocrx_word' id='word_1_212' title='bbox 1645 2457 1962 2519; x_wconf 86' lang='lat' dir='ltr'>merebant.</span> <span class='ocrx_word' id='word_1_213' title='bbox 2509 2459 2547 2499; x_wconf 75' lang='lat'>2⁵</span> <span class='ocrx_word' id='word_1_214' title='bbox 2653 2504 2654 2509; x_wconf 31' lang='lat'>1</span> 
     </span>
    </p>
   </div>
   <div class='ocr_carea' id='block_1_4' title="bbox 443 2537 2553 3627">
    <p class='ocr_par' dir='ltr' id='par_1_4' title="bbox 443 2537 2553 3627">
     <span class='ocr_line' id='line_1_27' title="bbox 443 2537 2494 2619; baseline -0.003 -20"><span class='ocrx_word' id='word_1_215' title='bbox 443 2547 510 2599; x_wconf 81' lang='lat'>21</span> <span class='ocrx_word' id='word_1_216' title='bbox 656 2537 798 2599; x_wconf 89' lang='lat' dir='ltr'>Cum</span> <span class='ocrx_word' id='word_1_217' title='bbox 825 2540 1019 2616; x_wconf 79' lang='lat' dir='ltr'>magni</span> <span class='ocrx_word' id='word_1_218' title='bbox 1048 2542 1377 2601; x_wconf 87' lang='lat' dir='ltr'>aestimaret</span> <span class='ocrx_word' id='word_1_219' title='bbox 1408 2550 1641 2601; x_wconf 86' lang='lat' dir='ltr'>cantare</span> <span class='ocrx_word' id='word_1_220' title='bbox 1682 2543 1853 2603; x_wconf 84' lang='lat' dir='ltr'>etiam</span> <span class='ocrx_word' id='word_1_221' title='bbox 1890 2542 2144 2619; x_wconf 87' lang='lat' dir='ltr'>Romae,</span> <span class='ocrx_word' id='word_1_222' title='bbox 2191 2541 2494 2601; x_wconf 85' lang='lat' dir='ltr'>Neroneum</span> 
     </span>
     <span class='ocr_line' id='line_1_28' title="bbox 529 2624 2495 2709; baseline -0.003 -26"><span class='ocrx_word' id='word_1_223' title='bbox 529 2639 718 2699; x_wconf 82' lang='lat' dir='ltr'>agona</span> <span class='ocrx_word' id='word_1_224' title='bbox 775 2630 906 2681; x_wconf 84' lang='lat' dir='ltr'>ante</span> <span class='ocrx_word' id='word_1_225' title='bbox 974 2625 1370 2709; x_wconf 66' lang='lat' dir='ltr'>praestitutam</span> <span class='ocrx_word' id='word_1_226' title='bbox 1420 2626 1571 2685; x_wconf 89' lang='lat' dir='ltr'>diem</span> <span class='ocrx_word' id='word_1_227' title='bbox 1628 2626 1959 2702; x_wconf 84' lang='lat' dir='ltr'>revocavit,</span> <span class='ocrx_word' id='word_1_228' title='bbox 2016 2624 2495 2703; x_wconf 86' lang='lat' dir='ltr'>flagitantibusque</span> 
     </span>
     <span class='ocr_line' id='line_1_29' title="bbox 531 2706 2495 2788; baseline -0.003 -22"><span class='ocrx_word' id='word_1_229' title='bbox 531 2707 750 2767; x_wconf 86' lang='lat' dir='ltr'>cunctis</span> <span class='ocrx_word' id='word_1_230' title='bbox 783 2706 1096 2767; x_wconf 87' lang='lat' dir='ltr'>caelestem</span> <span class='ocrx_word' id='word_1_231' title='bbox 1134 2724 1339 2769; x_wconf 80' lang='lat' dir='ltr'>vocem</span> <span class='ocrx_word' id='word_1_232' title='bbox 1368 2708 1671 2787; x_wconf 90' lang='lat' dir='ltr'>respondit</span> <span class='ocrx_word' id='word_1_233' title='bbox 1700 2709 1927 2788; x_wconf 88' lang='lat' dir='ltr'>quidem</span> <span class='ocrx_word' id='word_1_234' title='bbox 1963 2708 2033 2771; x_wconf 74' lang='lat' dir='ltr'>in</span> <span class='ocrx_word' id='word_1_235' title='bbox 2065 2710 2265 2771; x_wconf 78' lang='lat' dir='ltr'>hortis</span> <span class='ocrx_word' id='word_1_236' title='bbox 2309 2726 2371 2767; x_wconf 87' lang='lat' dir='ltr'>se</span> <span class='ocrx_word' id='word_1_237' title='bbox 2412 2720 2495 2763; x_wconf 90' lang='lat' dir='ltr'>co-</span> 
     </span>
     <span class='ocr_line' id='line_1_30' title="bbox 531 2789 2497 2872; baseline -0.002 -23"><span class='ocrx_word' id='word_1_238' title='bbox 531 2790 680 2868; x_wconf 88' lang='lat' dir='ltr'>piam</span> <span class='ocrx_word' id='word_1_239' title='bbox 709 2789 1038 2851; x_wconf 85' lang='lat' dir='ltr'>volentibus</span> <span class='ocrx_word' id='word_1_240' title='bbox 1066 2792 1381 2870; x_wconf 82' lang='lat' dir='ltr'>facturum,</span> <span class='ocrx_word' id='word_1_241' title='bbox 1414 2793 1519 2853; x_wconf 89' lang='lat' dir='ltr'>sed</span> <span class='ocrx_word' id='word_1_242' title='bbox 1549 2793 1851 2854; x_wconf 83' lang='lat' dir='ltr'>adiuvante</span> <span class='ocrx_word' id='word_1_243' title='bbox 1894 2794 2054 2871; x_wconf 84' lang='lat' dir='ltr'>vulgi</span> <span class='ocrx_word' id='word_1_244' title='bbox 2096 2810 2305 2872; x_wconf 87' lang='lat' dir='ltr'>preces</span> <span class='ocrx_word' id='word_1_245' title='bbox 2348 2790 2497 2849; x_wconf 86' lang='lat' dir='ltr'>etiam</span> 
     </span>
     <span class='ocr_line' id='line_1_31' title="bbox 530 2874 2552 2955; baseline -0.001 -22"><span class='ocrx_word' id='word_1_246' title='bbox 530 2874 775 2935; x_wconf 86' lang='lat' dir='ltr'>statione</span> <span class='ocrx_word' id='word_1_247' title='bbox 805 2874 1062 2952; x_wconf 89' lang='lat' dir='ltr'>militum,</span> <span class='ocrx_word' id='word_1_248' title='bbox 1095 2894 1244 2954; x_wconf 89' lang='lat' dir='ltr'>quae</span> <span class='ocrx_word' id='word_1_249' title='bbox 1273 2885 1410 2937; x_wconf 89' lang='lat' dir='ltr'>tunc</span> <span class='ocrx_word' id='word_1_250' title='bbox 1434 2876 1779 2953; x_wconf 80' lang='lat' dir='ltr'>excubabat,</span> <span class='ocrx_word' id='word_1_251' title='bbox 1812 2882 2413 2955; x_wconf 77' lang='lat' dir='ltr'>repraesentaturum</span> <span class='ocrx_word' id='word_1_252' title='bbox 2440 2880 2552 2930; x_wconf 74' lang='lat' dir='ltr'>se³⁰</span> 
     </span>
     <span class='ocr_line' id='line_1_32' title="bbox 531 2957 2496 3036; baseline -0.003 -18"><span class='ocrx_word' id='word_1_253' title='bbox 531 2957 824 3036; x_wconf 88' lang='lat' dir='ltr'>pollicitus</span> <span class='ocrx_word' id='word_1_254' title='bbox 854 2968 945 3018; x_wconf 87' lang='lat' dir='ltr'>est</span> <span class='ocrx_word' id='word_1_255' title='bbox 975 2958 1191 3030; x_wconf 82' lang='lat' dir='ltr'>libens;</span> <span class='ocrx_word' id='word_1_256' title='bbox 1238 2978 1306 3021; x_wconf 90' lang='lat' dir='ltr'>ac</span> <span class='ocrx_word' id='word_1_257' title='bbox 1338 2962 1464 3027; x_wconf 83' lang='lat' dir='ltr'>sine</span> <span class='ocrx_word' id='word_1_258' title='bbox 1496 2979 1660 3021; x_wconf 88' lang='lat' dir='ltr'>mora</span> <span class='ocrx_word' id='word_1_259' title='bbox 1686 2978 1900 3021; x_wconf 88' lang='lat' dir='ltr'>nomen</span> <span class='ocrx_word' id='word_1_260' title='bbox 1924 2978 2085 3021; x_wconf 90' lang='lat' dir='ltr'>suum</span> <span class='ocrx_word' id='word_1_261' title='bbox 2116 2963 2171 3019; x_wconf 90' lang='lat' dir='ltr'>in</span> <span class='ocrx_word' id='word_1_262' title='bbox 2208 2958 2340 3021; x_wconf 90' lang='lat' dir='ltr'>albo</span> <span class='ocrx_word' id='word_1_263' title='bbox 2382 2970 2496 3035; x_wconf 88' lang='lat' dir='ltr'>pro·</span> 
     </span>
     <span class='ocr_line' id='line_1_33' title="bbox 530 3040 2498 3123; baseline -0.003 -21"><span class='ocrx_word' id='word_1_264' title='bbox 530 3043 803 3102; x_wconf 86' lang='lat' dir='ltr'>fitentium</span> <span class='ocrx_word' id='word_1_265' title='bbox 835 3040 1294 3103; x_wconf 88' lang='lat' dir='ltr'>citharoedorum</span> <span class='ocrx_word' id='word_1_266' title='bbox 1327 3045 1493 3105; x_wconf 91' lang='lat' dir='ltr'>iussit</span> <span class='ocrx_word' id='word_1_267' title='bbox 1520 3043 1763 3122; x_wconf 85' lang='lat' dir='ltr'>ascribi,</span> <span class='ocrx_word' id='word_1_268' title='bbox 1797 3045 2191 3123; x_wconf 86' lang='lat' dir='ltr'>sorticulaque</span> <span class='ocrx_word' id='word_1_269' title='bbox 2223 3045 2280 3103; x_wconf 90' lang='lat' dir='ltr'>in</span> <span class='ocrx_word' id='word_1_270' title='bbox 2323 3054 2498 3102; x_wconf 86' lang='lat' dir='ltr'>urnam</span> 
     </span>
     <span class='ocr_line' id='line_1_34' title="bbox 532 3125 2498 3207; baseline -0.003 -22"><span class='ocrx_word' id='word_1_271' title='bbox 532 3142 658 3186; x_wconf 89' lang='lat' dir='ltr'>cum</span> <span class='ocrx_word' id='word_1_272' title='bbox 688 3128 901 3185; x_wconf 86' lang='lat' dir='ltr'>ceteris</span> <span class='ocrx_word' id='word_1_273' title='bbox 924 3125 1192 3204; x_wconf 88' lang='lat' dir='ltr'>demissa,</span> <span class='ocrx_word' id='word_1_274' title='bbox 1220 3130 1454 3189; x_wconf 83' lang='lat' dir='ltr'>intravit</span> <span class='ocrx_word' id='word_1_275' title='bbox 1470 3128 1671 3189; x_wconf 87' lang='lat' dir='ltr'>ordine</span> <span class='ocrx_word' id='word_1_276' title='bbox 1695 3146 1820 3205; x_wconf 90' lang='lat' dir='ltr'>suo,</span> <span class='ocrx_word' id='word_1_277' title='bbox 1852 3129 2016 3189; x_wconf 87' lang='lat' dir='ltr'>simul</span> <span class='ocrx_word' id='word_1_278' title='bbox 2041 3128 2325 3207; x_wconf 80' lang='lat' dir='ltr'>praefecti</span> <span class='ocrx_word' id='word_1_279' title='bbox 2348 3140 2498 3205; x_wconf 87' lang='lat' dir='ltr'>prae-</span> 
     </span>
     <span class='ocr_line' id='line_1_35' title="bbox 529 3205 2496 3297; baseline -0.002 -29"><span class='ocrx_word' id='word_1_280' title='bbox 529 3210 662 3268; x_wconf 89' lang='lat' dir='ltr'>torii</span> <span class='ocrx_word' id='word_1_281' title='bbox 691 3209 964 3270; x_wconf 88' lang='lat' dir='ltr'>citharam</span> <span class='ocrx_word' id='word_1_282' title='bbox 997 3213 1369 3289; x_wconf 86' lang='lat' dir='ltr'>sustinentes,</span> <span class='ocrx_word' id='word_1_283' title='bbox 1401 3221 1539 3291; x_wconf 87' lang='lat' dir='ltr'>post</span> <span class='ocrx_word' id='word_1_284' title='bbox 1566 3212 1775 3274; x_wconf 88' lang='lat' dir='ltr'>tribuni</span> <span class='ocrx_word' id='word_1_285' title='bbox 1804 3212 2060 3289; x_wconf 88' lang='lat' dir='ltr'>militum,</span> <span class='ocrx_word' id='word_1_286' title='bbox 2084 3214 2355 3297; x_wconf 85' lang='lat' dir='ltr'>iuxtaque</span> <span class='ocrx_word' id='word_1_287' title='bbox 2378 3205 2496 3267; x_wconf 88' lang='lat' dir='ltr'>ami-</span> 
     </span>
     <span class='ocr_line' id='line_1_36' title="bbox 529 3292 2553 3377; baseline -0.002 -26"><span class='ocrx_word' id='word_1_288' title='bbox 529 3308 725 3351; x_wconf 90' lang='lat' dir='ltr'>corum</span> <span class='ocrx_word' id='word_1_289' title='bbox 756 3293 950 3351; x_wconf 89' lang='lat' dir='ltr'>intimi.</span> <span class='ocrx_word' id='word_1_290' title='bbox 1011 3294 1203 3373; x_wconf 89' lang='lat' dir='ltr'>thue</span> <span class='ocrx_word' id='word_1_291' title='bbox 1239 3298 1517 3374; x_wconf 84' lang='lat' dir='ltr'>constitit,</span> <span class='ocrx_word' id='word_1_292' title='bbox 1548 3306 1790 3377; x_wconf 88' lang='lat' dir='ltr'>peracto</span> <span class='ocrx_word' id='word_1_293' title='bbox 1820 3298 2125 3376; x_wconf 81' lang='lat' dir='ltr'>principiO,</span> <span class='ocrx_word' id='word_1_294' title='bbox 2158 3292 2415 3356; x_wconf 74' lang='lat' dir='ltr'>Niobam</span> <span class='ocrx_word' id='word_1_295' title='bbox 2440 3297 2553 3348; x_wconf 69' lang='lat'>³0³⁵</span> 
     </span>
     <span class='ocr_line' id='line_1_37' title="bbox 528 3376 2499 3473; baseline -0.003 -39"><span class='ocrx_word' id='word_1_296' title='bbox 528 3379 920 3473; x_wconf 78' lang='lat' dir='ltr'>cantaturum</span> <span class='ocrx_word' id='word_1_297' title='bbox 951 3394 1056 3455; x_wconf 90' lang='lat' dir='ltr'>per</span> <span class='ocrx_word' id='word_1_298' title='bbox 1089 3376 1353 3440; x_wconf 81' lang='lat' dir='ltr'>Cluvium</span> <span class='ocrx_word' id='word_1_299' title='bbox 1379 3381 1589 3443; x_wconf 79' lang='lat' dir='ltr'>Rufum</span> <span class='ocrx_word' id='word_1_300' title='bbox 1622 3381 1983 3442; x_wconf 85' lang='lat' dir='ltr'>consularem</span> <span class='ocrx_word' id='word_1_301' title='bbox 2030 3377 2411 3459; x_wconf 82' lang='lat' dir='ltr'>pronuntiavit</span> <span class='ocrx_word' id='word_1_302' title='bbox 2448 3377 2499 3431; x_wconf 87' lang='lat' dir='ltr'>et</span> 
     </span>
     <span class='ocr_line' id='line_1_38' title="bbox 527 3456 2500 3542; baseline 0.002 -25"><span class='ocrx_word' id='word_1_303' title='bbox 527 3476 585 3517; x_wconf 85' lang='lat' dir='ltr'>m</span> <span class='ocrx_word' id='word_1_304' title='bbox 625 3456 827 3518; x_wconf 89' lang='lat' dir='ltr'>horam</span> <span class='ocrx_word' id='word_1_305' title='bbox 868 3458 997 3519; x_wconf 80' lang='lat' dir='ltr'>fere</span> <span class='ocrx_word' id='word_1_306' title='bbox 1038 3460 1318 3537; x_wconf 88' lang='lat' dir='ltr'>decimam</span> <span class='ocrx_word' id='word_1_307' title='bbox 1366 3466 1800 3542; x_wconf 85' lang='lat' dir='ltr'>perseveravit,</span> <span class='ocrx_word' id='word_1_308' title='bbox 1856 3481 2244 3541; x_wconf 87' lang='lat' dir='ltr'>coronamque</span> <span class='ocrx_word' id='word_1_309' title='bbox 2286 3478 2407 3521; x_wconf 87' lang='lat' dir='ltr'>eam</span> <span class='ocrx_word' id='word_1_310' title='bbox 2449 3462 2500 3514; x_wconf 77' lang='lat' dir='ltr'>et</span> 
     </span>
     <span class='ocr_line' id='line_1_39' title="bbox 525 3542 2501 3627; baseline 0.002 -27"><span class='ocrx_word' id='word_1_311' title='bbox 525 3542 808 3621; x_wconf 85' lang='lat' dir='ltr'>reliquam</span> <span class='ocrx_word' id='word_1_312' title='bbox 838 3547 1164 3605; x_wconf 84' lang='lat' dir='ltr'>certaminis</span> <span class='ocrx_word' id='word_1_313' title='bbox 1195 3556 1417 3625; x_wconf 85' lang='lat' dir='ltr'>partem</span> <span class='ocrx_word' id='word_1_314' title='bbox 1446 3550 1501 3608; x_wconf 90' lang='lat' dir='ltr'>in</span> <span class='ocrx_word' id='word_1_315' title='bbox 1542 3566 1747 3609; x_wconf 85' lang='lat' dir='ltr'>annum</span> <span class='ocrx_word' id='word_1_316' title='bbox 1784 3558 2117 3627; x_wconf 75' lang='lat' dir='ltr'>sequentem</span> <span class='ocrx_word' id='word_1_317' title='bbox 2165 3544 2407 3619; x_wconf 80' lang='lat' dir='ltr'>distulit,</span> <span class='ocrx_word' id='word_1_318' title='bbox 2446 3545 2501 3597; x_wconf 76' lang='lat' dir='ltr'>ut</span> 
     </span>
    </p>
   </div>
   <div class='ocr_carea' id='block_1_5' title="bbox 2646 1502 2661 3100">
    <p class='ocr_par' dir='ltr' id='par_1_5' title="bbox 2646 1502 2661 3100">
     <span class='ocr_line' id='line_1_40' title="bbox 2646 1502 2661 3100; baseline 0 0"><span class='ocrx_word' id='word_1_319' title='bbox 2646 1502 2661 3100; x_wconf 95' lang='lat' dir='ltr'> </span> 
     </span>
    </p>
   </div>
   <div class='ocr_carea' id='block_1_6' title="bbox 2651 3376 2658 3957">
    <p class='ocr_par' dir='ltr' id='par_1_6' title="bbox 2651 3376 2658 3957">
     <span class='ocr_line' id='line_1_41' title="bbox 2651 3376 2658 3957; baseline 0 0"><span class='ocrx_word' id='word_1_320' title='bbox 2651 3376 2658 3957; x_wconf 95' lang='lat' dir='ltr'> </span> 
     </span>
    </p>
   </div>
  </div>
 </body>
</html>
