2700 4234
582 274 702 336 126
761 285 822 332 c.
853 280 1154 331 sum-om
1187 278 1443 338 TRANQ.
1474 279 1572 326 DE
1602 278 1768 326 vrrs
1801 275 2169 325 casuum
2198 276 2334 324 ms.
2364 276 2498 325 1111.

577 442 659 504 Ut
694 440 886 501 levior
925 434 1094 496 labor
1127 431 1509 494 iudicantibus
1540 431 1723 508 foret,
1765 430 1835 492 ad
1873 438 2145 509 quattuor
2177 431 2393 509 prioris
2426 433 2576 511 quin·

579 536 693 587 tam
722 522 1013 584 decuriam
1045 517 1278 580 addidit.
1349 515 1677 594 Temptavit
1722 523 1781 574 et
1814 515 2178 576 comitiorum
2217 532 2385 575 more
2414 533 2577 575 revo-

581 618 714 670 cato
739 605 1012 681 suffragia
1044 601 1266 682 populo
1306 599 1579 660 reddere.
1633 598 1851 676 Legata
1888 617 1965 658 ex
2004 607 2351 661 testamento
2387 598 2577 660 Tiberi

580 689 915 772 quamquam
957 686 1212 762 abolito,
1261 683 1370 744 sed
1408 692 1467 743 et
1504 683 1683 743 Iuliae
1720 682 2059 760 Augustae,
2118 682 2278 761 quod
2320 681 2577 743 Tiberius

579 780 1016 856 suppresserat,
1069 787 1197 829 cum
1238 768 1354 828 fide
1394 784 1465 828 ac
1504 769 1631 827 sine
1657 766 1935 827 calumnia
1975 775 2419 846 repraesentata
2452 783 2606 847 per-⁶

579 860 772 922 solvit.
845 855 1311 916 Ducentesimam
1357 853 1685 913 auctionum
1726 849 1927 911 Italiae
1962 852 2215 921 remisit;
2270 851 2465 911 multis
2505 853 2575 909 in-

581 941 913 1006 cendiorum
970 938 1173 998 damna
1233 936 1556 1016 supplevit3
1602 953 1673 995 ac
1726 936 1776 994 si
1828 933 2037 1012 quibus
2083 952 2271 1011 regna
2318 937 2576 1008 restituit,

580 1027 790 1088 adiecit
834 1031 896 1084 et
947 1023 1196 1084 fructum
1243 1038 1471 1080 omnem
1523 1019 1971 1096 vectigaliorum
2012 1026 2073 1077 et
2129 1018 2381 1079 reditum
2422 1017 2575 1078 medii

577 1110 890 1190 temporis,
939 1116 1001 1166 ut
1042 1103 1338 1166 Antiocho
1384 1102 1779 1179 Commageno
1834 1103 2167 1164 sestertium
2218 1103 2415 1163 milies
2456 1120 2573 1162 con-

581 1197 860 1256 fiscatum.
931 1190 1180 1268 Quoque
1211 1188 1399 1263 magis
1426 1187 1639 1246 nullius
1668 1203 1787 1246 non
1828 1186 1966 1246 boni
2002 1185 2257 1264 exempli
2290 1187 2485 1248 fautor
2506 1187 2618 1244 vi-10

580 1279 848 1352 deretur,
895 1272 1118 1333 mulieri
1165 1271 1471 1331 libertinae
1514 1272 1819 1348 octoginta
1860 1270 2129 1346 donavit,
2181 1270 2340 1349 quod
2384 1288 2571 1331 excru-

582 1365 730 1422 ciata
784 1357 1146 1436 gravissimis
1202 1357 1505 1416 tormentis
1546 1355 1617 1414 de
1678 1355 1912 1416 scelere
1962 1355 2191 1434 patroni
2230 1356 2570 1416 reticuisset.
2663 1413 2664 1436 ἦ

580 1447 740 1522 Quas
787 1441 864 1501 ob
896 1460 994 1501 res
1034 1442 1186 1501 inter
1225 1440 1490 1519 reliquos
1526 1438 1781 1500 honores
1815 1438 2088 1499 decretus
2129 1446 2223 1499 est
2264 1441 2322 1498 ei
2363 1439 2573 1516 clipeus
2663 1473 2664 1518 1

581 1546 818 1603 aureus,
863 1544 1032 1606 quem
1067 1532 1209 1604 quot
1253 1525 1419 1584 annis
1480 1533 1646 1585 certo
1696 1522 1789 1581 die
1828 1522 2087 1600 collegia
2130 1522 2501 1584 sacer-dotum
2527 1523 2573 1579 in
2663 1523 2664 1550 ³

583 1611 932 1691 Capitolium
967 1610 1217 1684 ferrent,
1267 1617 1473 1668 senatu
1513 1615 1942 1686 prosequente,
2001 1605 2417 1685 nobilibusque
2454 1623 2620 1684 pue-1⁵

580 1701 661 1759 ris
693 1713 764 1758 ac
795 1694 1006 1776 puellis
1037 1695 1290 1754 carmine
1327 1690 1621 1752 modulato
1664 1690 1866 1751 laudes
1898 1693 2168 1751 virtutum
2212 1692 2335 1750 eius
2380 1707 2572 1752 canen-

579 1782 750 1844 tibus.
792 1779 1109 1840 Decretum
1149 1787 1338 1837 autem
1370 1785 1431 1836 ut
1458 1776 1616 1852 dies,
1658 1793 1773 1855 quo
1801 1769 2060 1853 cep'isset
2102 1775 2445 1853 imperium,
2486 1773 2571 1833 Pa-

579 1867 709 1925 rilia
761 1870 1098 1937 vocaretur,
1165 1860 1326 1919 velut
1386 1869 1778 1936 argumentum
1825 1876 2024 1918 rursus
2084 1857 2351 1918 conditae
2414 1857 2572 1918 urbis.

497 1955 562 2009 17
708 1944 1057 2006 Consulatus
1087 1952 1357 2022 quattuor
1383 1944 1601 2020 gessit,
1642 1944 1883 2021 primum
1911 1961 1987 2002 ex
2013 1941 2107 2002 111.
2153 1940 2259 2002 Iul.
2307 1960 2420 2020 per
2448 1941 2572 2002 duos

579 2047 844 2105 menses,
891 2027 1207 2088 secundum
1247 2045 1324 2086 ex
1365 2025 1610 2086 Kl.1an.
1660 2044 1769 2105 per
1815 2045 1955 2088 xxx.
1994 2025 2155 2104 dieS,
2216 2026 2449 2086 tertium
2496 2039 2621 2084 us-20

582 2132 694 2194 que
725 2114 783 2172 in
818 2111 956 2172 Idus
980 2110 1124 2188 Ian.,
1159 2119 1419 2190 quartum
1446 2129 1630 2189 usque
1670 2113 1975 2189 septimum
2006 2109 2143 2171 Idus
2173 2109 2434 2171 easdem.
2498 2107 2575 2168 Ex

582 2197 847 2259 omnibus
896 2196 1041 2257 duos
1093 2197 1447 2258 novissimos
1483 2196 1797 2254 coniunxit.
1863 2194 2119 2257 Tertium
2158 2203 2347 2256 autem
2398 2194 2572 2270 Lugu-

582 2283 714 2343 duni
756 2283 878 2342 iniit
911 2279 1112 2357 solus,
1155 2297 1271 2340 non
1315 2288 1377 2339 ut
1408 2279 1637 2360 quidam
1691 2279 1999 2358 opinantur
2056 2278 2329 2358 superbia
2387 2275 2575 2354 negle-

581 2368 887 2444 gentiave,
930 2364 1037 2424 sed
1081 2364 1236 2442 quod
1269 2363 1601 2425 defunctum
1643 2362 1749 2422 sub
1779 2362 2170 2424 Kalendarum
2210 2362 2361 2422 dien
2409 2359 2573 2422 celle·

581 2469 715 2527 gam
754 2450 1010 2509 rescisse
1053 2446 1266 2508 absens
1305 2465 1425 2508 non
1467 2455 1751 2526 potuerat.
1825 2445 2197 2524 Congiarium
2242 2445 2467 2525 popule
2496 2443 2623 2502 bins

581 2532 740 2592 dedit
772 2542 1046 2590 trecenos
1107 2533 1446 2607 sestertios,
1511 2531 1723 2590 totiens
1764 2529 2307 2592 abundantissimum
2356 2528 2574 2608 epulum
2660 2527 2662 2534 '

583 2616 804 2674 senatui
845 2614 1216 2692 equestrique
1261 2613 1469 2690 ordini,
1502 2614 1675 2674 etiam
1718 2613 2062 2692 coniugibus
2092 2633 2164 2676 ac
2198 2613 2399 2674 liberis
2432 2620 2573 2672 utro-

581 2714 851 2776 rumque;
894 2698 1226 2776 posteriore
1257 2697 1435 2776 epulo
1475 2698 1737 2758 forensia
1771 2699 2011 2776 insuper
2043 2700 2218 2775 viris,
2260 2698 2487 2757 feminis
2514 2709 2575 2752 ac

583 2783 781 2861 pueris
815 2783 1030 2843 fascias
1073 2799 1367 2860 purpurae
1408 2800 1479 2844 ac
1525 2781 1815 2857 conchylii
1842 2781 2145 2843 distribuit.
2210 2781 2287 2842 Et
2332 2789 2399 2840 ut
2425 2777 2574 2840 laeti·

582 2868 717 2927 tiam
756 2866 1045 2946 publicam
1085 2867 1145 2924 in
1184 2875 1527 2947 perpetuum
1566 2883 1802 2945 quoque
1846 2876 2121 2944 augeret,
2178 2865 2392 2927 adiecit
2440 2863 2625 2924 diemo

585 2950 982 3011 Saturnalibus
1019 2949 1457 3029 appellavitque
1497 2948 1849 3011 Iuvenalem.

505 3044 568 3099 18
699 3034 939 3096 Munera
975 3032 1343 3111 gladiatoria,
1373 3035 1580 3112 partim
1610 3035 1668 3093 in
1710 3033 2129 3112 amphitheatro
2173 3032 2345 3095 Tauri
2385 3029 2573 3111 partim

580 3121 638 3178 in
675 3119 905 3199 Septis,
967 3117 1186 3196 aliquot
1235 3116 1445 3194 edidit,
1486 3117 1690 3196 quibus
1722 3118 1963 3178 inseruit
2004 3127 2273 3179 catervas
2311 3115 2571 3176 Afrorum

584 3201 1120 3281 Campanorumque
1168 3201 1428 3280 pugilum
1477 3218 1555 3261 ex
1606 3210 1851 3278 utraque
1906 3203 2151 3279 regione
2204 3199 2569 3262 electissimo·
2661 3247 2662 3252 ,

581 3303 724 3344 rum.
794 3285 1000 3365 Neque
1041 3284 1399 3364 spectaculis
1437 3303 1670 3363 semper
1707 3287 1838 3364 ipse
1886 3285 2213 3364 praesedit,
2270 3283 2377 3344 sed
2411 3282 2621 3340 inter-³⁸
2661 3279 2662 3330 ἶ

582 3366 711 3427 dum
745 3377 840 3428 aut
873 3369 1304 3446 magistratibus
1335 3377 1433 3430 aut
1464 3369 1661 3430 amicis
1699 3368 2069 3447 praesidendi
2096 3386 2299 3430 munus
2326 3362 2568 3426 iniunxit.
2661 3367 2662 3420 f

582 3451 902 3512 Scaenicos
939 3450 1110 3512 ludos
1158 3461 1214 3512 et
1259 3451 1490 3514 assidue
1544 3460 1603 3512 et
1648 3454 1794 3513 varii
1833 3455 2073 3530 generis
2112 3471 2183 3516 ac
2226 3447 2569 3512 multifariam

581 3535 752 3614 fecit,
799 3534 1082 3617 quondam
1127 3544 1186 3595 et
1223 3545 1571 3614 nocturnos,
1614 3537 1881 3597 accensis
1918 3545 2039 3599 tota
2078 3537 2221 3598 urbe
2260 3530 2565 3597 luminibus.
