2700 4234
1503 134 1533 149 *x
1542 154 1555 158 *-
1601 138 1674 161 Α-.

523 335 564 371 x
837 314 932 361 m:
969 314 1472 392 oRAMMAT1c1s.
2016 302 2139 367 263

445 472 679 529 Racemi
701 472 812 528 duo
850 474 1028 544 tepula
1055 472 1155 529 sub
1185 489 1302 529 una

445 556 534 612 Aa
555 570 826 611 summam
843 571 1030 627 prope
1060 560 1309 612 nutriant
1335 563 1629 613 senectam.

151 634 221 696 Et
245 652 471 695 rursus:

445 723 661 781 Catonis
688 722 844 778 modo
859 764 876 794 ‚
908 724 1062 781 Galle
1075 766 1090 793 ,
1125 724 1495 780 Tusculanum

42 862 44 865 ,
105 820 128 859 ⁵
450 807 586 862 Tota
612 806 852 862 creditor
879 808 1016 865 urbe
1047 806 1375 863 venditabat.

42 950 44 953 ,
446 889 642 945 Mirati
663 905 852 945 sumus
866 933 881 960 ‚
914 893 1134 947 unicum
1155 894 1491 965 mamistram,
1710 942 1723 953 .

42 958 45 1047 ἱ
447 972 726 1029 Summum
756 978 1175 1046 qrammaticum
1189 1012 1209 1044 ,
1239 977 1499 1047 optimum
1528 981 1749 1046 poetam

42 1060 45 1093 ῑ
450 1056 646 1113 Omnes
674 1059 884 1115 solvere
902 1073 1075 1131 posse
1099 1061 1461 1130 quaestiones,

459 1140 633 1196 Unum
665 1140 890 1213 difficile
917 1142 1185 1215 expedire
1211 1157 1429 1199 nomen.
1531 1148 1551 1159 ·

42 1224 45 1231 ’
95 1233 138 1273 ιο
449 1224 541 1278 En
563 1240 662 1281 cor
689 1224 974 1295 Zenodoti,
1005 1240 1074 1281 en
1097 1228 1253 1281 iecur
1283 1227 1542 1283 Cratetis!

243 1301 576 1363 ‚Cornelius
603 1302 933 1382 Epicadum,
965 1303 1026 1364 L.
1051 1302 1306 1364 Cornelii
1335 1306 1535 1380 Syllae
1568 1305 1867 1366 dictatoris
1901 1303 2144 1366 libertus
2159 1314 2227 1367 12

42 1402 46 1427 ι
157 1386 483 1465 calator-que
511 1388 570 1446 in
615 1387 942 1450 sacerdotio
979 1388 1269 1465 augurali,
1320 1388 1438 1449 filio
1490 1406 1721 1468 quoque
1770 1389 1893 1449 eius
1924 1388 2139 1450 Fausto

155 1470 673 1613 {tiitffimfftissff
697 1488 904 1615 ,3335
945 1461 2141 1634 ⁰q⁰11¹311¹³¹351i3¹¹120¹¹5i22¹1³13331⁸ie¹¹iff1ss¹=¹1¹⁹2¹

324 1598 337 1611 ⁰
835 1628 850 1635 ,
899 1601 916 1631 2

102 1647 142 1687 1⁵
161 1636 300 1695 suis
334 1638 738 1716 imperfectum
765 1638 1112 1717 reliquerat,
1145 1640 1276 1717 ipse
1307 1640 1621 1718 supplevit.
1875 1648 1881 1655 ‘

269 1718 568 1781 Staberius
612 1720 766 1782 Eros
804 1731 1030 1782 suomet
1061 1740 1202 1782 aere
1227 1732 1455 1801 emptus
1479 1722 1551 1783 de
1575 1731 1793 1783 catasta
1818 1731 1876 1781 et
1898 1733 2143 1803 propter
2161 1731 2228 1784 13

159 1802 456 1865 litterarum
491 1804 734 1864 studium
761 1809 1170 1882 manumissus,
1215 1804 1415 1865 docuit
1447 1808 1597 1866 inter
1648 1815 1879 1867 ceteros
1912 1806 2143 1867 Brutum

159 1894 210 1943 et
239 1885 514 1947 Cassium.
575 1888 718 1948 Sunt
749 1890 845 1968 qui
873 1890 1098 1950 tradant
1117 1898 1285 1949 tanta
1314 1908 1443 1949 eum
1466 1890 1769 1952 honestate
1802 1890 2142 1970 praeditum,

159 1978 211 2027 ut
247 1970 601 2049 temporibus
640 1972 892 2047 Syllanis
936 1974 1393 2052 proscriptorum
1428 1974 1659 2034 ¹liberos
1698 1974 1881 2051 gratis
1916 1984 1975 2035 et
2020 1976 2143 2035 sine

102 2068 145 2109 πο
160 2054 412 2114 mercede
439 2056 556 2115 ulla
586 2058 644 2115 in
675 2055 1037 2135 disciplinam
1064 2060 1378 2137 receperit.

277 2135 501 2199 Curtius
525 2139 694 2200 Nicia
721 2140 908 2200 haesit
931 2139 1051 2201 CN.
1077 2140 1359 2221 Pompeio
1390 2150 1447 2201 et
1472 2140 1537 2201 G.
1560 2141 1859 2210 Memmio;
1886 2140 1989 2200 sed
2016 2159 2141 2201 cum
2162 2148 2230 2201 14

163 2220 448 2282 codicillos
479 2223 713 2283 Memmi
756 2224 826 2283 ad
860 2224 1099 2303 Pompei
1147 2242 1388 2284 uxorem
1430 2224 1503 2283 de
1548 2233 1747 2302 stupro
1785 2223 2143 2301 pertulisset,

165 2304 405 2379 proditus
441 2306 516 2367 ab
551 2324 653 2383 ea,
685 2306 1022 2385 Pompeium
1055 2307 1321 2385 offendit,
1368 2306 1655 2385 domoque
1698 2310 1752 2367 ei
1782 2306 2147 2366 interdictum

163 2395 260 2445 est.
315 2386 442 2449 Fuit
475 2398 538 2450 et
565 2390 643 2451 M.
678 2389 982 2451 Ciceronis
1015 2390 1340 2460 familiaris;
1373 2392 1429 2449 in
1463 2392 1621 2451 cuius
1652 2386 1903 2469 epistola
1930 2390 2001 2451 ad
2027 2390 2144 2451 Do-

102 2468 415 2533 ulahellam
444 2473 598 2535 haec
630 2473 702 2533 de
732 2492 804 2534 eo
838 2474 1113 2554 legimus:
1159 2472 1329 2536 Nih-il
1356 2474 1596 2535 Romae
1621 2474 1860 2553 yeritur
1893 2473 2061 2553 quod
2090 2480 2149 2535 te

42 2540 45 2625 ἶ
156 2559 347 2629 putem
374 2558 542 2617 scire
565 2575 832 2635 curare,
873 2560 998 2619 nisi
1031 2555 1198 2636 forte
1231 2559 1397 2622 scire
1422 2558 1553 2633 vis,
1586 2576 1681 2619 me
1708 2558 1869 2620 inter
1900 2556 2146 2620 Niciam

59 2636 64 2643 ’
161 2643 418 2699 nostrum
457 2646 522 2701 et
568 2638 807 2702 Vidium
848 2642 1110 2703 iudicem
1151 2660 1306 2703 esse.
1385 2641 1637 2721 Profert
1674 2640 1865 2718 alter,
1922 2643 2147 2721 opinor

163 2718 390 2782 duobus
414 2724 778 2802 versiculis,
831 2742 1166 2805 expensum
1201 2724 1451 2787 [Niciae
1462 2727 1517 2804 ,·]
1550 2727 1711 2787 alter
1738 2724 2147 2787 Aristarchus

163 2800 265 2863 hos
304 2804 593 2869 obelizei:
635 2826 745 2887 eqo
785 2815 1078 2890 tanquam
1121 2805 1377 2871 criticus
1423 2809 1710 2888 antiquos
1754 2809 2149 2871 iudicaturus

105 2894 148 2936 2⁰
164 2902 305 2963 sum,
331 2896 537 2952 utrum
560 2892 685 2951 sint
701 2890 824 2953 τοῦ
853 2889 1158 2973 [ποιητοῦ
1179 2894 1264 2956 an
1285 2887 1957 2973 παρεμβεβλημένοι]
2003 2891 2149 2953 Item

164 2970 227 3027 ad
257 2970 535 3035 Atticum:
582 2973 679 3034 De
706 2974 892 3038 Nicia
921 2976 1090 3056 quod
1126 2976 1387 3053 scribis,
1431 2976 1490 3037 si
1522 2976 1614 3037 ita
1642 2994 1739 3037 me
1765 2974 2053 3036 haberem
2083 2982 2155 3037 ut

165 3053 284 3115 eius
312 3055 690 3120 humanitate
724 3057 862 3138 frui
880 3076 1157 3139 possem,
1202 3061 1266 3121 in
1293 3062 1517 3139 pre‘mis
1560 3059 1774 3122 vellem
1813 3076 2044 3120 mecum
2075 3060 2145 3120 il-

163 3135 274 3196 lum
300 3138 573 3214 habere,·
615 3143 729 3203 sed
753 3144 904 3205 mihi
943 3144 1212 3205 solitudo
1259 3151 1320 3205 et
1349 3162 1637 3205 recessus
1664 3142 2000 3222 provincia
2036 3149 2146 3203 est.

165 3216 486 3287 Praeterea
531 3227 702 3287 nosti
746 3226 968 3290 Niciae
1009 3230 1213 3289 nostri
1253 3227 1759 3305 imbecillitatem,
1806 3225 2147 3303 mollitiam,

108 3314 148 3356 ⁸⁵
167 3309 646 3370 consuetudinem
673 3311 890 3373 victus.
943 3309 1074 3372 Cur
1107 3329 1254 3391 erqo
1288 3312 1387 3373 illi
1424 3312 1715 3376 molestus
1750 3328 1886 3373 esse
1929 3312 2149 3390 [velim,

167 3404 290 3447 cum
316 3391 463 3453 mihi
487 3392 593 3454 ille
629 3393 938 3457 iucundus
965 3410 1104 3456 esse
1141 3396 1289 3473 non]
1318 3396 1567 3474 possit?
1620 3393 1915 3457 Voluntas
1950 3402 2151 3457 tamen

93 3556 102 3567 α
166 3468 290 3530 eius
323 3474 676 3619 migityrata
707 3487 814 3541 est.
875 3479 1053 3540 Huius
1097 3477 1130 3537 d
1153 3496 1184 3537 e
1214 3477 1502 3541 Lucilio
1535 3477 1719 3541 libros
1750 3481 1918 3540 etiam
1948 3480 2151 3540 Santra

169 3568 392 3629 compro
439 3578 470 3620 a
500 3604 513 3617 .
