2700 4234
910 431 1326 480 PRAEFATIO.
1912 434 2010 483 VH

198 593 649 668 proconsulatum
679 591 1059 661 Bithynicum,
1102 590 1161 646 id
1192 596 1281 646 est
1305 590 1452 652 intra
1492 607 1670 648 annos
1695 596 1762 652 97
1794 597 1850 647 et
1883 599 2016 659 1oe3

199 679 289 750 qui
322 677 469 732 enim
499 675 749 730 decimus
780 674 1014 731 inscribi
1049 673 1229 743 solet,
1259 673 1407 729 liber
1440 674 1746 745 singularis
1777 681 1866 730 est
1895 677 2017 748 epi—-

198 763 463 817 stolarum
508 759 580 815 ad
610 758 903 814 Traianum
935 765 992 813 et
1024 775 1056 814 a
1090 755 1327 813 Traiano
1367 758 1644 828 datarum,
1689 759 1854 830 isque
1884 765 2018 831 post

196 844 651 916 proconsulatum
682 842 911 897 circiter
938 855 1135 896 annum
1168 846 1267 898 112
1298 840 1492 898 editus·
1519 847 1607 898 est
1634 842 1830 914 paucis
1859 859 2014 899 men..

198 929 347 984 sibus
378 932 511 982 ante
543 925 705 981 Plinii
735 931 997 994 mortem,
1038 931 1099 979 ut
1139 923 1305 979 docet
1334 922 1560 980 Hensen
1595 927 1667 982 ad
1697 925 2012 984 Orellianas

196 1009 601 1082 Inscriptiones
630 1015 669 1068 3
694 1025 749 1080 p.
776 1012 894 1066 124.
984 1007 1219 1079 Spectat
1255 1007 1428 1078 igitur
1457 1007 1620 1064 Plinii
1651 1009 2012 1080 epistularum

200 1093 525 1164 Tranquillo
558 1091 955 1164 inscriptamni
980 1089 1360 1147 vetustissima
1397 1107 1572 1148 annos
1599 1091 1774 1148 XXVI
1815 1108 2016 1162 egres-

198 1195 343 1246 sum,
373 1175 686 1232 novissima
718 1174 1201 1245 quadragesimum
1225 1175 1465 1232 nondum
1493 1174 1824 1245 ingressum.
1875 1175 2013 1232 Sunt

200 1276 335 1316 vero
356 1261 467 1315 hae
500 1267 549 1328 1,
566 1263 803 1318 180824-
838 1264 961 1327 3,8.
988 1265 1043 1327 5,
1060 1265 1145 1316 10.
1180 1264 1233 1327 9,
1256 1263 1341 1317 34.
1380 1265 1465 1327 10,
1488 1263 1560 1318 94
1579 1265 1637 1314 et
1655 1264 1724 1319 95
1753 1258 1844 1316 ed.
1863 1259 2008 1314 Keil.

200 1343 261 1397 ln
285 1343 375 1398 his
406 1341 666 1412 epistulis
701 1340 911 1397 Plinius
938 1341 1140 1396 honori
1185 1347 1243 1396 et
1284 1341 1586 1398 commodis
1620 1343 1818 1414 reique
1851 1343 2014 1400 fami-

202 1425 328 1482 liari
348 1424 599 1482 Suetonii
636 1425 693 1479 in
723 1424 1143 1480 contubernium
1178 1441 1336 1480 suum
1372 1425 1586 1496 recepti
1617 1425 1870 1483 omnihus
1893 1443 2013 1482 mo-
2070 1486 2074 1490 ,

198 1509 283 1564 dis
314 1514 373 1563 et
400 1507 835 1578 diligentissime
870 1508 1125 1564 consulit.
1199 1508 1562 1566 Tribunatum
1587 1509 1882 1566 militarem
1911 1527 2012 1582 pe-

194 1593 331 1648 tenti
364 1591 687 1662 impetravit
722 1607 1027 1663 rursusque
1059 1591 1303 1662 petentis
1338 1591 1521 1662 gratia
1556 1593 1614 1646 in
1641 1593 2014 1664 propinquum

195 1676 437 1748 aliquem
474 1676 783 1744 transtulit,
827 1675 1049 1732 modico
1092 1674 1278 1745 pretio
1315 1674 1664 1746 praediolum
1703 1675 1826 1730 urbi
1873 1675 2014 1730 vici-

192 1776 310 1815 num
354 1757 659 1828 multisque
688 1759 857 1814 rebus
889 1758 1327 1813 commendatum
1370 1756 1748 1829 comparavit,
1789 1773 2013 1814 causam

190 1844 333 1914 apud
384 1841 767 1899 centumviros
820 1847 1066 1898 acturum
1122 1847 1181 1896 et
1229 1841 1446 1897 somnio
1498 1842 1854 1913 perterritum
1901 1857 2012 1898 non

190 1927 353 1982 modo
386 1923 585 1979 verbis
617 1925 944 1982 consolatus
977 1931 1095 1995 est,
1140 1925 1243 1980 sed
1287 1925 1455 1980 etiam
1485 1924 1756 1982 dilatione
1797 1926 2013 1997 aliquot

191 2011 407 2064 dierum
444 2007 693 2079 expetita
724 2009 1106 2078 confirmavit,
1148 2009 1208 2064 in
1236 2009 1596 2080 expoliendis
1624 2008 1837 2064 libellis
1869 2024 2011 2079 quos

194 2093 391 2148 dudum
427 2091 753 2147 absolverat
780 2091 1001 2146 nimium
1036 2098 1384 2148 cunctantem
1415 2092 1704 2148 blanditiis
1737 2093 1816 2148 ud
1839 2093 2012 2147 eden-

192 2177 310 2231 dum
340 2175 679 2230 exhortatus
712 2179 815 2230 est.
876 2173 1067 2246 Neque
1102 2175 1279 2230 minus
1311 2175 1668 2246 Tranquillus
1699 2175 1880 2231 Plinio
1911 2175 2011 2230 de-

192 2275 307 2314 cem
342 2259 475 2314 fere
512 2257 671 2313 annis
712 2257 910 2313 maiori
941 2257 1362 2329 honoribusque
1389 2259 1614 2314 multum
1659 2258 2012 2314 antecedenti

190 2359 411 2398 omnem
433 2340 807 2396 reverentiam
833 2341 1157 2412 praestabat
1184 2347 1245 2396 et
1272 2341 1540 2410 consilio,
1561 2341 1612 2396 si
1633 2357 1737 2396 usu
1759 2347 2012 2410 venerat,

190 2423 532 2492 adiuvabat,
566 2423 807 2495 denique
839 2441 888 2480 a.
925 2430 1025 2484 109
1054 2441 1175 2480 cum
1202 2423 1653 2481 extraordinario
1685 2423 1926 2496 imperio
1952 2421 2010 2480 iu

188 2507 505 2578 Bithyniam
533 2523 604 2562 ac
633 2506 863 2562 Pontum
888 2507 1115 2564 missum
1144 2507 1440 2564 comitatus
1463 2512 1566 2563 est.
1633 2506 1857 2581 Operae
1878 2524 2010 2580 pre-

190 2592 325 2646 tium
362 2596 455 2645 est
481 2590 675 2646 audire
710 2590 913 2661 quibus
944 2591 1133 2647 verbis
1166 2607 1237 2647 ex
1267 2591 1525 2660 Bithynia
1561 2607 1610 2648 a.
1647 2598 1751 2651 110
1779 2591 2008 2664 scriptis

188 2674 407 2729 Plinius
432 2673 613 2728 amico
640 2691 836 2745 parum
866 2674 1005 2730 felix
1037 2674 1440 2735 matrimonium
1469 2680 1706 2746 experto
1726 2674 1814 2730 ius
1843 2674 2008 2731 trium

186 2758 499 2812 liberorum
548 2772 581 2813 a
633 2756 872 2814 Trai-ano
928 2756 1170 2815 Caesare
1220 2757 1635 2830 impetraveritx
1693 2757 2009 2814 Suetonium

192 2839 578 2912 Tranquillum
594 2881 607 2906 ,
641 2840 822 2911 inquit
836 2881 853 2910 ‚
878 2841 1267 2912 probissimum
1290 2839 1722 2896 honestissimum
1753 2839 2009 2896 eruditis-

184 2925 391 2978 simum
418 2923 621 2993 virtum,
654 2929 707 2978 et
730 2939 911 2980 mores
938 2926 1055 2980 eius
1078 2930 1297 2982 secutus
1328 2929 1384 2979 ei
1405 2923 1618 2994 εἰκαῖα,
1645 2925 1757 2980 iam
1782 2924 2007 2996 pridem

184 3008 241 3061 in
276 3006 695 3146 cmtssugernium
724 3007 1016 3078 adsumpsi
1058 3010 1313 3082 tantoque
1350 3009 1534 3080 mayt‘s
1565 3008 1792 3080 dih’yere
1833 3011 2008 3080 coepi,

184 3095 393 3162 quanto
590 3092 832 3162 propius
856 3093 1091 3162 inspexi.
1881 3093 1886 3098 “

310 3172 589 3242 Quantum
619 3190 691 3229 ex
722 3174 811 3230 his
834 3174 1101 3232 Plinian-is
1123 3174 1267 3232 loeis
1289 3175 1614 3244 intelligere
1647 3174 1804 3244 licet,
1832 3174 2010 3230 Trau-

192 3257 400 3326 quillus
454 3257 623 3312 nullis
670 3258 991 3314 muneribus
1038 3265 1133 3313 aut
1176 3257 1436 3314 militaris
1475 3264 1570 3314 aut
1615 3257 1876 3328 publicae
1919 3255 2006 3314 rei

190 3338 413 3394 functus
434 3341 709 3411 privatam
741 3357 807 3397 ae
838 3341 1372 3398 scholasticam
1400 3340 1608 3398 vitam
1638 3341 1850 3412 exegit,
1879 3339 2006 3398 dun

190 3419 423 3477 Plinium
458 3423 719 3496 epistulis
748 3424 1065 3480 scribendis
1096 3426 1321 3481 adiuvat
1357 3423 1640 3495 otiumque
1670 3424 1761 3480 vel
1800 3423 2006 3480 litteris

190 3502 461 3574 impendit
486 3507 579 3563 vel
614 3506 913 3579 discipulis
935 3508 1027 3563 vel
1058 3508 1376 3564 clientibus.
1439 3507 1581 3564 Hinc
1611 3508 1670 3564 lit
1699 3513 1759 3562 ut
1783 3524 1812 3564 s
1831 3508 2006 3564 cho-

192 3585 257 3640 la
274 3587 529 3646 sticum
556 3591 905 3646 homin-em
940 3586 1012 3662 (i.
1037 3609 1089 3647 e.
1112 3591 1452 3648 rhetoricum
1488 3591 1868 3663 professorem
1897 3590 2004 3646 etr.

190 3667 341 3725 infra
368 3689 421 3742 p.
450 3679 551 3735 271
569 3713 589 3747 ‚
623 3669 723 3748 17)
760 3672 971 3731 Plinius
1001 3683 1029 3734 1
1050 3715 1067 3745 ‚
1096 3681 1167 3734 24
1194 3675 1474 3746 appellet,
1503 3663 1910 3748 γραμματικὸν
1948 3676 2008 3728 et
