2700 4234
1130 313 1411 363 0-T110.
1702 378 1713 388 ⁸
2086 306 2205 366 211

205 469 372 529 alium
407 468 521 529 alia
557 468 650 528 via
691 468 936 529 militum
967 468 1393 529 demerebatur.
1454 466 1691 530 Cuidam
1728 472 1897 531 etiam
1931 470 2003 531 de
2042 482 2209 550 parte

205 555 394 613 linium
418 568 546 612 cum
573 554 764 613 vicino
784 551 1055 629 litiganti,
1082 551 1369 612 adhibitus
1384 553 1624 631 arbiter,
1648 563 1828 615 totum
1854 573 2056 633 agrum
2076 556 2206 617 red-

203 638 336 697 emit
373 638 903 716 emancipavitque;
955 644 1015 695 ut
1061 637 1174 696 iam
1208 638 1308 696 vix
1346 637 1499 697 ullus
1522 647 1703 715 esset,
1730 641 1825 717 qui
1856 656 1973 699 non
1996 648 2054 699 et
2076 658 2203 701 sen·

202 723 330 781 tiret
360 730 421 780 et
441 720 812 799 praedicaret
843 719 1030 779 solum
1067 722 1449 781 successione
1486 724 1714 800 imperii
1741 722 1995 801 dignum.
2056 724 2201 802 Spe·
2226 730 2260 783 5

38 795 46 810 '
156 835 182 876 5
201 812 432 865 raverat
454 814 646 865 autem
668 805 800 866 fore
824 813 885 864 ut
913 804 1290 883 adoptaretur
1311 822 1344 865 a
1370 804 1575 883 Galba,
1602 806 1778 884 idque
1802 810 1863 867 in
1886 806 2011 867 dies
2028 825 2205 887 expe·

200 888 412 949 ctabat.
457 888 576 949 Sed
599 897 910 968 postquam
935 888 1151 948 Pisone
1176 888 1441 966 praelato
1460 908 1569 969 spe
1586 890 1822 968 decidit,
1847 891 1920 951 ad
1939 892 2053 951 vim
2070 909 2205 951 con-

196 990 402 1033 versus
435 980 544 1051 est,
570 975 884 1050 instigante
909 990 1087 1051 super
1111 974 1282 1032 animi
1315 972 1581 1034 dolorem
1610 976 1785 1035 etiam
1813 976 2207 1054 magnitudine

195 1059 348 1118 aeris
373 1057 568 1117 alieni.
601 1056 812 1135 Neque
835 1058 989 1117 enim
1009 1054 1425 1134 dissimulabat,
1449 1058 1931 1137 nisiprincipem
1943 1076 2013 1120 se
2031 1066 2207 1121 stare

193 1158 317 1203 non
343 1157 537 1219 posse
548 1165 580 1212 ,·
619 1140 894 1220 nihilque
918 1139 1162 1219 referre
1193 1139 1274 1200 ab
1304 1139 1481 1202 hoste
1518 1142 1587 1203 in
1630 1143 1771 1204 acie
1828 1160 1913 1204 an
1952 1144 2017 1204 in
2057 1142 2205 1222 foro

133 1249 178 1290 ιο
195 1224 308 1285 sub
343 1224 760 1286 oreditoribus
795 1224 1066 1285 caderet.
1124 1224 1278 1285 Ante
1305 1242 1527 1303 paucos
1566 1226 1693 1287 dies
1726 1246 1903 1288 servo
1930 1226 2205 1288 Caesaris

195 1328 301 1388 pro
342 1311 650 1387 impetrata
682 1308 1122 1387 dispensatione
1164 1307 1367 1369 decies
1416 1314 1745 1371 sestertium
1792 1320 2201 1390 expresserat3

194 1393 306 1455 hoc
329 1391 648 1453 subsidium
671 1394 812 1453 tanti
837 1395 1036 1471 coepti
1060 1393 1184 1452 fuit.
1246 1392 1338 1453 Ac
1369 1395 1556 1472 primo
1580 1398 1835 1475 quinque
1870 1395 2201 1475 speculato-

191 1477 350 1537 ribus
380 1479 691 1538 commissa
714 1495 814 1537 res
837 1486 948 1554 est,
978 1475 1188 1537 deinde
1211 1476 1417 1537 decem
1440 1477 1592 1555 aliis,
1622 1496 1769 1557 quos
1796 1480 2010 1557 singuli
2032 1479 2201 1540 binos

193 1560 616 1641 produxerant:
659 1560 926 1622 omnibus
965 1560 1116 1622 dena
1157 1563 1431 1623 sestertia
1468 1572 1909 1641 repraesentata
1952 1573 2009 1624 et
2040 1566 2201 1642 quin·

130 1666 174 1706 ιε
195 1664 460 1724 quagena
486 1646 794 1724 promissa.
843 1643 956 1705 Per
977 1644 1090 1704 hos
1121 1644 1421 1705 sollicitati
1444 1644 1676 1725 reliqui,
1705 1665 1815 1706 nec
1840 1646 1987 1707 adeo
2006 1646 2199 1723 multi,

193 1730 342 1790 haud
367 1728 538 1791 dubia
559 1729 800 1807 fiducia,
835 1732 896 1789 in
932 1731 1066 1807 ipso
1103 1730 1344 1806 negotio
1382 1728 1565 1807 pluris
1600 1730 1920 1791 adfuturos
1966 1730 2257 1792 Tulerat6

193 1816 414 1874 animus
441 1823 577 1891 post
597 1812 971 1891 adoptionem
995 1815 1188 1872 statim
1209 1822 1398 1873 castra
1417 1831 1712 1893 occupare
1744 1824 2200 1892 caenantemque

192 1900 250 1956 in
285 1897 509 1957 Palatio
549 1896 788 1959 Galbam
822 1895 1102 1975 adgredi,
1139 1896 1246 1957 sed
1281 1896 1509 1959 obstitit
1552 1907 1863 1977 respectus
1915 1899 2197 1976 cohortiS,

195 1998 346 2060 quae
372 1990 508 2041 tunc
534 1980 878 2059 excubabat,
907 1998 983 2040 ne
1007 1988 1346 2042 oneraretur
1369 1980 1605 2059 invidia,
1632 1982 1785 2063 quod
1812 1982 2071 2044 eiusdem
2083 1992 2197 2044 sta-

127 2090 174 2130 πο
192 2068 350 2125 tione
377 2074 437 2124 et
461 2064 634 2127 Gaius
656 2065 846 2126 fuerat
870 2066 1104 2125 occisus
1129 2073 1190 2124 et
1222 2063 1491 2126 desertus
1516 2065 1696 2149 Nero.
1767 2067 2019 2129 Medium
2055 2084 2195 2147 quo-

192 2167 304 2228 que
328 2158 558 2229 tempus
581 2149 794 2226 religio
813 2157 876 2209 et
901 2148 1185 2208 Seleucus
1207 2152 1442 2209 exemit.

319 2232 486 2311 Ergo
516 2232 800 2294 destinata
825 2232 942 2310 die,
969 2234 1346 2311 praemonitis
1373 2236 1629 2294 consciis
1650 2242 1711 2294 ut
1735 2252 1801 2294 se
1839 2236 1899 2293 in
1931 2234 2063 2296 foro
2089 2235 2194 2295 sub

189 2316 335 2379 aede
358 2319 592 2377 Saturni
615 2316 690 2377 ad
706 2316 1013 2377 Miliarium
1037 2333 1272 2377 aureum
1301 2319 1731 2396 opperirentur,
1754 2335 1924 2378 mane
1954 2317 2195 2380 Galbam

191 2400 492 2479 salutavit,
529 2410 708 2480 utque
746 2409 1134 2461 consueverat
1167 2400 1377 2461 osculo
1413 2410 1734 2480 exceptus,
1766 2404 1940 2463 etiam
1975 2402 2193 2463 sacrifl-

121 2513 170 2553 25
194 2488 343 2547 canti
367 2485 631 2546 interfuit
655 2484 986 2564 audivitque
1013 2484 1312 2564 praedicta
1335 2485 1681 2565 haruspicis.
1718 2486 1945 2547 Deinde
1980 2484 2191 2547 liberto

189 2568 396 2629 adesse
419 2569 779 2630 architectos
801 2571 1095 2629 nuntiante
1111 2615 1129 2646 ,
1157 2568 1312 2648 quod
1337 2570 1565 2647 signum
1601 2579 1988 2649 convenerat,
2026 2572 2193 2649 quasi

188 2654 454 2715 venalem
478 2654 708 2714 domum
730 2654 1103 2731 inspecturus
1126 2652 1437 2731 abscessit,
1464 2656 1867 2735 proripuitque
1882 2673 1947 2715 se
1964 2657 2193 2733 postica

184 2747 351 2817 parte
372 2737 561 2798 Palati
588 2735 663 2798 ad
695 2740 1087 2798 constitutum.
1130 2735 1250 2797 Alii
1284 2737 1510 2797 febrem
1534 2738 1841 2799 simulasse
1863 2741 2020 2799 aiunt
2038 2757 2189 2799 eam-

187 2839 301 2899 que
327 2823 766 2883 excusationem
789 2822 1074 2901 proximis
1113 2821 1452 2900 mandasse,
1489 2824 1540 2882 si
1565 2831 1963 2901 quaereretur.
2029 2822 2191 2883 Tune

117 2920 166 2961 so
185 2904 414 2967 abditus
443 2924 700 2985 propere
719 2904 988 2965 muliebri
1013 2905 1160 2966 sella
1185 2908 1242 2965 in
1267 2914 1459 2966 castra
1482 2905 1799 2981 contendit,
1824 2924 1895 2965 ac
1917 2905 2188 2966 deficien-

181 2990 335 3050 tibus
371 2990 675 3051 lecticaris
709 3007 838 3050 cum
869 2990 1275 3051 descendisset
1309 3007 1655 3068 cursumque
1680 2992 1960 3069 cepisset,
1991 2988 2186 3049 laxato

183 3072 390 3137 calceo
418 3074 652 3153 restitit,
691 3072 882 3136 donec
904 3075 1126 3135 omissa
1143 3073 1304 3135 mora
1329 3074 1704 3152 succollatus,
1732 3082 1791 3134 et
1814 3092 1847 3134 a
1874 3082 2188 3151 praesente

183 3161 458 3221 comitatu
487 3160 804 3238 imperator
830 3156 1253 3234 consalutatus,
1287 3160 1441 3217 inter
1481 3158 1701 3219 faustas
1738 3156 2187 3219 adclamationes

183 3246 542 3322 strictosque
577 3242 808 3321 gladios
842 3242 917 3304 ad
953 3242 1238 3321 principia
1281 3241 1547 3320 devenit,
1592 3242 1771 3303 obvio
1804 3260 2039 3321 quoque
2072 3259 2187 3304 non

118 3338 164 3377 3⁵
182 3328 350 3388 aliter
372 3346 448 3388 ac
475 3329 523 3388 si
549 3330 823 3389 conscius
852 3336 910 3387 et
933 3328 1231 3406 particeps
1264 3326 1421 3387 foret
1448 3325 1821 3388 adhaerente.
1869 3326 1957 3387 Ibi
1992 3328 2187 3387 missis

183 3412 276 3487 qui
312 3410 558 3472 Galbam
583 3421 644 3473 et
664 3411 935 3473 Pisonem
953 3408 1337 3487 trucidarent,
1363 3410 1437 3471 ad
1464 3412 1862 3473 conciliandos
1898 3411 2184 3491 pollicita·

180 3494 442 3555 tionibus
463 3495 702 3556 militum
727 3498 950 3557 animos
972 3493 1111 3555 nihil
1137 3496 1324 3571 magis
1348 3511 1455 3573 pro
1494 3498 1765 3557 contione
1802 3504 2047 3556 testatus
2074 3501 2183 3570 est,

184 3595 352 3655 quam
376 3579 438 3639 id
464 3578 687 3642 demum
711 3599 778 3641 se
800 3579 1144 3658 habiturum,
1173 3576 1330 3657 quod
1354 3578 1466 3640 sibi
1490 3579 1575 3640 illi
1604 3581 1995 3723 reliqliiissent.
