2700 4234
928 324 1343 373 PRAEFATIO.
1843 326 2036 377 XCVII

212 504 371 545 asum
394 484 653 541 confecta
686 490 745 539 et
772 500 846 539 ex
868 482 1039 539 variis
1064 482 1225 540 libris
1248 483 1394 539 inter
1423 484 1720 554 legendum
1743 493 2030 560 excerpta.

212 570 419 642 Incipit
458 568 680 623 tandem
722 572 853 639 post
888 567 1121 623 mediam
1160 568 1333 623 ferme
1369 575 1584 639 partem
1617 586 1673 640 p.
1705 574 1841 637 314,
1870 577 1904 629 3
1945 570 2031 625 in·

210 663 376 725 teger
411 651 853 708 differentiarum
884 651 1111 707 libellus
1142 650 1339 706 alienis
1380 651 1548 706 rebus
1581 666 1690 708 non
1721 654 2028 722 permixtus

212 746 271 795 et
313 736 627 791 litterarum
676 735 872 791 ordine
917 733 985 790 ab
1034 734 1084 787 A
1131 734 1198 789 ad
1230 734 1281 789 V
1323 729 1698 808 deductusM).
1793 736 1904 792 Sed
1938 738 2030 793 vel

211 839 280 877 ea
308 835 439 892 pars
460 860 475 887 ,
516 836 621 890 per
666 834 728 873 se
772 818 909 873 satis
940 816 1249 887 aequabilis
1268 857 1303 894 ,μ
1338 833 1410 873 eo
1441 818 1816 889 suspicionem
1847 826 2032 876 movet

213 904 364 975 quod
394 902 542 959 aliae
590 901 927 973 scriptiones
964 900 1085 955 eius
1115 900 1340 970 generis
1387 902 1700 973 complures
1737 903 2031 959 circumfe-

212 993 447 1053 runtur,
494 985 661 1057 plane
710 983 966 1054 geminae
1011 984 1211 1061 huius,
1256 999 1438 1057 neque
1487 990 1667 1039 tamen
1703 986 1930 1042 Remmii
1975 994 2032 1043 et

214 1068 473 1125 Suetonii
521 1068 623 1123 sed
654 1068 746 1122 vel
798 1066 1003 1123 Isidori
1044 1066 1136 1121 vel
1182 1066 1388 1122 nullius
1429 1068 1650 1123 nomine
1705 1069 2029 1143 inscriptae.

214 1154 405 1223 Auget
438 1150 817 1223 suspicionem
858 1150 1009 1221 quod
1042 1147 1333 1205 Ciceronis
1372 1166 1594 1223 qnoque
1626 1158 1680 1206 et
1703 1153 1945 1223 Vergilii
1972 1155 2027 1209 in

217 1236 416 1290 eodem
460 1234 657 1289 codice
704 1232 1060 1288 inveniuntur
1102 1232 1313 1288 similes
1355 1234 1570 1302 libelli,
1625 1250 1852 1305 qnorum
1893 1254 2028 1292 sane

220 1317 424 1372 nullam
472 1333 599 1373 esse
644 1332 767 1372 cum
826 1314 941 1371 illis
1001 1316 1323 1371 auctoribus
1371 1316 1835 1374 necessitudinem
1883 1319 2029 1375 inter

221 1415 413 1457 omnes
459 1393 783 1471 constatffi).
876 1400 1129 1469 Denique
1165 1398 1214 1455 is
1266 1399 1492 1455 libellus
1529 1406 1820 1473 tantopere
1852 1403 2029 1458 desti-

217 1483 390 1538 tuitur
421 1483 569 1539 omni
596 1482 915 1539 eruditione
948 1482 1221 1538 solidiore
1241 1524 1256 1551 ‚
1301 1488 1495 1539 contra
1527 1498 1590 1539 ea
1623 1485 1766 1540 adeo
1798 1485 2027 1557 ineptiis

214 1572 415 1637 scatet,
452 1573 513 1620 ut
544 1582 653 1621 non
688 1566 855 1622 modo
888 1564 1141 1621 Suetonii
1173 1567 1273 1621 sed
1310 1582 1380 1621 ne
1412 1567 1638 1623 Romani
1675 1567 1896 1638 quidem
1927 1572 2029 1625 ho·

216 1650 381 1704 minis
416 1664 545 1705 esse
574 1649 773 1719 possit.
847 1649 993 1704 Vide
1030 1649 1193 1704 modo
1228 1665 1368 1719 quae
1403 1666 1456 1720 p.
1490 1654 1610 1716 30⁷,
1645 1655 1680 1709 6
1709 1651 1778 1705 de
1807 1652 2028 1708 nomine

218 1732 372 1803 quod
407 1736 494 1787 est
521 1730 707 1800 honos,
738 1749 791 1803 p.
826 1738 947 1799 308,
974 1738 1035 1791 11
1070 1731 1139 1786 de
1172 1732 1452 1788 adiectivo
1483 1746 1688 1788 aeneus
1717 1734 1808 1789 vel
1842 1735 2028 1807 potius

218 1828 443 1886 oeneus,
480 1832 537 1887 p.
575 1820 708 1885 309,
741 1820 812 1872 24
839 1815 908 1871 de
941 1814 1318 1871 numeralibus
1350 1816 1456 1870 duo
1501 1822 1556 1871 et
1585 1816 1776 1889 ambe,
1819 1835 1874 1889 p.
1905 1824 2028 1888 310,

216 1904 287 1958 18
317 1904 375 1953 et
402 1904 472 1955 24
503 1898 571 1953 de
605 1897 825 1954 nomine
858 1912 985 1953 cors
1026 1903 1082 1953 et
1124 1898 1195 1954 de
1230 1899 1501 1954 adverbio
1531 1914 1764 1969 rursus,
1812 1918 1866 1973 p.
1905 1906 2029 1971 318,

212 1985 281 2041 27
320 1982 391 2039 de
432 1982 593 2037 seriis
622 1982 791 2037 rebus
822 1988 1061 2051 nugatur
1090 1982 1337 2037 misellus
1380 1982 1476 2037 ille
1517 1984 1929 2054 grammatista‚
1976 1990 2030 2040 et

214 2063 405 2121 statim
434 2064 507 2121 de
544 2064 824 2136 scriptore
861 2066 1154 2120 vetustatis
1180 2065 1434 2135 cogitare
1472 2066 1731 2122 desieris.
1794 2066 1926 2124 Nam
1959 2068 2028 2124 dc

210 2147 473 2204 absurdis
532 2148 934 2204 vocabulorum
994 2147 1305 2217 originibus
1359 2148 1549 2204 dicere
1622 2152 2028 2221 praetermitto,

212 2248 335 2286 cum
368 2230 425 2285 in
456 2232 567 2286 hoc
596 2247 808 2301 genere
839 2232 930 2286 vel
973 2230 1117 2303 apud
1147 2231 1564 2302 antiquissimos
1593 2232 1746 2288 -nihil
1789 2234 1911 2290 fere
1942 2235 2026 2289 in·

210 2314 490 2370 credibile
513 2313 607 2369 sit.

340 2395 529 2452 Nihilo
560 2395 739 2451 minus
768 2401 945 2451 tamen
970 2396 1209 2467 vestigia
1242 2398 1507 2469 quaedam
1538 2398 1786 2455 melioris
1817 2398 2016 2455 doctri·

210 2498 319 2537 nae
355 2493 645 2550 agnosco,
688 2494 830 2549 quae
861 2480 1011 2535 tenui
1044 2482 1239 2536 saltem
1276 2481 1370 2535 filo
1402 2482 1696 2538 ostendant
1729 2498 1853 2538 cum
1883 2484 2027 2537 anti-

214 2563 434 2635 quitate
486 2561 723 2618 Romana
781 2564 923 2619 hanc
971 2562 1331 2635 scriptionem
1375 2565 1658 2635 coniungi.
1750 2565 1882 2622 Tale
1943 2571 2029 2622 est

210 2646 426 2716 Nigidii
458 2662 515 2717 p·
549 2650 672 2715 318,
703 2650 769 2703 21
802 2646 1097 2702 frustulum
1123 2663 1386 2718 nusquam
1423 2649 1559 2705 alibi
1591 2650 1864 2719 oblatum,
1899 2650 2026 2706 talis

216 2729 527 2786 auctoritas
562 2735 761 2801 p.310‚
792 2735 861 2789 28
892 2730 1056 2785 allata
1073 2730 1334 2801 Procelli,
1371 2747 1533 2803 quem
1564 2734 1797 2789 eundem
1829 2734 2029 2789 existi-

214 2830 366 2869 mare
408 2812 607 2869 licebit
639 2811 734 2883 qui
766 2814 783 2843 Ε
808 2813 1093 2869 Porcellus
1124 2814 1549 2883 grammaticus’
1583 2817 1728 2886 apud
1759 2817 2029 2871 Senecam

214 2899 498 2953 rhetorem
526 2896 584 2951 in
610 2896 855 2952 secunda
883 2896 1148 2952 Suasoria
1180 2916 1234 2969 p.
1252 2904 1339 2967 14,
1369 2904 1434 2957 19
1458 2898 1614 2953 Burs.
1640 2898 1864 2968 dicitur,
1895 2899 2026 2955 talia

219 2996 361 3051 quae
394 2980 465 3035 de
499 2980 686 3033 lustris
727 2996 781 3049 p.
812 2986 937 3049 315,
973 2986 1037 3039 13
1072 2987 1125 3034 et
1155 2981 1224 3036 de
1253 2981 1520 3037 adverbio
1554 2982 1702 3053 quod
1736 2988 1822 3038 est
1849 2984 2027 3038 simitu

353 3156 451 3221 94)
493 3157 735 3223 Magnum
778 3157 971 3209 hiatum
1004 3175 1057 3225 p.
1090 3160 1207 3221 314,
1242 3160 1305 3210 10
1336 3159 1673 3225 significatum
1704 3162 2029 3226 probabiliter

218 3224 469 3305 emplebit,
520 3226 606 3289 qui
636 3226 855 3307 duarum
898 3228 1257 3293 scriptionum,
1297 3244 1422 3293 quas
1465 3230 1616 3311 modo
1651 3230 1705 3279 in
1741 3229 2024 3311 subsidium

218 3294 1143 3426 ⁰”‘²⁰353⁰t⁰1¹51{2⁵.212323¹¹33205332
1147 3298 2024 3431 ³332‘sssyssztn32132253'timi:

217 3430 369 3479 cundi
410 3430 523 3481 sive
552 3431 820 3482 Frontonis
870 3432 1179 3483 differentias
1212 3434 1479 3484 verborum
1521 3443 1570 3485 et
1613 3437 1872 3487 nominum
1907 3436 2022 3487 olim

216 3499 527 3563 pencriptas
564 3498 727 3549 fuisse
764 3501 816 3549 in
852 3510 1076 3551 extremo
1122 3502 1247 3552 libro
1280 3501 1533 3563 Charisii3
1583 3503 1679 3558 etr.
1719 3506 1783 3555 A.
1821 3504 1921 3556 Mai
1959 3504 2021 3555 nd

217 3566 517 3617 Frontonem
556 3584 607 3633 p.
644 3568 747 3620 416
776 3569 855 3619 ed.
883 3569 1025 3619 Rom.

296 3652 573 3688 stmrcxms.
1701 3660 1739 3711 g
