2700 4234
901 312 1110 361 mvus
1147 312 1528 363 AUGUSTUS.
2125 305 2215 369 79

226 468 369 547 Apin
396 466 742 547 supersedit,
775 466 881 525 sed
914 473 972 526 et
1002 466 1201 529 Gaium
1228 476 1524 546 nepotem,
1555 469 1709 547 quod
1739 469 2006 530 Iudaeam
2040 488 2208 549 prae-

225 551 521 611 tervehens
558 549 710 628 apud
740 549 1151 625 Hierosolyma
1192 568 1309 611 non
1349 552 1770 631 supplicasset,
1824 553 2207 615 conlaudavit.

334 634 409 695 Et
430 636 695 712 quoniam
720 633 793 694 ad
814 633 962 693 haec
987 642 1213 693 ventum
1228 643 1337 711 est,
1363 651 1479 695 non
1499 635 1570 695 ab
1597 655 1663 695 re
1685 637 1858 697 fuerit
1877 637 2210 715 subtexere,
2225 657 2294 714 94

224 736 361 795 quae
392 719 448 776 ei
485 718 649 797 prius
680 734 849 795 quam
872 726 1211 778 nasceretur
1244 726 1301 777 et
1334 719 1466 797 ipso
1496 720 1672 779 natali
1702 721 1796 781 die
1826 740 1894 781 ac
1927 720 2210 799 deinceps

224 802 547 878 evenerint,
583 800 791 879 quibus
820 801 1009 860 futura
1036 801 1368 878 magnitudo
1401 803 1526 862 eius
1559 812 1617 862 et
1647 814 1929 884 perpetua
1959 804 2210 865 felicitas

217 886 436 963 sperari
466 883 965 963 animadvertique·
990 893 1213 963 posset.
1446 938 1451 941 .

331 968 571 1027 Velitris
612 967 921 1045 antiquitus
962 976 1114 1029 tacta
1146 968 1217 1027 de
1251 968 1418 1028 caelo
1451 978 1617 1048 parte
1645 972 1822 1047 muri,
1863 988 2212 1055 responsum

214 1060 299 1111 est
343 1052 465 1111 eius
498 1051 699 1131 oppidi
733 1051 919 1111 civem
953 1050 1299 1129 quandoque
1328 1070 1520 1113 rerum
1549 1054 1886 1131 potiturum
1927 1072 2040 1132 qua
2072 1054 2210 1115 fidu·

216 1136 301 1194 cia
328 1136 615 1196 Veliterni
656 1143 715 1195 et
762 1143 897 1193 tunc
934 1137 1119 1195 statim
1158 1145 1215 1195 et
1256 1145 1464 1214 postea
1499 1138 1732 1216 saepius
1760 1156 1949 1217 paene
1978 1138 2052 1198 ad
2092 1138 2212 1197 exi-

145 1232 195 1274 πο
213 1221 347 1279 tium
391 1220 477 1279 sui
518 1237 645 1279 cum
685 1218 908 1298 populo
938 1219 1011 1278 R.
1047 1218 1568 1296 belligeraverant3
1612 1238 1747 1281 sero
1777 1221 2004 1281 tandem
2035 1222 2212 1283 docu-

208 1302 413 1361 mentis
458 1304 752 1382 apparuit,
806 1309 1093 1363 ostentum
1133 1302 1277 1363 illud
1313 1302 1564 1379 Augusti
1609 1306 1924 1383 potentiam
1976 1314 2210 1380 porten-

209 1385 380 1445 disse.

322 1470 551 1529 Auctor
581 1478 671 1527 est
702 1468 879 1531 Iulius
908 1469 1220 1546 Marathus,
1250 1478 1384 1529 ante
1411 1487 1634 1548 paucos
1667 1489 1835 1548 quam
1870 1479 2210 1535 nasceretur

206 1571 433 1613 menses
464 1552 795 1631 prodigium
823 1553 1045 1615 Romae
1072 1553 1285 1613 factum
1315 1552 1577 1631 publice,
1607 1571 1722 1632 qno
1753 1553 2209 1632 denuntiabatur,

144 1656 189 1696 15
206 1655 405 1713 regem
430 1636 495 1697 P.
522 1636 597 1697 R.
623 1646 881 1698 naturam
904 1638 1220 1715 parturire3
1247 1646 1507 1697 senatum
1531 1640 1868 1698 exterritum
1892 1640 2210 1714 censuisse,

207 1738 276 1779 ne
314 1722 443 1799 quis
474 1720 582 1779 illo
616 1737 766 1782 anno
802 1721 1033 1797 genitus
1062 1720 1440 1790 educaretur;
1495 1739 1602 1782 eos
1637 1724 1733 1801 qui
1767 1721 2042 1799 gravidas
2070 1738 2210 1780 uxo-

204 1822 297 1863 res
326 1803 648 1881 haberent,
686 1804 843 1883 quod
874 1804 944 1863 ad
981 1822 1045 1862 se
1080 1806 1326 1882 quisque
1358 1822 1521 1884 spem
1554 1806 1833 1883 traheret,
1869 1822 2106 1865 curasse
2137 1821 2212 1863 ne

206 1896 433 1947 senatus
460 1887 791 1947 consultum
820 1887 894 1947 ad
924 1888 1206 1965 aerarium
1236 1888 1582 1949 deferretur.

325 1970 390 2031 In
453 1970 833 2049 Asclepiadis
890 1970 1175 2031 Mendetis
1236 1971 1758 2049 Theologumenon
1819 1972 1984 2033 libris
2048 1972 2211 2049 lego,

139 2072 187 2113 20
203 2054 424 2131 Atiam,
467 2073 603 2115 cum
646 2055 717 2115 ad
758 2054 1041 2115 sollemne
1070 2054 1363 2134 Apollinis
1395 2074 1622 2117 sacrum
1661 2055 1850 2117 media
1893 2065 2067 2117 nocte
2113 2073 2211 2114 ve-

202 2139 408 2215 nisset,
455 2139 653 2217 posita
688 2140 745 2197 in
786 2138 1007 2218 templo
1037 2138 1279 2214 lectica,
1320 2140 1452 2200 dum
1485 2149 1720 2199 ceterae
1749 2149 2046 2199 matronae
2078 2138 2210 2199 dor-

199 2224 427 2300 mirent,
484 2220 893 2291 obdormiam
960 2221 1273 2284 draconem
1314 2232 1558 2301 repente
1612 2224 1928 2301 irrepsisse
1971 2221 2044 2282 ad
2087 2239 2213 2281 eam

203 2305 493 2384 pauloque
543 2316 681 2383 post
726 2322 1061 2383 egressum3
1106 2306 1263 2366 illam
1296 2306 1774 2386 expergefactam
1807 2306 1973 2384 quasi
2007 2324 2040 2365 a
2075 2321 2212 2364 eon·

202 2388 388 2449 cubitu
417 2390 630 2459 mar-iti¹
647 2390 987 2467 purificasse
1015 2408 1109 2459 se;
1144 2399 1203 2449 et
1226 2391 1414 2452 statim
1433 2391 1489 2448 in
1521 2406 1774 2468 corpore
1801 2391 1926 2449 eius
1950 2388 2212 2449 extitisse

136 2485 183 2525 25
201 2473 480 2535 maculam
525 2473 694 2534 vel-ut
739 2474 880 2551 picti
924 2472 1233 2549 draconis,
1276 2491 1390 2533 nec
1434 2475 1698 2552 potuisse
1732 2490 1996 2551 umquam
2030 2472 2210 2548 exigi,

201 2554 345 2615 adeo
377 2565 437 2617 ut
459 2573 607 2618 mox
628 2556 881 2635 publicis
902 2556 1147 2617 balineis
1172 2565 1462 2636 perpetuo
1489 2556 1856 2626 abstinuerit;
1887 2555 2213 2633 Augustum

200 2648 386 2699 natum
417 2658 627 2703 mense
658 2640 889 2701 decimo
930 2650 989 2699 et
1018 2639 1094 2701 ob
1124 2641 1241 2701 hoc
1271 2641 1566 2719 Apollinis
1601 2641 1778 2701 filium
1809 2641 2210 2701 existimatum.

200 2719 417 2783 Eadem
448 2723 585 2788 Atia
615 2726 779 2803 prius
810 2742 978 2804 quam
1008 2733 1243 2803 pareret
1274 2725 1608 2800 somniavit,
1637 2725 1905 2783 intestina
1937 2741 2039 2782 sua
2071 2721 2213 2781 ferri

202 2804 274 2863 ad
304 2805 494 2868 sidera
525 2808 929 2887 explicarique
963 2826 1070 2885 per
1100 2826 1327 2869 omnem
1357 2818 1640 2869 terrarum
1671 2806 1903 2867 et'caeli
1923 2804 2210 2865 ambitum.

134 2888 522 2951 soSomniavit
568 2900 625 2952 et
676 2901 843 2971 pater
885 2890 1187 2969 Octavius,
1234 2901 1400 2951 utero
1434 2890 1606 2950 Atiae
1648 2889 1814 2950 iubar
1857 2889 1998 2949 solis
2042 2905 2212 2947 exor-

200 2979 334 3031 tum.
630 3003 633 3006 ·

326 3056 457 3131 Quo
491 3066 659 3118 natus
691 3068 783 3119 est
814 3058 937 3136 die,
970 3076 1097 3118 cum
1132 3057 1205 3118 de
1239 3056 1520 3118 Catilinae
1557 3055 1955 3117 coniuratione
2005 3068 2209 3129 agere-

200 3145 301 3197 tur.
316 3140 373 3197 in
406 3142 571 3201 curia
605 3150 663 3202 et
687 3142 962 3203 Octavius
986 3142 1061 3202 ob
1091 3142 1293 3202 uxoris
1324 3142 1696 3221 puerperium
1726 3140 1915 3198 serius
1936 3136 2212 3213 affuisset,

200 3231 333 3283 nota
367 3242 439 3284 ac
472 3224 714 3302 vulgata
747 3244 845 3286 res
880 3233 971 3285 est
1004 3225 1068 3286 P.
1092 3223 1752 3303 Nigidium,comperta
1781 3238 1982 3282 morae
2015 3237 2210 3295 causa,

137 3316 187 3358 ³5
205 3313 263 3362 ut
288 3305 491 3367 horam
526 3325 763 3387 quoque
792 3318 991 3387 partus
1020 3310 1338 3388 acceperit,
1372 3308 1696 3369 affirmasse
1720 3305 2005 3367 dominum
2030 3312 2210 3363 terra-

202 3404 327 3447 rum
358 3390 489 3451 orbi
523 3400 737 3453 natum.
794 3391 1039 3454 Octavio
1076 3401 1316 3471 postea,
1363 3410 1491 3453 cum
1525 3409 1634 3470 per
1664 3398 1895 3451 secreta
1926 3386 2210 3449 Thraciae

207 3473 524 3537 exercitum
567 3474 839 3554 duceret,
882 3478 941 3535 in
973 3475 1165 3537 Liberi
1200 3477 1382 3554 patris
1410 3476 1547 3541 luco
1583 3473 1829 3535 barbara
1863 3469 2210 3533 caerimonia

206 3550 276 3613 de
312 3555 431 3617 filio
472 3559 835 3636 consulenti,
870 3560 1021 3621 idem
1050 3561 1388 3623 affirmatum
1419 3567 1510 3621 est
1537 3577 1572 3619 a
1601 3555 2022 3632 sacerdotibus,
2054 3547 2209 3631 quod
