<?xml version="1.0" encoding="UTF-8"?>
<!DOCTYPE html PUBLIC "-//W3C//DTD XHTML 1.0 Transitional//EN"
    "http://www.w3.org/TR/xhtml1/DTD/xhtml1-transitional.dtd">
<html xmlns="http://www.w3.org/1999/xhtml" xml:lang="en" lang="en">
 <head>
  <title>
</title>
<meta http-equiv="Content-Type" content="text/html;charset=utf-8" />
  <meta name='ocr-system' content='tesseract 3.04.00' />
  <meta name='ocr-capabilities' content='ocr_page ocr_carea ocr_par ocr_line ocrx_word'/>
</head>
<body>
  <div class='ocr_page' id='page_1' title='image "./csuetonitranqui05rothgoog_0082.png"; bbox 0 0 2700 4234; ppageno 0'>
   <div class='ocr_carea' id='block_1_1' title="bbox 636 302 1734 355">
    <p class='ocr_par' dir='ltr' id='par_1_1' title="bbox 636 302 1734 355">
     <span class='ocr_line' id='line_1_1' title="bbox 636 302 1734 355; baseline -0.004 0"><span class='ocrx_word' id='word_1_1' title='bbox 636 305 852 355; x_wconf 81' lang='lat' dir='ltr'>LXXVI</span> <span class='ocrx_word' id='word_1_2' title='bbox 1318 302 1734 352; x_wconf 75' lang='lat' dir='ltr'><strong>PRAEFATIO.</strong></span> 
     </span>
    </p>
   </div>
   <div class='ocr_carea' id='block_1_2' title="bbox 640 460 2456 2450">
    <p class='ocr_par' dir='ltr' id='par_1_2' title="bbox 640 460 2454 1772">
     <span class='ocr_line' id='line_1_2' title="bbox 643 460 2452 534; baseline -0.003 -12"><span class='ocrx_word' id='word_1_3' title='bbox 643 481 770 534; x_wconf 87' lang='lat' dir='ltr'><strong>res,</strong></span> <span class='ocrx_word' id='word_1_4' title='bbox 826 468 913 519; x_wconf 88' lang='lat' dir='ltr'><strong>tot</strong></span> <span class='ocrx_word' id='word_1_5' title='bbox 969 461 1119 519; x_wconf 89' lang='lat' dir='ltr'><strong>docti</strong></span> <span class='ocrx_word' id='word_1_6' title='bbox 1163 461 1416 518; x_wconf 87' lang='lat' dir='ltr'><strong>homines</strong></span> <span class='ocrx_word' id='word_1_7' title='bbox 1457 460 1855 516; x_wconf 86' lang='lat' dir='ltr'><strong>intellexerunt</strong></span> <span class='ocrx_word' id='word_1_8' title='bbox 1909 465 2210 531; x_wconf 88' lang='lat' dir='ltr'><strong>nostraque</strong></span> <span class='ocrx_word' id='word_1_9' title='bbox 2261 465 2452 517; x_wconf 83' lang='lat' dir='ltr'><strong>aetate</strong></span> 
     </span>
     <span class='ocr_line' id='line_1_3' title="bbox 642 542 2450 616; baseline -0.003 -11"><span class='ocrx_word' id='word_1_10' title='bbox 642 547 964 605; x_wconf 85' lang='lat' dir='ltr'><strong>Friderieus</strong></span> <span class='ocrx_word' id='word_1_11' title='bbox 994 544 1203 600; x_wconf 86' lang='lat' dir='ltr'><strong>Ritschl</strong></span> <span class='ocrx_word' id='word_1_12' title='bbox 1234 545 1291 600; x_wconf 90' lang='lat' dir='ltr'><strong>in</strong></span> <span class='ocrx_word' id='word_1_13' title='bbox 1320 544 1584 614; x_wconf 83' lang='lat' dir='ltr'><strong>Parergis</strong></span> <span class='ocrx_word' id='word_1_14' title='bbox 1621 552 1649 601; x_wconf 94' lang='lat'>1</span> <span class='ocrx_word' id='word_1_15' title='bbox 1679 561 1734 616; x_wconf 92' lang='lat' dir='ltr'><strong>p.</strong></span> <span class='ocrx_word' id='word_1_16' title='bbox 1769 549 1900 613; x_wconf 87' lang='grc'>619,</span> <span class='ocrx_word' id='word_1_17' title='bbox 1933 542 2171 600; x_wconf 82' lang='lat' dir='ltr'><strong>Carolus</strong></span> <span class='ocrx_word' id='word_1_18' title='bbox 2198 543 2450 600; x_wconf 85' lang='lat' dir='ltr'><strong>Frideri-</strong></span> 
     </span>
     <span class='ocr_line' id='line_1_4' title="bbox 640 626 2446 701; baseline -0.003 -12"><span class='ocrx_word' id='word_1_19' title='bbox 640 647 740 688; x_wconf 88' lang='lat' dir='ltr'><strong>cus</strong></span> <span class='ocrx_word' id='word_1_20' title='bbox 785 630 1081 686; x_wconf 85' lang='lat' dir='ltr'><strong>Hermann·</strong></span> <span class='ocrx_word' id='word_1_21' title='bbox 1108 629 1164 682; x_wconf 90' lang='lat' dir='ltr'><strong>in</strong></span> <span class='ocrx_word' id='word_1_22' title='bbox 1202 633 1614 701; x_wconf 78' lang='lat' dir='ltr'><strong>programmate</strong></span> <span class='ocrx_word' id='word_1_23' title='bbox 1653 626 1948 698; x_wconf 77' lang='lat' dir='ltr'><strong>Gottingae</strong></span> <span class='ocrx_word' id='word_1_24' title='bbox 1989 645 2038 684; x_wconf 86' lang='lat' dir='ltr'><strong>a.</strong></span> <span class='ocrx_word' id='word_1_25' title='bbox 2087 632 2224 688; x_wconf 79' lang='lat'>1848</span> <span class='ocrx_word' id='word_1_26' title='bbox 2268 627 2446 693; x_wconf 66' lang='lat' dir='ltr'><strong>edito,</strong></span> 
     </span>
     <span class='ocr_line' id='line_1_5' title="bbox 642 710 2449 772; baseline -0.002 -1"><span class='ocrx_word' id='word_1_27' title='bbox 642 714 971 772; x_wconf 89' lang='lat' dir='ltr'><strong>Theodorus</strong></span> <span class='ocrx_word' id='word_1_28' title='bbox 1004 712 1303 768; x_wconf 81' lang='lat' dir='ltr'><strong>Mommsen</strong></span> <span class='ocrx_word' id='word_1_29' title='bbox 1334 712 1391 766; x_wconf 90' lang='lat' dir='ltr'><strong>in</strong></span> <span class='ocrx_word' id='word_1_30' title='bbox 1422 711 1913 768; x_wconf 76' lang='lat' dir='ltr'><strong>dissertationibus</strong></span> <span class='ocrx_word' id='word_1_31' title='bbox 1941 711 2233 768; x_wconf 86' lang='lat' dir='ltr'><strong>societatis</strong></span> <span class='ocrx_word' id='word_1_32' title='bbox 2265 710 2449 767; x_wconf 82' lang='lat' dir='ltr'><strong>Saxo-</strong></span> 
     </span>
     <span class='ocr_line' id='line_1_6' title="bbox 640 795 2452 868; baseline -0.002 -14"><span class='ocrx_word' id='word_1_33' title='bbox 640 799 803 854; x_wconf 89' lang='lat' dir='ltr'><strong>nicae</strong></span> <span class='ocrx_word' id='word_1_34' title='bbox 838 805 866 855; x_wconf 91' lang='lat'>1</span> <span class='ocrx_word' id='word_1_35' title='bbox 900 814 952 868; x_wconf 88' lang='lat' dir='ltr'><strong>p.</strong></span> <span class='ocrx_word' id='word_1_36' title='bbox 986 800 1091 856; x_wconf 82' lang='lat'><strong>673</strong></span> <span class='ocrx_word' id='word_1_37' title='bbox 1122 800 1231 852; x_wconf 89' lang='lat' dir='ltr'><strong>tam</strong></span> <span class='ocrx_word' id='word_1_38' title='bbox 1260 795 1544 850; x_wconf 86' lang='lat' dir='ltr'><strong>luculente</strong></span> <span class='ocrx_word' id='word_1_39' title='bbox 1565 795 2102 866; x_wconf 84' lang='lat' dir='ltr'><strong>demonstraverunt,</strong></span> <span class='ocrx_word' id='word_1_40' title='bbox 2134 800 2193 850; x_wconf 89' lang='lat' dir='ltr'><strong>ut</strong></span> <span class='ocrx_word' id='word_1_41' title='bbox 2224 809 2318 850; x_wconf 83' lang='lat' dir='ltr'><strong>res</strong></span> <span class='ocrx_word' id='word_1_42' title='bbox 2341 810 2452 866; x_wconf 89' lang='lat' dir='ltr'><strong>pro</strong></span> 
     </span>
     <span class='ocr_line' id='line_1_7' title="bbox 643 878 2451 950; baseline -0.003 -12"><span class='ocrx_word' id='word_1_43' title='bbox 643 881 899 938; x_wconf 79' lang='lat' dir='ltr'><strong>confecta</strong></span> <span class='ocrx_word' id='word_1_44' title='bbox 949 880 1144 935; x_wconf 85' lang='lat' dir='ltr'><strong>haberi</strong></span> <span class='ocrx_word' id='word_1_45' title='bbox 1200 879 1420 934; x_wconf 84' lang='lat' dir='ltr'><strong>debeat.</strong></span> <span class='ocrx_word' id='word_1_46' title='bbox 1509 879 1702 950; x_wconf 89' lang='lat' dir='ltr'><strong>Itaque</strong></span> <span class='ocrx_word' id='word_1_47' title='bbox 1747 878 2110 934; x_wconf 82' lang='lat' dir='ltr'><strong>excusatione</strong></span> <span class='ocrx_word' id='word_1_48' title='bbox 2156 893 2296 950; x_wconf 89' lang='lat' dir='ltr'><strong>opus</strong></span> <span class='ocrx_word' id='word_1_49' title='bbox 2337 893 2451 933; x_wconf 85' lang='lat' dir='ltr'><strong>non</strong></span> 
     </span>
     <span class='ocr_line' id='line_1_8' title="bbox 644 960 2453 1034; baseline -0.003 -14"><span class='ocrx_word' id='word_1_50' title='bbox 644 964 785 1034; x_wconf 84' lang='lat' dir='ltr'><strong>erit,</strong></span> <span class='ocrx_word' id='word_1_51' title='bbox 817 963 966 1034; x_wconf 90' lang='lat' dir='ltr'><strong>quod</strong></span> <span class='ocrx_word' id='word_1_52' title='bbox 996 962 1093 1018; x_wconf 89' lang='lat' dir='ltr'><strong>illa</strong></span> <span class='ocrx_word' id='word_1_53' title='bbox 1135 961 1461 1032; x_wconf 77' lang='lat' dir='ltr'><strong>Hieronymi</strong></span> <span class='ocrx_word' id='word_1_54' title='bbox 1497 962 1863 1018; x_wconf 86' lang='lat' dir='ltr'><strong>additamenta</strong></span> <span class='ocrx_word' id='word_1_55' title='bbox 1914 962 1970 1016; x_wconf 92' lang='lat' dir='ltr'><strong>in</strong></span> <span class='ocrx_word' id='word_1_56' title='bbox 2011 962 2119 1016; x_wconf 88' lang='lat' dir='ltr'><strong>hoc</strong></span> <span class='ocrx_word' id='word_1_57' title='bbox 2149 960 2453 1017; x_wconf 81' lang='lat' dir='ltr'><strong>Suetoniu-</strong></span> 
     </span>
     <span class='ocr_line' id='line_1_9' title="bbox 644 1043 2451 1117; baseline -0.003 -14"><span class='ocrx_word' id='word_1_58' title='bbox 644 1063 835 1103; x_wconf 85' lang='lat' dir='ltr'><strong>narum</strong></span> <span class='ocrx_word' id='word_1_59' title='bbox 866 1045 1227 1117; x_wconf 85' lang='lat' dir='ltr'><strong>reliquiarum</strong></span> <span class='ocrx_word' id='word_1_60' title='bbox 1263 1061 1469 1117; x_wconf 86' lang='lat' dir='ltr'><strong>corpus</strong></span> <span class='ocrx_word' id='word_1_61' title='bbox 1512 1044 1720 1116; x_wconf 82' lang='lat' dir='ltr'><strong>recepi.</strong></span> <span class='ocrx_word' id='word_1_62' title='bbox 1814 1045 1945 1100; x_wconf 89' lang='lat' dir='ltr'><strong>Cum</strong></span> <span class='ocrx_word' id='word_1_63' title='bbox 1988 1051 2168 1100; x_wconf 86' lang='lat' dir='ltr'><strong>tamen</strong></span> <span class='ocrx_word' id='word_1_64' title='bbox 2197 1044 2288 1100; x_wconf 78' lang='lat' dir='ltr'><strong>vel</strong></span> <span class='ocrx_word' id='word_1_65' title='bbox 2332 1043 2451 1098; x_wconf 90' lang='lat' dir='ltr'><strong>illis</strong></span> 
     </span>
     <span class='ocr_line' id='line_1_10' title="bbox 642 1126 2452 1201; baseline -0.004 -14"><span class='ocrx_word' id='word_1_66' title='bbox 642 1129 897 1201; x_wconf 79' lang='lat' dir='ltr'><strong>egregiis</strong></span> <span class='ocrx_word' id='word_1_67' title='bbox 968 1128 1247 1184; x_wconf 88' lang='lat' dir='ltr'><strong>iudicibus</strong></span> <span class='ocrx_word' id='word_1_68' title='bbox 1304 1128 1680 1184; x_wconf 78' lang='lat' dir='ltr'><strong>dubitationes</strong></span> <span class='ocrx_word' id='word_1_69' title='bbox 1747 1128 1958 1200; x_wconf 76' lang='lat' dir='ltr'><strong>aliquot</strong></span> <span class='ocrx_word' id='word_1_70' title='bbox 2019 1127 2254 1183; x_wconf 85' lang='lat' dir='ltr'><strong>relictae</strong></span> <span class='ocrx_word' id='word_1_71' title='bbox 2315 1126 2452 1195; x_wconf 78' lang='lat' dir='ltr'><strong>sint,</strong></span> 
     </span>
     <span class='ocr_line' id='line_1_11' title="bbox 640 1209 2448 1287; baseline -0.002 -19"><span class='ocrx_word' id='word_1_72' title='bbox 640 1232 695 1287; x_wconf 93' lang='lat' dir='ltr'><strong>p.</strong></span> <span class='ocrx_word' id='word_1_73' title='bbox 728 1218 854 1284; x_wconf 80' lang='lat'><strong>272,</strong></span> <span class='ocrx_word' id='word_1_74' title='bbox 886 1218 956 1272; x_wconf 83' lang='lat'><strong>28</strong></span> <span class='ocrx_word' id='word_1_75' title='bbox 985 1218 1041 1268; x_wconf 88' lang='lat' dir='ltr'><strong>et</strong></span> <span class='ocrx_word' id='word_1_76' title='bbox 1070 1229 1125 1284; x_wconf 89' lang='lat' dir='ltr'><strong>p.</strong></span> <span class='ocrx_word' id='word_1_77' title='bbox 1158 1219 1282 1281; x_wconf 84' lang='lat'><strong>301,</strong></span> <span class='ocrx_word' id='word_1_78' title='bbox 1313 1218 1382 1270; x_wconf 87' lang='grc'><strong>18</strong></span> <span class='ocrx_word' id='word_1_79' title='bbox 1410 1229 1476 1268; x_wconf 86' lang='lat' dir='ltr'><strong>ea</strong></span> <span class='ocrx_word' id='word_1_80' title='bbox 1508 1211 1768 1283; x_wconf 87' lang='lat' dir='ltr'><strong>seposui,</strong></span> <span class='ocrx_word' id='word_1_81' title='bbox 1802 1227 2034 1283; x_wconf 86' lang='lat' dir='ltr'><strong>quorum</strong></span> <span class='ocrx_word' id='word_1_82' title='bbox 2071 1218 2267 1266; x_wconf 83' lang='lat' dir='ltr'><strong>auctor</strong></span> <span class='ocrx_word' id='word_1_83' title='bbox 2303 1209 2448 1265; x_wconf 87' lang='lat' dir='ltr'><strong>Sue-</strong></span> 
     </span>
     <span class='ocr_line' id='line_1_12' title="bbox 640 1292 2452 1354; baseline -0.006 -1"><span class='ocrx_word' id='word_1_84' title='bbox 640 1297 827 1354; x_wconf 79' lang='lat' dir='ltr'><strong>tonius</strong></span> <span class='ocrx_word' id='word_1_85' title='bbox 864 1303 1043 1351; x_wconf 87' lang='lat' dir='ltr'><strong>utrum</strong></span> <span class='ocrx_word' id='word_1_86' title='bbox 1074 1295 1149 1350; x_wconf 85' lang='lat' dir='ltr'><strong>sit</strong></span> <span class='ocrx_word' id='word_1_87' title='bbox 1187 1311 1364 1350; x_wconf 88' lang='lat' dir='ltr'><strong>necne</strong></span> <span class='ocrx_word' id='word_1_88' title='bbox 1406 1295 1571 1350; x_wconf 87' lang='lat' dir='ltr'><strong>etiam</strong></span> <span class='ocrx_word' id='word_1_89' title='bbox 1601 1310 1744 1350; x_wconf 89' lang='lat' dir='ltr'><strong>nunc</strong></span> <span class='ocrx_word' id='word_1_90' title='bbox 1785 1295 2056 1354; x_wconf 85' lang='lat' dir='ltr'><strong>incertum</strong></span> <span class='ocrx_word' id='word_1_91' title='bbox 2097 1301 2198 1349; x_wconf 84' lang='lat' dir='ltr'><strong>est.</strong></span> <span class='ocrx_word' id='word_1_92' title='bbox 2285 1292 2452 1348; x_wconf 72' lang='lat' dir='ltr'><strong>Reci-</strong></span> 
     </span>
     <span class='ocr_line' id='line_1_13' title="bbox 640 1377 2454 1460; baseline -0.002 -25"><span class='ocrx_word' id='word_1_93' title='bbox 640 1397 779 1454; x_wconf 82' lang='lat' dir='ltr'><strong>pere</strong></span> <span class='ocrx_word' id='word_1_94' title='bbox 837 1395 1003 1436; x_wconf 87' lang='lat' dir='ltr'><strong>ausus</strong></span> <span class='ocrx_word' id='word_1_95' title='bbox 1056 1395 1165 1435; x_wconf 88' lang='lat' dir='ltr'><strong>non</strong></span> <span class='ocrx_word' id='word_1_96' title='bbox 1221 1395 1372 1448; x_wconf 89' lang='lat' dir='ltr'><strong>sum,</strong></span> <span class='ocrx_word' id='word_1_97' title='bbox 1414 1395 1736 1450; x_wconf 88' lang='lat' dir='ltr'><strong>quamquam</strong></span> <span class='ocrx_word' id='word_1_98' title='bbox 1794 1379 2036 1435; x_wconf 80' lang='lat' dir='ltr'><strong>sortasse</strong></span> <span class='ocrx_word' id='word_1_99' title='bbox 2089 1377 2270 1432; x_wconf 88' lang='lat' dir='ltr'><strong>eidem</strong></span> <span class='ocrx_word' id='word_1_100' title='bbox 2307 1379 2454 1460; x_wconf 67' lang='lat' dir='ltr'><strong>Sue·</strong></span> 
     </span>
     <span class='ocr_line' id='line_1_14' title="bbox 642 1461 2454 1532; baseline -0.002 -13"><span class='ocrx_word' id='word_1_101' title='bbox 642 1462 798 1521; x_wconf 84' lang='lat' dir='ltr'><strong>tonio</strong></span> <span class='ocrx_word' id='word_1_102' title='bbox 834 1462 1087 1532; x_wconf 83' lang='lat' dir='ltr'><strong>debitas,</strong></span> <span class='ocrx_word' id='word_1_103' title='bbox 1117 1462 1435 1518; x_wconf 83' lang='lat' dir='ltr'><strong>notationes</strong></span> <span class='ocrx_word' id='word_1_104' title='bbox 1465 1461 1756 1518; x_wconf 86' lang='lat' dir='ltr'><strong>nonnullas</strong></span> <span class='ocrx_word' id='word_1_105' title='bbox 1785 1479 1815 1518; x_wconf 91' lang='lat' dir='ltr'><strong>a</strong></span> <span class='ocrx_word' id='word_1_106' title='bbox 1849 1461 2210 1518; x_wconf 87' lang='lat' dir='ltr'><strong>Cassiodorio</strong></span> <span class='ocrx_word' id='word_1_107' title='bbox 2249 1461 2319 1517; x_wconf 85' lang='lat' dir='ltr'><strong>ad</strong></span> <span class='ocrx_word' id='word_1_108' title='bbox 2353 1477 2454 1516; x_wconf 88' lang='lat' dir='ltr'><strong>an-</strong></span> 
     </span>
     <span class='ocr_line' id='line_1_15' title="bbox 642 1543 2454 1605; baseline -0.002 -3"><span class='ocrx_word' id='word_1_109' title='bbox 642 1562 747 1602; x_wconf 90' lang='lat' dir='ltr'><strong>nos</strong></span> <span class='ocrx_word' id='word_1_110' title='bbox 795 1547 863 1603; x_wconf 87' lang='lat' dir='ltr'><strong>ab</strong></span> <span class='ocrx_word' id='word_1_111' title='bbox 904 1546 1044 1602; x_wconf 87' lang='lat' dir='ltr'><strong>urbe</strong></span> <span class='ocrx_word' id='word_1_112' title='bbox 1094 1546 1315 1602; x_wconf 86' lang='lat' dir='ltr'><strong>condita</strong></span> <span class='ocrx_word' id='word_1_113' title='bbox 1369 1554 1487 1604; x_wconf 83' lang='lat'><strong>515.</strong></span> <span class='ocrx_word' id='word_1_114' title='bbox 1536 1551 1658 1605; x_wconf 84' lang='lat'><strong>568.</strong></span> <span class='ocrx_word' id='word_1_115' title='bbox 1706 1551 1824 1605; x_wconf 87' lang='lat'><strong>639.</strong></span> <span class='ocrx_word' id='word_1_116' title='bbox 1872 1550 1977 1605; x_wconf 87' lang='grc'><strong>769</strong></span> <span class='ocrx_word' id='word_1_117' title='bbox 2017 1545 2178 1601; x_wconf 86' lang='lat' dir='ltr'><strong>Varr.</strong></span> <span class='ocrx_word' id='word_1_118' title='bbox 2235 1543 2454 1600; x_wconf 88' lang='lat' dir='ltr'><strong>adscri-</strong></span> 
     </span>
     <span class='ocr_line' id='line_1_16' title="bbox 641 1629 2454 1704; baseline -0.002 -19"><span class='ocrx_word' id='word_1_119' title='bbox 641 1635 798 1704; x_wconf 74' lang='lat' dir='ltr'><strong>ptaS,</strong></span> <span class='ocrx_word' id='word_1_120' title='bbox 852 1629 922 1684; x_wconf 87' lang='lat' dir='ltr'><strong>de</strong></span> <span class='ocrx_word' id='word_1_121' title='bbox 955 1629 1153 1700; x_wconf 90' lang='lat' dir='ltr'><strong>quibus</strong></span> <span class='ocrx_word' id='word_1_122' title='bbox 1186 1629 1514 1686; x_wconf 81' lang='lat' dir='ltr'><strong>Theodorus</strong></span> <span class='ocrx_word' id='word_1_123' title='bbox 1547 1629 1734 1698; x_wconf 81' lang='lat' dir='ltr'><strong>Bergk</strong></span> <span class='ocrx_word' id='word_1_124' title='bbox 1762 1630 2038 1685; x_wconf 86' lang='lat' dir='ltr'><strong>benevole</strong></span> <span class='ocrx_word' id='word_1_125' title='bbox 2077 1644 2162 1682; x_wconf 86' lang='lat' dir='ltr'><strong>me</strong></span> <span class='ocrx_word' id='word_1_126' title='bbox 2205 1642 2454 1684; x_wconf 89' lang='lat' dir='ltr'><strong>commo-</strong></span> 
     </span>
     <span class='ocr_line' id='line_1_17' title="bbox 640 1713 948 1772; baseline 0.01 -3"><span class='ocrx_word' id='word_1_127' title='bbox 640 1713 948 1772; x_wconf 81' lang='lat' dir='ltr'><strong>nefecerat.</strong></span> 
     </span>
    </p>

    <p class='ocr_par' dir='ltr' id='par_1_3' title="bbox 642 1795 2456 2450">
     <span class='ocr_line' id='line_1_18' title="bbox 766 1795 2454 1868; baseline -0.001 -16"><span class='ocrx_word' id='word_1_128' title='bbox 766 1795 1017 1868; x_wconf 83' lang='lat' dir='ltr'><strong>Singulis</strong></span> <span class='ocrx_word' id='word_1_129' title='bbox 1060 1795 1351 1867; x_wconf 77' lang='lat' dir='ltr'><strong>particulis</strong></span> <span class='ocrx_word' id='word_1_130' title='bbox 1399 1811 1654 1850; x_wconf 88' lang='lat' dir='ltr'><strong>numeros</strong></span> <span class='ocrx_word' id='word_1_131' title='bbox 1703 1810 1966 1851; x_wconf 87' lang='lat' dir='ltr'><strong>annorum</strong></span> <span class='ocrx_word' id='word_1_132' title='bbox 2006 1797 2073 1851; x_wconf 87' lang='lat' dir='ltr'><strong>ab</strong></span> <span class='ocrx_word' id='word_1_133' title='bbox 2120 1811 2173 1849; x_wconf 89' lang='lat' dir='ltr'><strong>u.</strong></span> <span class='ocrx_word' id='word_1_134' title='bbox 2224 1811 2273 1848; x_wconf 93' lang='lat' dir='ltr'><strong>c.</strong></span> <span class='ocrx_word' id='word_1_135' title='bbox 2319 1795 2454 1850; x_wconf 87' lang='lat' dir='ltr'><strong>sub-</strong></span> 
     </span>
     <span class='ocr_line' id='line_1_19' title="bbox 642 1877 2455 1950; baseline -0.002 -13"><span class='ocrx_word' id='word_1_136' title='bbox 642 1880 792 1950; x_wconf 90' lang='lat' dir='ltr'><strong>didi,</strong></span> <span class='ocrx_word' id='word_1_137' title='bbox 826 1895 965 1950; x_wconf 84' lang='lat' dir='ltr'><strong>quos</strong></span> <span class='ocrx_word' id='word_1_138' title='bbox 995 1879 1334 1948; x_wconf 78' lang='lat' dir='ltr'><strong>Hieronymo</strong></span> <span class='ocrx_word' id='word_1_139' title='bbox 1368 1879 1574 1934; x_wconf 79' lang='lat' dir='ltr'><strong>addere</strong></span> <span class='ocrx_word' id='word_1_140' title='bbox 1608 1877 1851 1950; x_wconf 87' lang='lat' dir='ltr'><strong>placuit,</strong></span> <span class='ocrx_word' id='word_1_141' title='bbox 1900 1893 2112 1949; x_wconf 88' lang='lat' dir='ltr'><strong>eosque</strong></span> <span class='ocrx_word' id='word_1_142' title='bbox 2143 1877 2455 1949; x_wconf 50' lang='lat' dir='ltr'><strong>simplicem</strong></span> 
     </span>
     <span class='ocr_line' id='line_1_20' title="bbox 642 1961 2456 2034; baseline -0.002 -15"><span class='ocrx_word' id='word_1_143' title='bbox 642 1962 737 2019; x_wconf 88' lang='lat' dir='ltr'><strong>ubi</strong></span> <span class='ocrx_word' id='word_1_144' title='bbox 768 1961 1047 2018; x_wconf 87' lang='lat' dir='ltr'><strong>editiones</strong></span> <span class='ocrx_word' id='word_1_145' title='bbox 1085 1961 1434 2033; x_wconf 80' lang='lat' dir='ltr'><strong>conspirare,</strong></span> <span class='ocrx_word' id='word_1_146' title='bbox 1465 1963 1800 2034; x_wconf 73' lang='lat' dir='ltr'><strong>complures,</strong></span> <span class='ocrx_word' id='word_1_147' title='bbox 1833 1961 1928 2017; x_wconf 89' lang='lat' dir='ltr'><strong>ubi</strong></span> <span class='ocrx_word' id='word_1_148' title='bbox 1957 1962 2178 2017; x_wconf 84' lang='lat' dir='ltr'><strong>variare</strong></span> <span class='ocrx_word' id='word_1_149' title='bbox 2210 1961 2357 2016; x_wconf 87' lang='lat' dir='ltr'><strong>inter</strong></span> <span class='ocrx_word' id='word_1_150' title='bbox 2389 1976 2456 2016; x_wconf 86' lang='lat' dir='ltr'><strong>se</strong></span> 
     </span>
     <span class='ocr_line' id='line_1_21' title="bbox 643 2043 2456 2103; baseline -0.002 -1"><span class='ocrx_word' id='word_1_151' title='bbox 643 2044 918 2103; x_wconf 81' lang='lat' dir='ltr'><strong>videbam.</strong></span> <span class='ocrx_word' id='word_1_152' title='bbox 1008 2045 1141 2101; x_wconf 92' lang='lat' dir='ltr'><strong>Eius</strong></span> <span class='ocrx_word' id='word_1_153' title='bbox 1172 2045 1319 2100; x_wconf 89' lang='lat' dir='ltr'><strong>modi</strong></span> <span class='ocrx_word' id='word_1_154' title='bbox 1358 2061 1614 2102; x_wconf 89' lang='lat' dir='ltr'><strong>numeros</strong></span> <span class='ocrx_word' id='word_1_155' title='bbox 1647 2045 2026 2102; x_wconf 87' lang='lat' dir='ltr'><strong>consulatibus</strong></span> <span class='ocrx_word' id='word_1_156' title='bbox 2061 2044 2244 2100; x_wconf 79' lang='lat' dir='ltr'><strong>linitos</strong></span> <span class='ocrx_word' id='word_1_157' title='bbox 2278 2043 2456 2100; x_wconf 86' lang='lat' dir='ltr'><strong>Tran-</strong></span> 
     </span>
     <span class='ocr_line' id='line_1_22' title="bbox 646 2127 2456 2200; baseline 0 -18"><span class='ocrx_word' id='word_1_158' title='bbox 646 2128 884 2200; x_wconf 87' lang='lat' dir='ltr'><strong>quillus,</strong></span> <span class='ocrx_word' id='word_1_159' title='bbox 930 2135 991 2184; x_wconf 90' lang='lat' dir='ltr'><strong>ut</strong></span> <span class='ocrx_word' id='word_1_160' title='bbox 1020 2129 1275 2199; x_wconf 85' lang='lat' dir='ltr'><strong>integrae</strong></span> <span class='ocrx_word' id='word_1_161' title='bbox 1310 2127 1462 2183; x_wconf 86' lang='lat' dir='ltr'><strong>vitae</strong></span> <span class='ocrx_word' id='word_1_162' title='bbox 1493 2129 1904 2198; x_wconf 87' lang='lat' dir='ltr'><strong>demonstrant,</strong></span> <span class='ocrx_word' id='word_1_163' title='bbox 1948 2144 2078 2185; x_wconf 90' lang='lat' dir='ltr'><strong>raro</strong></span> <span class='ocrx_word' id='word_1_164' title='bbox 2121 2127 2456 2200; x_wconf 81' lang='lat' dir='ltr'><strong>prodiderat</strong></span> 
     </span>
     <span class='ocr_line' id='line_1_23' title="bbox 644 2208 2456 2285; baseline 0 -18"><span class='ocrx_word' id='word_1_165' title='bbox 644 2213 798 2283; x_wconf 86' lang='lat' dir='ltr'><strong>ipse;</strong></span> <span class='ocrx_word' id='word_1_166' title='bbox 829 2214 1130 2285; x_wconf 87' lang='lat' dir='ltr'><strong>plerosque</strong></span> <span class='ocrx_word' id='word_1_167' title='bbox 1163 2212 1533 2280; x_wconf 76' lang='lat' dir='ltr'><strong>Hieronymus</strong></span> <span class='ocrx_word' id='word_1_168' title='bbox 1565 2211 1886 2283; x_wconf 76' lang='lat' dir='ltr'><strong>adscripsit,</strong></span> <span class='ocrx_word' id='word_1_169' title='bbox 1918 2210 2034 2267; x_wconf 88' lang='lat' dir='ltr'><strong>suis</strong></span> <span class='ocrx_word' id='word_1_170' title='bbox 2070 2208 2456 2268; x_wconf 83' lang='lat' dir='ltr'><strong>ratiocinatio·</strong></span> 
     </span>
     <span class='ocr_line' id='line_1_24' title="bbox 646 2293 2452 2367; baseline -0.001 -17"><span class='ocrx_word' id='word_1_171' title='bbox 646 2295 806 2352; x_wconf 84' lang='lat' dir='ltr'><strong>nibus</strong></span> <span class='ocrx_word' id='word_1_172' title='bbox 844 2312 976 2352; x_wconf 90' lang='lat' dir='ltr'><strong>usus</strong></span> <span class='ocrx_word' id='word_1_173' title='bbox 1017 2311 1295 2367; x_wconf 78' lang='lat' dir='ltr'><strong>persaepe</strong></span> <span class='ocrx_word' id='word_1_174' title='bbox 1322 2295 1413 2351; x_wconf 84' lang='lat' dir='ltr'><strong>vel</strong></span> <span class='ocrx_word' id='word_1_175' title='bbox 1456 2311 1651 2351; x_wconf 88' lang='lat' dir='ltr'><strong>errore</strong></span> <span class='ocrx_word' id='word_1_176' title='bbox 1683 2295 1772 2350; x_wconf 81' lang='lat' dir='ltr'><strong>vel</strong></span> <span class='ocrx_word' id='word_1_177' title='bbox 1818 2294 2178 2351; x_wconf 80' lang='lat' dir='ltr'><strong>festinatione</strong></span> <span class='ocrx_word' id='word_1_178' title='bbox 2209 2293 2452 2349; x_wconf 83' lang='lat' dir='ltr'><strong>vitiosis.</strong></span> 
     </span>
     <span class='ocr_line' id='line_1_25' title="bbox 647 2375 2456 2450; baseline -0.002 -15"><span class='ocrx_word' id='word_1_179' title='bbox 647 2377 767 2446; x_wconf 85' lang='lat' dir='ltr'><strong>Qua</strong></span> <span class='ocrx_word' id='word_1_180' title='bbox 808 2380 877 2435; x_wconf 90' lang='lat' dir='ltr'><strong>de</strong></span> <span class='ocrx_word' id='word_1_181' title='bbox 918 2396 979 2434; x_wconf 89' lang='lat' dir='ltr'><strong>re</strong></span> <span class='ocrx_word' id='word_1_182' title='bbox 1020 2378 1230 2433; x_wconf 86' lang='lat' dir='ltr'><strong>Ritschl</strong></span> <span class='ocrx_word' id='word_1_183' title='bbox 1265 2379 1321 2436; x_wconf 88' lang='lat' dir='ltr'><strong>in</strong></span> <span class='ocrx_word' id='word_1_184' title='bbox 1362 2377 1622 2448; x_wconf 84' lang='lat' dir='ltr'><strong>Parergis</strong></span> <span class='ocrx_word' id='word_1_185' title='bbox 1665 2396 1716 2450; x_wconf 86' lang='lat' dir='ltr'><strong>p·</strong></span> <span class='ocrx_word' id='word_1_186' title='bbox 1757 2383 1861 2438; x_wconf 83' lang='lat'><strong>623</strong></span> <span class='ocrx_word' id='word_1_187' title='bbox 1903 2384 1958 2434; x_wconf 88' lang='lat' dir='ltr'><strong>et</strong></span> <span class='ocrx_word' id='word_1_188' title='bbox 1985 2393 2093 2434; x_wconf 87' lang='lat' dir='ltr'><strong>van</strong></span> <span class='ocrx_word' id='word_1_189' title='bbox 2122 2375 2346 2433; x_wconf 84' lang='lat' dir='ltr'><strong>Heusde</strong></span> <span class='ocrx_word' id='word_1_190' title='bbox 2396 2377 2456 2432; x_wconf 87' lang='lat' dir='ltr'><strong>in</strong></span> 
     </span>
    </p>
   </div>
   <div class='ocr_carea' id='block_1_3' title="bbox 545 2461 1681 2534">
    <p class='ocr_par' dir='ltr' id='par_1_4' title="bbox 545 2461 1681 2534">
     <span class='ocr_line' id='line_1_26' title="bbox 545 2461 1681 2534; baseline -0.001 -18"><span class='ocrx_word' id='word_1_191' title='bbox 545 2464 550 2470; x_wconf 83' lang='grc'>’</span> <span class='ocrx_word' id='word_1_192' title='bbox 644 2461 898 2534; x_wconf 77' lang='lat' dir='ltr'><strong>Epistola</strong></span> <span class='ocrx_word' id='word_1_193' title='bbox 932 2461 1001 2517; x_wconf 86' lang='lat' dir='ltr'><strong>de</strong></span> <span class='ocrx_word' id='word_1_194' title='bbox 1032 2461 1244 2517; x_wconf 85' lang='lat' dir='ltr'><strong>Lucilio</strong></span> <span class='ocrx_word' id='word_1_195' title='bbox 1276 2479 1330 2532; x_wconf 90' lang='lat' dir='ltr'><strong>p.</strong></span> <span class='ocrx_word' id='word_1_196' title='bbox 1364 2465 1396 2520; x_wconf 85' lang='lat'>7</span> <span class='ocrx_word' id='word_1_197' title='bbox 1430 2467 1681 2531; x_wconf 84' lang='lat' dir='ltr'><strong>egerunt.</strong></span> 
     </span>
    </p>
   </div>
   <div class='ocr_carea' id='block_1_4' title="bbox 628 2541 2515 3283">
    <p class='ocr_par' dir='ltr' id='par_1_5' title="bbox 628 2541 2515 3283">
     <span class='ocr_line' id='line_1_27' title="bbox 791 2541 2457 2616; baseline -0.002 -15"><span class='ocrx_word' id='word_1_198' title='bbox 791 2543 939 2610; x_wconf 89' lang='lat' dir='ltr'><strong>Quot</strong></span> <span class='ocrx_word' id='word_1_199' title='bbox 1012 2543 1175 2600; x_wconf 89' lang='lat' dir='ltr'><strong>libris</strong></span> <span class='ocrx_word' id='word_1_200' title='bbox 1244 2544 1596 2616; x_wconf 85' lang='lat' dir='ltr'><strong>Tranquillus</strong></span> <span class='ocrx_word' id='word_1_201' title='bbox 1667 2544 1916 2600; x_wconf 84' lang='lat' dir='ltr'><strong>illustres</strong></span> <span class='ocrx_word' id='word_1_202' title='bbox 1977 2544 2132 2600; x_wconf 87' lang='lat' dir='ltr'><strong>viros</strong></span> <span class='ocrx_word' id='word_1_203' title='bbox 2204 2541 2457 2614; x_wconf 87' lang='lat' dir='ltr'><strong>perscri-</strong></span> 
     </span>
     <span class='ocr_line' id='line_1_28' title="bbox 646 2625 2459 2702; baseline -0.001 -19"><span class='ocrx_word' id='word_1_204' title='bbox 646 2628 858 2702; x_wconf 85' lang='lat' dir='ltr'><strong>pserit,</strong></span> <span class='ocrx_word' id='word_1_205' title='bbox 916 2643 1097 2698; x_wconf 89' lang='lat' dir='ltr'><strong>neque</strong></span> <span class='ocrx_word' id='word_1_206' title='bbox 1160 2645 1191 2683; x_wconf 86' lang='lat' dir='ltr'><strong>a</strong></span> <span class='ocrx_word' id='word_1_207' title='bbox 1232 2627 1404 2683; x_wconf 89' lang='lat' dir='ltr'><strong>Suida</strong></span> <span class='ocrx_word' id='word_1_208' title='bbox 1463 2628 1740 2698; x_wconf 86' lang='lat' dir='ltr'><strong>proditum</strong></span> <span class='ocrx_word' id='word_1_209' title='bbox 1784 2633 1872 2684; x_wconf 85' lang='lat' dir='ltr'><strong>est</strong></span> <span class='ocrx_word' id='word_1_210' title='bbox 1926 2644 2107 2699; x_wconf 87' lang='lat' dir='ltr'><strong>neque</strong></span> <span class='ocrx_word' id='word_1_211' title='bbox 2167 2625 2459 2682; x_wconf 84' lang='lat' dir='ltr'><strong>coniectu-</strong></span> 
     </span>
     <span class='ocr_line' id='line_1_29' title="bbox 646 2709 2458 2782; baseline -0.003 -14"><span class='ocrx_word' id='word_1_212' title='bbox 646 2711 726 2768; x_wconf 90' lang='lat' dir='ltr'><strong>ris</strong></span> <span class='ocrx_word' id='word_1_213' title='bbox 762 2709 1170 2781; x_wconf 83' lang='lat' dir='ltr'><strong>investigatum.</strong></span> <span class='ocrx_word' id='word_1_214' title='bbox 1259 2711 1379 2766; x_wconf 87' lang='lat' dir='ltr'><strong>Hoc</strong></span> <span class='ocrx_word' id='word_1_215' title='bbox 1421 2715 1628 2766; x_wconf 85' lang='lat' dir='ltr'><strong>tantum</strong></span> <span class='ocrx_word' id='word_1_216' title='bbox 1685 2727 1786 2782; x_wconf 91' lang='lat' dir='ltr'><strong>pro</strong></span> <span class='ocrx_word' id='word_1_217' title='bbox 1839 2717 1997 2766; x_wconf 85' lang='lat' dir='ltr'><strong>certo</strong></span> <span class='ocrx_word' id='word_1_218' title='bbox 2055 2711 2333 2767; x_wconf 81' lang='lat' dir='ltr'><strong>affirmare</strong></span> <span class='ocrx_word' id='word_1_219' title='bbox 2382 2709 2458 2764; x_wconf 90' lang='lat' dir='ltr'><strong>li-</strong></span> 
     </span>
     <span class='ocr_line' id='line_1_30' title="bbox 648 2791 2460 2868; baseline -0.001 -19"><span class='ocrx_word' id='word_1_220' title='bbox 648 2800 769 2863; x_wconf 88' lang='lat' dir='ltr'><strong>eet,</strong></span> <span class='ocrx_word' id='word_1_221' title='bbox 832 2801 1061 2868; x_wconf 88' lang='lat' dir='ltr'><strong>praeter</strong></span> <span class='ocrx_word' id='word_1_222' title='bbox 1108 2795 1460 2866; x_wconf 86' lang='lat' dir='ltr'><strong>superstitem</strong></span> <span class='ocrx_word' id='word_1_223' title='bbox 1518 2795 1765 2851; x_wconf 88' lang='lat' dir='ltr'><strong>libellum</strong></span> <span class='ocrx_word' id='word_1_224' title='bbox 1814 2793 1908 2866; x_wconf 89' lang='lat' dir='ltr'><strong>qui</strong></span> <span class='ocrx_word' id='word_1_225' title='bbox 1961 2795 2031 2849; x_wconf 89' lang='lat' dir='ltr'><strong>de</strong></span> <span class='ocrx_word' id='word_1_226' title='bbox 2074 2791 2460 2849; x_wconf 76' lang='lat' dir='ltr'><strong>Grammaticis</strong></span> 
     </span>
     <span class='ocr_line' id='line_1_31' title="bbox 628 2875 2456 2952; baseline -0.001 -20"><span class='ocrx_word' id='word_1_227' title='bbox 628 2877 1070 2952; x_wconf 46' lang='lat' dir='ltr'><strong>⁵etrhetoribus</strong></span> <span class='ocrx_word' id='word_1_228' title='bbox 1116 2884 1234 2945; x_wconf 86' lang='lat' dir='ltr'><strong>est,</strong></span> <span class='ocrx_word' id='word_1_229' title='bbox 1282 2878 1539 2948; x_wconf 86' lang='lat' dir='ltr'><strong>singulos</strong></span> <span class='ocrx_word' id='word_1_230' title='bbox 1586 2877 1766 2934; x_wconf 87' lang='lat' dir='ltr'><strong>libros</strong></span> <span class='ocrx_word' id='word_1_231' title='bbox 1827 2878 2002 2933; x_wconf 84' lang='lat' dir='ltr'><strong>fuisse</strong></span> <span class='ocrx_word' id='word_1_232' title='bbox 2067 2878 2136 2933; x_wconf 91' lang='lat' dir='ltr'><strong>de</strong></span> <span class='ocrx_word' id='word_1_233' title='bbox 2201 2875 2456 2932; x_wconf 88' lang='lat' dir='ltr'><strong>Oratori-</strong></span> 
     </span>
     <span class='ocr_line' id='line_1_32' title="bbox 649 2954 2460 3034; baseline -0.001 -18"><span class='ocrx_word' id='word_1_234' title='bbox 649 2961 785 3029; x_wconf 88' lang='lat' dir='ltr'><strong>bus,</strong></span> <span class='ocrx_word' id='word_1_235' title='bbox 834 2961 904 3016; x_wconf 86' lang='lat' dir='ltr'><strong>de</strong></span> <span class='ocrx_word' id='word_1_236' title='bbox 946 2954 1251 3034; x_wconf 78' lang='lat' dir='ltr'><strong>Poetis⁶¹)‚</strong></span> <span class='ocrx_word' id='word_1_237' title='bbox 1308 2960 1378 3015; x_wconf 91' lang='lat' dir='ltr'><strong>de</strong></span> <span class='ocrx_word' id='word_1_238' title='bbox 1434 2959 1750 3016; x_wconf 86' lang='lat' dir='ltr'><strong>Historicis.</strong></span> <span class='ocrx_word' id='word_1_239' title='bbox 1845 2960 2037 3032; x_wconf 87' lang='lat' dir='ltr'><strong>Neque</strong></span> <span class='ocrx_word' id='word_1_240' title='bbox 2082 2967 2265 3024; x_wconf 82' lang='lat' dir='ltr'><strong>tamen</strong></span> <span class='ocrx_word' id='word_1_241' title='bbox 2325 2975 2460 3015; x_wconf 86' lang='lat' dir='ltr'><strong>cau-</strong></span> 
     </span>
     <span class='ocr_line' id='line_1_33' title="bbox 649 3041 2515 3116; baseline -0.002 -17"><span class='ocrx_word' id='word_1_242' title='bbox 649 3059 766 3099; x_wconf 88' lang='lat' dir='ltr'><strong>sam</strong></span> <span class='ocrx_word' id='word_1_243' title='bbox 814 3043 981 3100; x_wconf 79' lang='lat' dir='ltr'><strong>video</strong></span> <span class='ocrx_word' id='word_1_244' title='bbox 1024 3041 1315 3112; x_wconf 84' lang='lat' dir='ltr'><strong>idoneam,</strong></span> <span class='ocrx_word' id='word_1_245' title='bbox 1374 3059 1474 3099; x_wconf 89' lang='lat' dir='ltr'><strong>cur</strong></span> <span class='ocrx_word' id='word_1_246' title='bbox 1532 3042 1784 3115; x_wconf 84' lang='lat' dir='ltr'><strong>reliquos</strong></span> <span class='ocrx_word' id='word_1_247' title='bbox 1843 3044 2187 3116; x_wconf 78' lang='lat' dir='ltr'><strong>scriptores,</strong></span> <span class='ocrx_word' id='word_1_248' title='bbox 2251 3049 2314 3098; x_wconf 88' lang='lat' dir='ltr'><strong>ut</strong></span> <span class='ocrx_word' id='word_1_249' title='bbox 2370 3043 2515 3116; x_wconf 45' lang='lat' dir='ltr'><strong>iti--</strong></span> 
     </span>
     <span class='ocr_line' id='line_1_34' title="bbox 648 3125 2463 3200; baseline -0.001 -18"><span class='ocrx_word' id='word_1_250' title='bbox 648 3127 1018 3184; x_wconf 81' lang='lat' dir='ltr'><strong>risconsultos</strong></span> <span class='ocrx_word' id='word_1_251' title='bbox 1088 3144 1153 3183; x_wconf 89' lang='lat' dir='ltr'><strong>ac</strong></span> <span class='ocrx_word' id='word_1_252' title='bbox 1220 3126 1456 3182; x_wconf 84' lang='lat' dir='ltr'><strong>maxime</strong></span> <span class='ocrx_word' id='word_1_253' title='bbox 1514 3126 1883 3200; x_wconf 85' lang='lat' dir='ltr'><strong>philosophos</strong></span> <span class='ocrx_word' id='word_1_254' title='bbox 1941 3127 2244 3183; x_wconf 87' lang='lat' dir='ltr'><strong>Illustrium</strong></span> <span class='ocrx_word' id='word_1_255' title='bbox 2301 3125 2463 3182; x_wconf 78' lang='lat' dir='ltr'><strong>viro-</strong></span> 
     </span>
     <span class='ocr_line' id='line_1_35' title="bbox 650 3209 2464 3283; baseline -0.001 -18"><span class='ocrx_word' id='word_1_256' title='bbox 650 3227 769 3266; x_wconf 88' lang='lat' dir='ltr'><strong>rum</strong></span> <span class='ocrx_word' id='word_1_257' title='bbox 822 3210 1199 3283; x_wconf 83' lang='lat' dir='ltr'><strong>appellatione</strong></span> <span class='ocrx_word' id='word_1_258' title='bbox 1255 3215 1311 3265; x_wconf 87' lang='lat' dir='ltr'><strong>et</strong></span> <span class='ocrx_word' id='word_1_259' title='bbox 1362 3211 1576 3266; x_wconf 88' lang='lat' dir='ltr'><strong>honore</strong></span> <span class='ocrx_word' id='word_1_260' title='bbox 1617 3210 1868 3282; x_wconf 81' lang='lat' dir='ltr'><strong>privatos</strong></span> <span class='ocrx_word' id='word_1_261' title='bbox 1923 3227 1954 3266; x_wconf 88' lang='lat' dir='ltr'><strong>a</strong></span> <span class='ocrx_word' id='word_1_262' title='bbox 1992 3209 2316 3281; x_wconf 85' lang='lat' dir='ltr'><strong>Tranquillo</strong></span> <span class='ocrx_word' id='word_1_263' title='bbox 2359 3223 2464 3263; x_wconf 88' lang='lat' dir='ltr'><strong>ex-</strong></span> 
     </span>
    </p>
   </div>
   <div class='ocr_carea' id='block_1_5' title="bbox 646 3357 1047 3368">
    <p class='ocr_par' dir='ltr' id='par_1_6' title="bbox 646 3357 1047 3368">
     <span class='ocr_line' id='line_1_36' title="bbox 646 3357 1047 3368; baseline 0 0"><span class='ocrx_word' id='word_1_264' title='bbox 646 3357 1047 3368; x_wconf 95' lang='lat' dir='ltr'><strong> </strong></span> 
     </span>
    </p>
   </div>
   <div class='ocr_carea' id='block_1_6' title="bbox 648 3418 2465 3624">
    <p class='ocr_par' dir='ltr' id='par_1_7' title="bbox 648 3418 2465 3624">
     <span class='ocr_line' id='line_1_37' title="bbox 786 3418 2465 3488; baseline -0.003 -16"><span class='ocrx_word' id='word_1_265' title='bbox 786 3419 882 3484; x_wconf 80' lang='lat'><strong>61)</strong></span> <span class='ocrx_word' id='word_1_266' title='bbox 913 3422 1098 3473; x_wconf 83' lang='lat' dir='ltr'><strong>Poetas</strong></span> <span class='ocrx_word' id='word_1_267' title='bbox 1130 3421 1328 3472; x_wconf 88' lang='lat' dir='ltr'><strong>duobus</strong></span> <span class='ocrx_word' id='word_1_268' title='bbox 1363 3421 1503 3473; x_wconf 84' lang='lat' dir='ltr'><strong>libris</strong></span> <span class='ocrx_word' id='word_1_269' title='bbox 1541 3424 1802 3488; x_wconf 85' lang='lat' dir='ltr'><strong>expositos</strong></span> <span class='ocrx_word' id='word_1_270' title='bbox 1833 3423 1995 3474; x_wconf 80' lang='lat' dir='ltr'><strong>fuisse</strong></span> <span class='ocrx_word' id='word_1_271' title='bbox 2030 3423 2310 3473; x_wconf 87' lang='lat' dir='ltr'><strong>Mommsen</strong></span> <span class='ocrx_word' id='word_1_272' title='bbox 2348 3418 2465 3484; x_wconf 84' lang='lat' dir='ltr'><strong>opi-</strong></span> 
     </span>
     <span class='ocr_line' id='line_1_38' title="bbox 648 3491 2461 3556; baseline -0.003 -16"><span class='ocrx_word' id='word_1_273' title='bbox 648 3497 814 3551; x_wconf 79' lang='lat' dir='ltr'><strong>natur,</strong></span> <span class='ocrx_word' id='word_1_274' title='bbox 850 3491 1007 3541; x_wconf 82' lang='lat' dir='ltr'><strong>altero</strong></span> <span class='ocrx_word' id='word_1_275' title='bbox 1049 3492 1221 3556; x_wconf 86' lang='lat' dir='ltr'><strong>epicos</strong></span> <span class='ocrx_word' id='word_1_276' title='bbox 1252 3498 1300 3539; x_wconf 88' lang='lat' dir='ltr'><strong>et</strong></span> <span class='ocrx_word' id='word_1_277' title='bbox 1332 3491 1540 3554; x_wconf 74' lang='lat' dir='ltr'><strong>lyricos,</strong></span> <span class='ocrx_word' id='word_1_278' title='bbox 1577 3491 1732 3541; x_wconf 82' lang='lat' dir='ltr'><strong>altero</strong></span> <span class='ocrx_word' id='word_1_279' title='bbox 1767 3491 2142 3542; x_wconf 85' lang='lat' dir='ltr'><strong>comoediarum</strong></span> <span class='ocrx_word' id='word_1_280' title='bbox 2180 3498 2227 3540; x_wconf 86' lang='lat' dir='ltr'><strong>et</strong></span> <span class='ocrx_word' id='word_1_281' title='bbox 2252 3498 2461 3553; x_wconf 79' lang='lat' dir='ltr'><strong>tragoe-</strong></span> 
     </span>
     <span class='ocr_line' id='line_1_39' title="bbox 650 3558 1553 3624; baseline -0.003 -15"><span class='ocrx_word' id='word_1_282' title='bbox 650 3558 849 3609; x_wconf 81' lang='lat' dir='ltr'><strong>diarum</strong></span> <span class='ocrx_word' id='word_1_283' title='bbox 882 3567 930 3608; x_wconf 86' lang='lat' dir='ltr'><strong>et</strong></span> <span class='ocrx_word' id='word_1_284' title='bbox 962 3559 1227 3608; x_wconf 86' lang='lat' dir='ltr'><strong>mimorum</strong></span> <span class='ocrx_word' id='word_1_285' title='bbox 1263 3559 1553 3624; x_wconf 81' lang='lat' dir='ltr'><strong>scriptores.</strong></span> 
     </span>
    </p>
   </div>
  </div>
 </body>
</html>
