2700 4234
904 303 1113 351 mvus
1161 304 1544 353 AUGUSTUS.
2105 270 2116 279 ⁴
2139 298 2214 357 51

215 461 489 539 cepisset.
571 460 773 520 Tutam
817 476 993 535 vero,
1039 468 1308 538 quantum
1354 460 1650 537 provideri
1700 460 1943 523 humana
1997 462 2222 523 ratione

215 548 423 624 potuit,
474 545 647 605 etiam
687 544 744 602 in
778 552 1075 622 posterum
1112 545 1417 621 praestitit.
1479 543 1717 605 Publica
1763 563 1948 624 opera
1978 546 2222 625 plurima
2238 552 2306 605 29

214 631 485 708 extruxit,
540 648 572 687 e
620 627 828 706 quibus
871 626 965 686 vel
1008 629 1356 706 praecipua:
1410 626 1624 689 Forum
1667 646 1794 689 cum
1835 629 1980 690 aede
2022 629 2224 691 Martis

212 714 460 791 Ultoris,
495 712 771 790 templum
806 711 1103 790 Apollinis
1133 712 1189 769 in
1218 710 1476 789 Palatio,
1523 712 1726 773 aedem
1758 713 2035 773 Tonantis
2064 714 2224 775 Iovis

162 820 186 859 s
210 801 261 857 in
293 796 607 877 Capitolio.
681 796 822 856 Fori
861 795 1164 855 extruendi
1206 812 1382 855 causa
1420 795 1524 855 fuit
1563 796 1850 857 hominum
1893 806 1951 857 et
1982 797 2221 859 iudicio-

206 901 327 945 rum
386 879 724 965 multitudo,
790 897 941 958 quae
997 879 1299 939 videbatur
1344 896 1463 938 ιιοιι
1522 880 1942 941 sufficientibus
1999 882 2223 943 duobus

206 969 373 1027 etiam
403 967 576 1027 tertio
607 956 903 1041 indigere,
936 965 1131 1043 itaque
1160 964 1486 1025 festinatius
1509 964 1751 1025 necdum
1783 965 2044 1043 perfecta
2073 967 2224 1027 Mar-

204 1052 275 1109 tis
318 1050 465 1109 aede
506 1048 863 1129 publicatum
908 1057 1030 1126 est,
1077 1057 1420 1126 cautumque
1461 1057 1519 1108 ut
1564 1051 1878 1127 separatim
1915 1051 1973 1108 in
2016 1068 2089 1110 eo
2121 1070 2219 1130 pu-

204 1134 357 1194 blica
408 1133 621 1193 iudicia
676 1141 736 1193 et
770 1134 1111 1193 sortitiones
1153 1131 1399 1191 iudicum
1443 1133 1668 1193 fierent.
1754 1132 1979 1192 Aedem
2020 1134 2222 1195 Martis

136 1236 183 1276 ιο
203 1218 363 1278 bello
406 1218 797 1298 Philippensi,
858 1234 966 1296 pro
1014 1216 1233 1276 ultione
1288 1225 1530 1304 paterna
1580 1225 1892 1298 suscepte,
1945 1232 2219 1292 voverat;

201 1302 395 1361 sanxit
428 1319 598 1379 ergo,
633 1311 693 1361 ut
724 1300 797 1361 de
830 1300 1004 1361 bellis
1038 1280 1461 1379 triumphisque
1489 1300 1586 1360 hic
1621 1301 2026 1365 consuleretur
2056 1324 2220 1367 sena·

196 1396 325 1461 tuS,
365 1387 699 1463 provincias
732 1404 861 1446 cum
891 1386 1151 1486 imperio·
1171 1385 1406 1463 petituri
1435 1384 1571 1447 hinc
1607 1386 2064 1467 deducerentur,
2098 1393 2219 1469 qui·

198 1488 311 1548 que
345 1471 609 1530 victores
640 1470 959 1548 redissent,
992 1469 1104 1529 huc
1134 1471 1382 1547 insignia
1415 1472 1831 1549 triumphorum
1863 1474 2218 1534 conferrent.

198 1553 503 1639 Templum
546 1553 843 1633 Apollinis
883 1556 939 1614 in
994 1572 1063 1614 ea
1110 1563 1273 1633 parte
1315 1554 1612 1615 Palatinae
1663 1556 1867 1616 domus
1922 1559 2218 1635 excitavit,

131 1662 176 1707 ιε,
200 1655 367 1717 quam
412 1637 652 1698 suimine
702 1640 872 1699 ictam
913 1638 1237 1699 desiderari
1278 1656 1311 1698 a
1355 1637 1466 1698 deo
1501 1638 1844 1724 haruspices
1888 1644 2217 1720 pronuntia-

127 1730 143 1736 ”
194 1732 351 1793 rant;
388 1721 611 1783 addidit
640 1724 903 1801 porticus
937 1741 1063 1782 cum
1094 1722 1451 1782 bibliotheca
1481 1721 1678 1783 Latina
1712 1719 2072 1803 Graecaque,
2103 1742 2217 1804 quo

194 1807 329 1870 loco
362 1809 480 1867 iam
512 1808 713 1866 senior
746 1825 928 1885 saepe
966 1810 1139 1867 etiam
1166 1817 1426 1866 senatum
1470 1806 1668 1867 habuit
1701 1808 2090 1887 decuriasque
2136 1811 2216 1867 iu-

196 1892 383 1952 dicum
412 1882 789 1969 recognovit.
822 1886 1104 1970 (Tonanti
1133 1890 1261 1951 Iovi
1302 1890 1507 1951 aedem
1541 1893 1910 1953 consecravit
1940 1893 2270 1953 liberatus

170 1975 502 2054 pericu10,
559 1994 686 2035 cum
740 1970 1117 2065 expeditione
1164 1973 1510 2044 Cantabrica
1562 1994 1671 2063 per
1721 1986 2063 2037 nocturnum
2107 1978 2218 2036 iter

126 2080 176 2119 ιο
194 2059 469 2121 lecticam
500 2060 625 2119 eius
652 2054 863 2137 fulgur
891 2053 1369 2159 praestrinxisset
1402 2078 1747 2140 servumque
1781 2061 2250 2140 praelucentem

196 2146 606 2205 exanimasset.
683 2144 975 2243 Quaedam
1007 2140 1181 2203 etiam
1212 2152 1394 2223 opera
1431 2144 1536 2204 sub
1569 2146 1800 2204 nomine
1842 2145 2072 2221 alieno,
2118 2163 2215 2203 ne-

194 2236 390 2304 potum
424 2228 663 2288 scilicet
694 2238 751 2287 et
784 2230 981 2289 uxoris
1014 2229 1392 2305 sororisque,
1435 2228 1608 2305 fecit,
1653 2238 1712 2288 ut
1743 2231 2030 2306 porticum
2065 2228 2216 2289 basi-

194 2311 483 2391 licamque
518 2310 623 2373 Gai
656 2321 715 2371 et
741 2312 911 2389 Luci,
960 2314 1093 2372 item
1126 2314 1390 2391 porticus
1419 2311 1615 2372 Liviae
1662 2302 1720 2372 et
1752 2311 2032 2372 Octaviae
2061 2311 2217 2371 thea-

197 2403 455 2477 trumque
489 2396 779 2475 Marcelli.
842 2396 959 2455 Sed
990 2405 1047 2456 et
1082 2405 1315 2456 ceteros
1349 2397 1649 2475 principes
1679 2398 1840 2456 viros
1871 2414 2052 2474 saepe
2085 2394 2218 2454 hor·

2251 1890 2326 1913 a*

128 2500 179 2539 25
200 2488 344 2541 tatus
382 2491 505 2557 est,
558 2488 619 2540 ut
660 2497 770 2559 pro
800 2473 1075 2541 facultate
1108 2481 1356 2559 quisque
1385 2482 1748 2541 monimentis
1793 2480 1888 2540 vel
1921 2481 2091 2540 novis
2121 2478 2218 2539 vel
2317 2478 2359 2503 “
2387 2481 2420 2495 ““
2479 2477 2501 2488 ‘

196 2564 436 2626 refectis
487 2574 546 2624 et
596 2564 846 2625 excultis
886 2564 1087 2641 urbem
1140 2564 1509 2625 adornarent.
1599 2565 1895 2651 Multaque
1949 2582 2002 2623 a
2025 2563 2264 2645 multis:
2315 2601 2320 2609 -

196 2656 327 2707 tunc
366 2657 633 2709 extructa
679 2657 841 2727 sunt,
888 2650 1037 2709 sicut
1082 2666 1115 2709 a
1144 2648 1370 2709 Marcio
1407 2649 1680 2729 Philippo
1725 2648 1906 2709 aedes
1945 2648 2250 2710 Herculis

194 2730 512 2809 Musarum,
557 2751 588 2793 a
617 2733 679 2793 15.
714 2731 1031 2793 Cornificio
1074 2733 1252 2793 aedes
1288 2732 1540 2811 Dianae,
1587 2734 1658 2793 ab
1702 2734 1908 2792 Asinio
1947 2726 2216 2796 Pollione

196 2809 397 2875 atrium
442 2812 788 2895 Libertatis,
832 2834 871 2877 a
903 2817 1161 2879 Munatio
1204 2817 1425 2878 Planco
1467 2780 1644 2877 ae’des
1689 2816 1946 2892 Saturni,
1991 2833 2024 2875 a
2071 2814 2214 2877 Cor-

125 2918 179 2957 30
200 2895 359 2958 nelio
394 2899 577 2961 Balbo
596 2864 929 2979 theatrum,
964 2920 995 2961 a
1036 2902 1265 2961 Statilio
1292 2901 1485 2962 Tauro
1519 2900 2030 2980 amphitheatrum,
2073 2918 2106 2960 a
2135 2898 2212 2960 Μ.

193 3000 339 3043 vero
370 2984 641 3064 Agrippa
674 2986 973 3065 complura
1007 2993 1066 3045 et
1100 2982 2232 3064 egregia.)

316 3069 577 3146 Spatium
606 3069 811 3129 urbis
794 3090 850 3130 ιιι
878 3072 1159 3148 regiones
1191 3070 1477 3149 vicosque
1511 3068 1708 3129 divisit
1738 3068 2122 3146 instituitque,
2153 3076 2297 3137 ut30

194 3148 324 3211 illas
356 3155 527 3213 annui
550 3156 919 3231 magistratus
950 3154 1158 3215 sortito
1189 3161 1519 3230 tuerentur,
1551 3154 1660 3214 hos
1683 3152 1940 3229 magistri
1976 3169 2008 3210 e
2035 3150 2210 3230 plebe

199 3236 474 3315 cuiusque
511 3239 761 3299 viciniae
794 3238 953 3298 lecti.
1026 3237 1328 3298 Adversus
1371 3236 1638 3298 incendia
1669 3235 1951 3297 excubias
1981 3244 2210 3297 noctur-

128 3334 178 3376 ιι
198 3334 300 3377 nas
336 3320 668 3400 vigilesque
720 3333 1075 3384 commentus
1122 3330 1241 3392 est;
1288 3321 1360 3381 ad
1405 3320 1766 3383 coercendas
1809 3307 2212 3383 inundationes

200 3400 423 3462 alveum
454 3404 687 3465 Tiberis
719 3405 934 3467 laxavit
968 3426 1037 3467 ac
1068 3406 1446 3485 repurgavit,
1492 3406 1839 3485 completum
1878 3405 2013 3464 olim
2044 3404 2211 3465 rude-

196 3483 353 3545 ribus
394 3496 453 3547 et
494 3487 888 3550 aedificiorum
943 3490 1374 3570 prolationibus
1426 3497 1762 3551 coartatum
1840 3489 1970 3565 Quo
2023 3498 2212 3549 autem

194 3566 423 3631 facilius
470 3570 723 3651 undique
777 3574 911 3635 urbs
960 3574 1243 3652 adiretur,
1297 3572 1600 3653 desumpta
1645 3573 2078 3719 “iffimaminia
2117 3574 2212 3632 via
