2700 4234
465 328 1022 379 DEPERDITORUM
1064 327 1430 377 mmmmm
1478 330 1881 390 RELIQUIAE.
2058 318 2175 379 301

171 490 410 569 propius
459 502 664 546 causas
705 482 991 544 liburnica
1033 484 1498 561 praetendisset,
1570 502 1683 543 nec
1742 484 2182 545 adversantibus

170 572 359 633 ventis
397 586 660 629 remeare
685 577 923 647 posset,
955 567 1012 626 vi
1045 566 1303 645 pulveris
1329 584 1399 627 ac
1429 566 1667 627 favillae
1706 585 2027 646 oppressus
2068 576 2180 645 est,

172 655 270 716 vel
293 664 353 714 ut
366 653 594 733 quidam
621 654 994 711 existimanta
1021 668 1196 711 servo
1227 668 1335 711 suo
1366 652 1620 725 occisus,
1654 669 1827 729 quem
1853 660 2019 711 aestu
2037 651 2181 711 deii-

36 788 38 811 ;
175 741 336 799 ciens
369 747 428 797 ut
459 754 664 797 necem
686 734 796 794 sibi
819 743 1134 794 maturaret
1165 744 1454 794 oraverat.
1516 732 1621 795 Ea>
1654 732 2182 796 librisNatur-alis

36 816 39 901 l
127 821 474 884 shistoriae
503 819 694 881 Plinii
719 818 902 880 Sacc.
948 815 1044 877 XI
1049 815 1305 878 -XV.
1348 864 1363 877 .
1403 864 1417 878 .
1462 818 1553 877 De
1586 818 1701 878 hoc
1742 819 1927 878 refert
1972 820 2182 879 Sueto-

36 902 39 931 *
175 908 300 966 nius
333 903 700 982 Tranquillus
747 903 904 982 quod
932 902 1106 962 valde
1129 903 1364 961 miratur
1390 902 1573 960 virum
1603 901 1943 963 militaribus
1974 902 2185 963 officiis

177 990 428 1051 deditum
457 996 612 1048 tanta
637 1004 997 1065 ‘componere
1034 986 1295 1064 potuisse
1328 987 1498 1045 etiam
1529 988 1755 1046 ratione
1788 988 1973 1056 vitae3
2036 1004 2185 1061 nam,

175 1083 238 1133 ut
267 1073 405 1133 dicit
432 1072 583 1132 idem
613 1071 923 1131 Suetonius
953 1070 1011 1129 in
1037 1068 1188 1129 libro
1219 1068 1291 1128 de
1319 1068 1476 1127 Viris
1501 1068 1842 1147 illustribuS,
1876 1070 2007 1131 dum
2036 1070 2189 1130 idem

175 1158 394 1217 Plinius
423 1156 692 1231 legiones
721 1156 779 1213 in
810 1154 1065 1214 Siciliam
1095 1153 1372 1229 duceret,
1412 1155 1718 1231 eruptione
1751 1154 2073 1215 favillarum
2116 1153 2186 1213 ab

109 1258 158 1300 ιο
180 1241 368 1300 Aetna
397 1239 773 1299 eructantium
806 1237 1179 1315 praefocatus
1224 1236 1438 1296 interiit
1467 1253 1613 1295 anno
1644 1240 1799 1297 vitae
1843 1257 1983 1298 suae
2029 1238 2187 1317 quin-

182 1321 522 1401 quagesimo
567 1332 736 1381 sexto
784 1330 841 1381 et
881 1322 940 1379 in
977 1322 1176 1381 Sicilia
1209 1320 1535 1380 tumulatur.
1610 1318 1835 1382 Brevis
1866 1320 2190 1382 adnotatio

183 1407 260 1467 de
296 1405 538 1467 duobus
565 1404 784 1466 Plintis
813 1451 827 1465 .
849 1452 863 1465 .
884 1450 898 1463 .
929 1404 1190 1466 collecta
1226 1422 1340 1482 per
1372 1400 1666 1465 Ioannem
1692 1404 2193 1468 Mansionarium

191 1489 594 1551 Veronensem
622 1491 820 1569 (anno
848 1487 1096 1549 circiter
1124 1484 1296 1569 1313)
1341 1486 1515 1566 apud
1543 1488 1951 1550 Rezzom’cum
1984 1498 2015 1549 1
2043 1508 2112 1570 p.
2134 1497 2188 1553 7.

322 1574 412 1624 His
459 1574 702 1624 librorum
749 1574 823 1623 de
877 1574 1066 1623 Viris
1115 1572 1504 1635 illustribus
1550 1573 1777 1637 reliquiis
1810 1575 1959 1623 certis
2006 1574 2192 1624 addere

111 1656 168 1699 15
185 1653 437 1707 tamquam
470 1658 563 1708 per
599 1651 822 1693 saturam
855 1642 976 1692 libet
1015 1641 1288 1707 particulas
1331 1642 1523 1704 aliquot
1558 1640 1818 1703 Chronici,
1863 1656 1989 1705 quas
2026 1650 2193 1691 utrum

36 1708 38 1711 ’
187 1712 428 1762 Suetonio
463 1726 530 1760 an
569 1711 657 1760 alii
695 1712 866 1775 potius
901 1710 1135 1775 scriptori
1170 1709 1356 1759 debere
1377 1708 1719 1773 Hieronymus
1744 1710 1989 1760 dicendus
2025 1711 2091 1760 sit
2117 1710 2169 1758 di

187 1796 334 1830 verse
361 1780 522 1829 doctis
543 1780 712 1829 visum
737 1787 830 1828 est.

313 1846 576 1921 Nigidius
605 1845 878 1924 FiguluS,
911 1844 1332 1921 Pythagoricus
1360 1854 1419 1905 et
1448 1862 1684 1923 magus,
1727 1847 1783 1905 in
1814 1846 1992 1906 exilio
2015 1846 2193 1912 ,mori-

189 1941 284 1990 tur
317 1946 378 1989 a.
413 1936 538 1987 709.
565 1936 693 1988 710.

112 2040 169 2080 20
320 2013 558 2071 Servius
589 2010 878 2090 Sulpicius
909 2012 1046 2070 iuris
1078 2012 1377 2072 consultus
1412 2021 1469 2072 et
1488 2012 1561 2075 P.
1594 2013 1879 2073 Servilius
1906 2012 2197 2075 Isauricus

189 2095 432 2177 publico
463 2094 667 2154 funere
705 2096 842 2156 elati
871 2113 932 2155 a.
969 2103 1098 2157 710.

313 2179 580 2239 Artorius
630 2179 890 2240 medicus
926 2177 1173 2256 Augusti
1205 2187 1339 2257 post
1369 2179 1669 2240 Actiacam
1710 2179 2015 2239 victoriam
2060 2198 2195 2241 nau·

190 2263 380 2340 fragio
417 2262 660 2342 perita.
698 2270 834 2323 725.
870 2270 1008 2323 726.

318 2346 634 2407 Anaxilaus
680 2345 1054 2423 Larissaeus,
1095 2344 1519 2423 Pythagoricus
1566 2355 1625 2405 et
1665 2363 1903 2423 magus,
1962 2345 2035 2405 ab
2084 2345 2200 2405 Au·

117 2459 172 2499 25
195 2440 370 2509 gusto
409 2430 554 2490 urbe
584 2428 867 2508 Italiaque
901 2428 1137 2507 pellitur
1168 2446 1228 2489 a.
1267 2437 1403 2490 726.

322 2513 571 2588 Pylades
621 2509 804 2589 Cilix,
849 2513 1258 2590 pantomimus,
1322 2531 1452 2573 cum
1493 2522 1732 2573 veteres
1773 2513 1885 2592 ipsi
1929 2523 2204 2573 canerent

195 2608 369 2676 atque
403 2597 714 2671 saltarent,
747 2596 965 2675 primus
997 2596 1218 2657 Romae
1251 2596 1487 2657 chorum
1520 2606 1579 2657 et
1606 2596 1852 2658 fistulam
1884 2596 1995 2657 sibi
2036 2615 2203 2676 prae-

196 2684 395 2743 cinere
424 2680 565 2740 fecit
593 2698 652 2741 a.
685 2688 814 2741 732.
851 2688 978 2742 733.

321 2766 560 2824 Servius
603 2764 854 2824 Plautius
900 2764 1020 2843 [al.
1069 2765 1338 2844 Plautus]
1401 2767 1656 2844 corrupti
1699 2765 1800 2825 filii
1848 2782 1985 2825 reus
2021 2774 2208 2825 semet

120 2870 174 2913 so
194 2851 252 2909 in
282 2847 494 2908 iudicio
527 2847 794 2915 interficit
825 2865 885 2908 a.
921 2856 1053 2908 777.

322 2931 516 2992 lunius
548 2928 766 3008 Gallio,
800 2931 982 2991 frater
1013 2933 1307 3011 Senecae,
1354 2934 1632 3011 egregius
1679 2932 2037 2993 declamator
2069 2950 2206 3012 pro·

191 3018 326 3096 pria
357 3033 424 3074 se
465 3032 631 3075 manu
668 3016 959 3075 interfecit
991 3033 1051 3075 a.
1089 3024 1223 3077 817.
1255 3024 1391 3077 818.
2212 3091 2215 3093 v

174 3160 178 3167 ,
321 3097 386 3158 L.
432 3099 706 3158 Annaeus
741 3099 1014 3175 Seneca,
1056 3096 1489 3177 CordubensiS,
1550 3108 1909 3179 praeceptor
1958 3098 2209 3161 Neronis

198 3192 258 3243 et
292 3191 529 3261 patruus
559 3181 774 3241 Lucani
810 3192 1024 3261 poetae
1049 3185 1332 3243 incisione
1362 3202 1637 3245 venarum
1665 3193 1723 3244 et
1746 3200 1975 3244 veneno
2002 3184 2210 3245 hausto

124 3290 176 3331 35
199 3266 376 3346 periit
427 3284 486 3326 a.
541 3272 656 3327 818
690 3311 704 3325 .
740 3312 753 3326 .
787 3312 800 3325 .
843 3267 1007 3327 Sotio
1080 3267 1463 3346 philosophus
1515 3266 1976 3345 AlexandrinuS,
2040 3286 2211 3347 prae-
2276 3314 2279 3317 -

202 3358 413 3429 ceptor
443 3351 741 3426 Senecae,
774 3350 966 3410 clarus
1009 3350 1254 3411 habetur
1285 3369 1344 3412 a.
1382 3359 1519 3413 765.
1555 3360 1688 3412 766.

329 3432 391 3496 L.
426 3436 700 3493 Annaeus
731 3432 947 3509 Melas,
981 3434 1246 3495 Senecae
1284 3434 1469 3495 frater
1499 3444 1557 3495 et
1591 3434 1893 3511 GallioniS‚
1925 3436 2077 3496 bona
2106 3437 2213 3496 Lu-

203 3518 333 3576 cani
365 3526 578 3593 poetae
607 3516 707 3576 filii
738 3519 826 3577 sui
856 3535 886 3576 a
917 3516 1151 3578 Nerone
1169 3528 1549 3597 promeretur
1580 3535 1640 3578 a.
1678 3526 1809 3578 821.
1842 3526 1977 3580 822.

336 3599 499 3659 Titus
530 3598 851 3661 Musonium
883 3600 1092 3661 Rufum
1116 3602 1188 3662 de
1223 3603 1401 3662 exilio
1434 3611 1675 3663 revocat
1704 3617 1763 3662 a.
1800 3610 1929 3663 833.
