2700 4234
899 273 1109 322 mvus
1142 273 1638 322 VESPASIANUS.
2142 263 2260 324 231

265 435 341 492 ita
372 429 779 510 pronuntiavit,
806 446 933 489 non
962 435 1251 506 oportere
1276 426 1572 489 maledici
1595 428 2032 506 senatoribus,
2065 447 2264 492 rema·

269 514 451 576 ledici
480 511 663 574 civile
688 511 919 592 fasque
948 529 1107 572 esse.
2067 549 2070 552 -

387 598 591 658 Litium
650 598 837 657 series
886 595 1101 674 ubique
1150 596 1428 656 maiorem
1480 597 1538 656 in
1585 595 1814 657 modum
1860 607 2262 676 excreverant,
2285 606 2352 658 10

266 681 621 742 manentibus
662 681 911 758 antiquis
944 679 1383 758 intercapedine
1418 680 1555 739 iuris
1599 679 1899 758 dictioniS,
1937 681 2262 742 accedenti-

222 775 247 816 ὅ
268 767 375 826 bus
402 767 566 826 novis
596 782 675 826 ex
704 763 1053 825 condicione
1085 762 1442 843 tumultuque
1475 772 1828 843 temporum;
1878 775 2036 825 sorte
2081 766 2265 843 elegit

267 869 375 930 per
410 865 557 929 quos
586 858 753 928 rapta
780 848 941 908 bello
982 849 1456 924 restituerentur,
1507 851 1718 928 quique
1758 848 1967 909 iudicia
2011 860 2260 910 centum-

266 934 488 1010 viralia,
522 933 729 1011 quibus
762 931 1116 1012 peragendis
1146 933 1246 991 vix
1275 933 1589 993 suffectura
1623 933 1982 1010 litigatorum
2025 933 2260 994 videba-

265 1027 357 1078 tur
384 1025 578 1093 aetaS,
610 1025 773 1076 extra
806 1015 1067 1078 ordinem
1100 1015 1480 1078 diiudicarent
1516 1015 1972 1096 redigerentque
2015 1016 2086 1078 ad
2128 1017 2260 1078 bre-

264 1118 561 1161 vissimum
590 1118 905 1160 numerum.
2158 1167 2163 1172 ⁸

198 1195 249 1236 ιο
390 1182 595 1244 Libido
627 1193 800 1262 atque
832 1183 1057 1244 luxuria
1099 1192 1420 1243 coercente
1463 1183 1621 1243 nullo
1663 1183 2018 1254 invaluerat;
2058 1193 2263 1245 auctor
2281 1198 2344 1250 11

266 1268 489 1328 senatui
512 1267 639 1326 'fuit
684 1266 1070 1343 decernendi,
1116 1275 1177 1326 ut
1222 1283 1371 1346 quae
1415 1285 1482 1326 se
1523 1266 1718 1328 alieno
1757 1285 1934 1328 servo
1965 1269 2263 1346 iunxisset,

266 1352 473 1414 ancilla
516 1351 858 1420 haber-etum
903 1369 1056 1410 neve
1101 1350 1348 1411 filiorum
1407 1351 1746 1412 familiarum
1795 1351 2262 1412 foeneratoribus

266 1436 539 1513 exigendi
571 1435 822 1495 crediti
804 1453 892 1496 ius
928 1452 1193 1548 umquam
1225 1443 1413 1511 esset,
1455 1435 1570 1494 hoc
1615 1444 1707 1496 est
1749 1453 1824 1494 ne
1867 1445 2002 1515 post
2041 1445 2263 1516 patrum

268 1519 494 1599 quidem
522 1529 787 1580 mortem.

199 1619 247 1660 ιο
386 1601 666 1664 Ceteris
649 1622 707 1662 ιιι
731 1603 907 1663 rebus
940 1605 1129 1664 statim
1156 1601 1229 1664 ah
1258 1603 1421 1663 initio
1447 1603 1816 1681 principatus
1831 1620 2018 1681 usque
2047 1602 2119 1663 ad
2143 1605 2261 1664 exi-

267 1697 383 1747 tum
416 1687 601 1746 civilis
632 1697 691 1747 et
722 1686 999 1763 clemenS,
1028 1687 1489 1748 mediocritatem
1520 1687 1817 1766 pristinam
1860 1703 2052 1765 neque
2098 1687 2260 1748 dissi·
2287 1695 2349 1747 12

267 1771 504 1831 mulavit
532 1787 795 1850 umquam
826 1789 895 1831 ac
926 1771 1267 1850 frequenter
1312 1773 1486 1831 etiam
1529 1788 1672 1849 prae
1715 1789 1783 1830 se
1823 1770 1968 1831 tulit.
2020 1770 2170 1846 Quin
2205 1780 2266 1831 et

272 1857 533 1916 conantis
566 1854 847 1934 quosdam
873 1856 1158 1932 originem
1180 1854 1365 1915 Flavii
1395 1856 1633 1932 generis
1655 1853 1728 1914 ad
1751 1854 2262 1915 conditores-Rea·

267 1941 421 2000 tinos
455 1940 839 2017 comitemque
868 1937 1171 2017 Herculis,
1214 1941 1375 1998 cuius
1404 1939 1810 1998 monimentum
1851 1947 2011 1998 extat
2042 1937 2263 1999 Salaria

193 2024 393 2100 aevia,
441 2022 667 2082 referre
708 2023 887 2082 irrisit
916 2023 1089 2084 ultro.
1163 2022 1452 2102 Adeoque
1488 2022 1624 2082 nihil
1655 2032 2121 2092 ornamentorum
2165 2041 2263 2082 ex-

180 2136 203 2158 ·
262 2109 552 2182 trinsecus
584 2107 792 2186 cupide
825 2107 1126 2186 appetivit,
1158 2117 1221 2167 ut
1251 2107 1519 2185 triumphi
1554 2107 1647 2166 die
1688 2108 1962 2184 fatigatus
1991 2105 2266 2166 »tarditate

266 2200 325 2250 et
354 2190 548 2251 taedio
582 2208 833 2270 pompae
863 2207 981 2251 non
1011 2191 1342 2268 reticuerit,
1385 2193 1604 2252 merito
1644 2207 1714 2250 se
1749 2190 1972 2268 plecti,
2021 2190 2128 2269 qui
2153 2190 2262 2250 tri-

264 2271 573 2353 umphum,
606 2276 791 2354 quasi
816 2281 927 2334 aut
952 2274 1221 2336 debitum
1244 2273 1594 2336 maioribus
1627 2274 1764 2334 suis
1804 2281 1914 2335 aut
1947 2279 2266 2352 speratum

262 2375 554 2436 umquam
582 2355 726 2433 sibi,
759 2365 886 2418 tam
918 2358 1123 2437 inepte
1148 2377 1341 2420 aenea>
1375 2359 1784 2437 concupisset.
1873 2358 1965 2418 Ac
1992 2376 2066 2417 ne
2088 2357 2263 2416 tribu-

192 2461 251 2502 25
266 2442 477 2501 niciam
506 2440 737 2519 quidem
770 2451 1119 2519 potestatem
1143 2443 1178 2480 '¹‘
1208 2444 1391 2522 patris
1430 2445 1650 2522 patriae
1679 2442 2134 2522 appellationem
2157 2441 2264 2500 nisi

268 2541 407 2586 sero
440 2526 686 2604 recepit.
756 2523 901 2586 Nam
943 2527 1423 2588 consuetudinem
1463 2525 1758 2588 scrutandi
1801 2526 2117 2586 salutantes
2147 2543 2262 2586 ma-

266 2616 440 2669 nente
474 2608 660 2671 adhuc
688 2607 849 2670 bello
880 2610 1036 2671 civili
1070 2613 1366 2672 omiserat.

392 2691 725 2752 Amicorum
768 2693 1121 2772 libertatem,
1168 2694 1592 2756 causidicorum
1627 2695 1845 2771 figuras
1891 2710 1960 2754 ac
2007 2661 2263 2772 philoso-
2284 2703 2350 2756 13

266 2775 511 2855 phorum
560 2779 974 2838 contumaciam
1019 2778 1314 2840 lenissime
1381 2779 1526 2839 tulit.
1615 2777 1887 2838 Licinium
1942 2776 2266 2837 Mucianum

187 2871 247 2913 3⁰
266 2868 445 2920 notae
481 2859 894 2939 impudicitiae,
930 2861 1034 2922 sed
1066 2865 1398 2923 meritorum
1433 2861 1640 2922 fiducia
1670 2862 1852 2920 minus
1876 2862 1962 2919 sui
1989 2878 2263 2922 reveren-

263 2953 415 3018 tem,
446 2961 751 3022 numquam
784 2946 894 3004 nisi
940 2945 1087 3006 clam
1130 2955 1189 3006 et
1228 2947 1510 3008 hactenus
1550 2955 1823 3005 retaxare
1867 2945 2158 3020 sustinuit,
2205 2952 2267 3003 ut

265 3027 419 3107 apud
456 3043 813 3088 communem
852 3028 1100 3108 aliquem
1146 3032 1391 3091 amicum
1433 3043 1730 3108 querens
1749 3027 1990 3089 adderet
2039 3027 2262 3088 clausu-

264 3111 412 3171 lam:
464 3107 601 3212 Ερρ
634 3119 838 3174 tamen
858 3113 960 3172 vir
982 3131 1135 3174 sum.
1202 3114 1460 3175 Salvium
1481 3113 1854 3173 Liberalem
1840 3130 1897 3171 ιιι
1922 3112 2265 3172 defensione

267 3194 461 3254 divitis
490 3197 576 3254 rei
608 3212 805 3256 ausum
832 3196 1064 3258 dicere:
1080 3197 1268 3298 quid·
1270 3198 1360 3258 ad
1381 3196 1742 3274 Caesarem,
1775 3196 1836 3256 si
1861 3193 2266 3275 Hipparchus

191 3278 616 3339 ³⁶·Sestertt‘um
648 3281 847 3341 milies
884 3279 1112 3350 habet?
1152 3291 1211 3342 et
1253 3284 1382 3362 ipse
1424 3280 1697 3342 laudavit.
1753 3281 2107 3341 Demetrium
2152 3278 2262 3354 Gy-

264 3362 458 3422 nicum
503 3364 561 3422 in
598 3365 807 3424 itinere
848 3365 1079 3424 obvium
1132 3365 1244 3425 sibi
1285 3373 1422 3444 post
1472 3365 1930 3442 damnationem,
1975 3383 2045 3425 ac
2074 3380 2266 3442 neque

266 3463 583 3522 assurgere
624 3465 815 3526 neque
858 3448 1111 3510 salutare
1153 3469 1218 3508 se
1260 3449 1620 3527 dignantem,
1665 3449 2048 3514 oblatrantem
2094 3449 2266 3508 etiam

266 3529 479 3588 nescio
509 3531 667 3609 quid,
706 3533 849 3593 satis
882 3531 1079 3593 hahuit
1110 3551 1360 3593 canem
1391 3533 1715 3612 appellare.
