2700 4234
916 295 1126 343 mVUs
1161 295 1536 345 AUGUSTUS.
1970 251 1982 262 ’
2166 287 2247 348 63

253 475 319 516 ac
359 451 689 514 nominatim
737 451 1019 528 singulos·
1044 449 1203 509 nullo
1250 448 1665 520 submonente;
1728 453 1897 511 etiam
1941 451 2249 512 discedens

252 538 451 598 eodem
497 535 670 597 modo
709 534 1044 595 sedentibus
1081 533 1283 593 valere
1325 533 1573 594 dicebat.
1644 533 1852 595 Officia
1895 553 2020 594 cum
2056 535 2247 596 multis

247 631 436 682 mutuo
471 621 766 696 exercuit,
811 637 923 678 nec
954 619 1112 716 prin-s
1145 616 1268 676 dies
1300 619 1579 715 cuiusque
1622 618 1940 679 sollemnes
1976 619 2245 699 frequen·

245 716 364 765 tare
396 704 596 780 desiit,
633 721 801 782 quam
831 701 1037 779 grandi
1071 701 1178 761 iam
1209 710 1343 761 natu
1378 709 1437 760 et
1468 702 1526 760 in
1558 701 1722 763 turha
1756 702 2038 780 quondam
2070 720 2244 801 spon-

242 788 516 848 saliorum
558 749 652 846 die
692 794 954 846 vexatus.
1039 784 1261 846 Gallum
1309 783 1628 845 Terrinium
1681 795 2010 846 senatorem
2064 788 2247 847 minus

241 872 349 931 sibi
386 871 764 946 familiarem,
806 869 911 930 sed
957 878 1185 948 captum
1222 878 1467 946 repente
1513 869 1699 929 oculis
1742 879 1800 929 et
1842 870 1919 930 ob
1962 869 2019 928 id
2056 869 2244 930 inedia

238 957 379 1016 mori
414 955 795 1014 destinantem
823 971 1106 1031 praesens
1141 953 1499 1012 consolando
1527 955 1829 1013 revocavit
1860 953 1931 1014 ad
1962 956 2157 1015 vitam.

361 1037 426 1098 In
459 1046 674 1098 senatur
692 1035 873 1096 verba
900 1037 1133 1096 facienti
1165 1036 1377 1096 dictum
1414 1045 1530 1099 est:
1566 1035 1708 1098 Non
1746 1037 2049 1114 intellexi,
2083 1047 2141 1097 et
2173 1036 2244 1096 ab
2262 1049 2329 1102 54

240 1123 384 1183 alio:
433 1119 942 1182 Contradicerem
973 1118 1112 1197 tibi,
1143 1119 1202 1181 si
1228 1119 1429 1180 locum
1458 1119 1766 1181 haberem.
1846 1083 2136 1181 Interdum
2168 1121 2245 1180 eb

175 1221 222 1260 ιο
241 1205 576 1266 1mmod10as
629 1205 1070 1283 disceptantium
1114 1203 1575 1265 altercationes
1572 1224 1605 1264 e
1646 1206 1801 1265 curia
1844 1223 1953 1284 per
1991 1207 2132 1265 iram
2180 1223 2246 1264 se

241 1280 584 1368 proripienti
621 1287 847 1367 quidam
877 1289 1278 1366 ingesserunt,
1311 1287 1497 1349 licere
1526 1295 1813 1366 oportere
1849 1287 2248 1350 senatoribus

239 1373 316 1432 de
344 1390 415 1432 re
439 1388 508 1450 p.
563 1371 748 1450 loqui.
815 1369 1100 1431 Antistius
1143 1370 1339 1431 Labeo
1390 1381 1625 1432 senatus
1654 1372 1943 1449 lectione,
1989 1392 2116 1433 cum
2159 1373 2247 1431 vir

235 1457 418 1515 virum
448 1455 711 1532 legeret,
743 1454 820 1514 M.
853 1454 1128 1534 Lepidum
1154 1454 1383 1514 hostem
1417 1454 1553 1515 olim
1589 1457 1712 1515 eius
1746 1466 1804 1516 et
1842 1466 1978 1516 tunc
2009 1457 2244 1516 exulan-

235 1549 348 1600 tem
394 1539 583 1617 legit,
633 1540 1137 1616 interrogatusque
1183 1538 1254 1598 ab
1307 1555 1381 1598 eo
1430 1557 1502 1598 an
1544 1549 1741 1599 essent
1780 1540 1876 1598 alii
1921 1541 2244 1616 digniores,

174 1644 218 1683 15
237 1641 409 1684 suum
444 1638 744 1702 quemque
771 1621 1063 1682 iudicium
1092 1621 1325 1682 habere
1353 1622 1675 1699 respondit.
1741 1622 1868 1682 Nec
1900 1624 2033 1683 ideo
2073 1623 2243 1682 liber-

239 1717 326 1767 tas
359 1714 457 1766 aut
488 1707 854 1766 contumacia
883 1706 1073 1766 fraudi
1103 1708 1364 1785 cuiquam
1394 1706 1515 1787 fuit.
1577 1705 1765 1766 Etiam
1802 1723 2045 1785 sparsos
2078 1707 2149 1766 de
2179 1724 2243 1765 se
2260 1721 2327 1773 55

236 1792 289 1849 in
321 1791 480 1850 curia
530 1789 790 1850 famosos
830 1788 1068 1850 libellos
1106 1808 1217 1849 nec
1263 1779 1501 1868 expavit
1541 1798 1600 1849 et
1636 1807 1846 1867 magna
1882 1809 2019 1850 cura
2049 1789 2242 1850 redar-

235 1876 354 1950 guit
399 1891 469 1933 ac
519 1891 597 1932 ne
636 1873 929 1951 requisitis
979 1874 1206 1952 quidem
1247 1873 1611 1950 auctoribus,
1667 1873 1725 1934 id
1776 1873 1949 1934 modo
2002 1874 2243 1949 censuit,

239 1955 720 2054 cognoscendum
745 1956 990 2034 posthac
1017 1957 1090 2016 de
1118 1959 1221 2033 iis,
1255 1957 1350 2035 qui
1386 1956 1619 2018 libellos
1648 1967 1744 2018 aut
1777 1960 2028 2019 carmina
2058 1957 2179 2018 ad
2162 1975 2243 2016 m-

173 2053 220 2093 20
239 2040 462 2101 famiam
493 2041 811 2118 cuiuspiam
839 2039 945 2100 suh
977 2041 1168 2100 alieno
1199 2043 1425 2101 nomine
1458 2041 1647 2102 edant.

357 2123 517 2184 Iocis
554 2141 782 2202 quoque
807 2124 1160 2203 quorundam
1188 2125 1488 2185 invidiosis
1516 2134 1612 2185 aut
1636 2125 2028 2204 petulantibus
2054 2126 2241 2186 laces·
2260 2128 2329 2185 56

239 2209 406 2283 situS,
439 2203 790 2268 contradixit
820 2209 1030 2268 edicto.
1089 2207 1164 2267 Et
1196 2217 1386 2268 tamen
1410 2226 1482 2266 ne
1505 2209 1578 2269 de
1601 2209 1909 2268 inhibenda
1936 2217 2240 2268 testamen-

239 2299 418 2350 torum
441 2291 679 2350 ltcentla
707 2292 1010 2370 quicquam
1033 2293 1513 2368 constitueretur,
1544 2292 1895 2352 intercessit.
1959 2293 2243 2368 Quotiens

238 2375 669 2453 magistratuum
701 2375 948 2436 comitiis
975 2377 1314 2453 interesset,
1360 2375 1541 2435 trihus
1587 2393 1713 2436 cum
1757 2375 2072 2440 candidatis
2123 2377 2242 2435 suis

177 2475 224 2513 25
244 2457 520 2517 circuibat
551 2458 1032 2538 supplicabatque
1061 2477 1223 2520 more
1252 2421 1535 2519 sollemni.
1595 2459 1850 2520 Fen-ebat
1880 2469 1938 2519 et
1965 2460 2096 2538 ipse
2126 2459 2240 2518 suf-

241 2541 479 2618 fragium
519 2543 578 2600 in
622 2541 806 2620 tribu,
847 2552 908 2602 ut
948 2562 1092 2603 unus
1138 2561 1171 2602 e
1217 2543 1458 2623 populo,
1537 2543 1771 2604 Testem
1812 2563 1877 2603 se
1918 2545 1976 2602 in
2015 2543 2241 2606 iudicils

243 2631 298 2682 et
327 2625 679 2702 interrogari
721 2635 781 2685 et
822 2625 1045 2703 refelli,
1090 2627 1444 2704 aequissimo
1491 2629 1675 2688 anImo
1724 2627 2067 2707 patiebatur.
2125 2626 2239 2687 Fo-

241 2725 357 2766 rum
407 2710 710 2787 angustius
759 2709 928 2786 fecit,
991 2729 1108 2770 non
1154 2729 1326 2770 ausus
1379 2721 1731 2789 extorquere
1793 2711 2241 2790 possessoribus

245 2793 532 2866 proximas
563 2792 787 2852 domos.
840 2793 1168 2872 Numquam
1197 2794 1353 2854 filios
1382 2811 1519 2853 suos
1551 2793 1774 2872 populo
1820 2794 2242 2878 commendavit

182 2880 228 2920 30
247 2881 305 2931 ut
331 2891 444 2935 non
476 2876 764 2937 adiceret.
813 2875 888 2936 Si
912 2877 1320 2938 merebuntur
1386 2876 1623 2936 Eisdem
1650 2869 2029 2956 praetextatis
2057 2876 2241 2936 adhuc

247 2968 629 3020 assurrectum
659 2960 731 3020 ab
774 2962 1061 3021 universis
1097 2962 1155 3021 in
1197 2962 1425 3021 theatro
1468 2969 1525 3020 et
1573 2979 1605 3020 a
1646 2959 1924 3020 stantibus
1956 2960 2237 3039 plausum,

246 3043 582 3114 gravissime
629 3052 868 3122 questus
914 3053 1022 3105 est.
1093 3044 1332 3105 Amicos
1376 3046 1453 3106 ita
1492 3061 1736 3122 magnos
1782 3054 1840 3104 et
1884 3052 2155 3123 potentes
2184 3046 2241 3102 in

249 3123 472 3185 civitate
506 3145 642 3186 esse
669 3127 884 3206 voluit,
923 3138 983 3188 ut
1010 3137 1198 3189 tamen
1226 3130 1353 3208 pari
1398 3129 1523 3188 iure
1556 3137 1754 3189 essent
1798 3146 1912 3206 quo
1946 3128 2127 3188 ceteri
2158 3127 2240 3186 le-

250 3205 527 3287 gibusque
569 3211 881 3272 iudiciariis
922 3230 1109 3291 aeque
1150 3221 1505 3273 tenerentur.
1588 3210 1729 3272 Cum
1772 3211 2075 3292 Asprenas
2121 3210 2239 3271 No·

189 3297 236 3340 ³5
254 3290 370 3350 nius
420 3294 594 3354 artius
644 3297 698 3354 ei
749 3297 973 3356 iunctus
1027 3314 1256 3357 cansam
1306 3297 1605 3373 veneficii,
1663 3304 1974 3356 accusante
2032 3293 2237 3356 Cassio

255 3371 501 3453 Severo,
534 3378 775 3456 diceret,
806 3378 1093 3440 consuluit
1117 3387 1397 3456 senatum,
1432 3380 1581 3458 quid
1612 3378 1806 3457 officii
1823 3381 1925 3440 sui
1942 3386 2239 3459 putaret,-

256 3460 522 3520 cunctari
547 3461 703 3522 enim
733 3481 832 3541 se,
862 3481 941 3524 ne
974 3464 1034 3524 si
1058 3469 1441 3542 superesset,
1486 3463 1730 3543 eripere
1766 3463 2003 3544 legibus
2043 3480 2235 3536 reum,

251 3537 343 3598 sin
377 3541 636 3624 deesset,
667 3546 997 3609 destituere
1026 3565 1106 3609 ac
1124 3545 1595 3630 praedamnare
1626 3547 1886 3607 amicum
1921 3545 2234 3606 existima·
