2700 4234
971 298 1393 348 PRAEFATIO.
1898 254 1905 267 ¹
1957 304 2080 353 1⁴11

245 467 316 522 14
345 457 640 516 Scribonia
674 459 876 514 mcor&
901 458 1058 529 fiko,-
1086 476 1141 531 p.
1157 464 1282 529 266,
1314 464 1382 517 14
1412 462 1788 517 auctoritatem
1804 502 1821 531 ,
1856 466 1923 523 37
1950 462 2077 518 inde

245 544 464 601 callium
494 544 594 600 vel
626 542 755 598 inde
782 545 1067 605 carnium3
1107 560 1159 615 p.
1181 548 1306 613 268,
1345 551 1415 602 10
1442 545 1769 615 interrupto.

259 642 264 649 ·
375 628 491 684 Sed
524 632 757 699 praeter
792 643 860 682 ea
905 624 1078 695 vitia,
1127 627 1490 699 corruptione
1532 634 1593 683 ut
1641 628 1700 684 flt
1741 628 1908 685 latius
1954 646 2077 686 ser-

243 719 449 785 pente,
487 710 625 768 libri
660 710 991 767 Harleianus
1021 716 1079 765 et
1107 709 1389 767 Parisinus
1428 727 1551 767 eum
1594 707 1935 771 editionibus
1963 714 2077 770 Ve-

243 803 378 853 neta
416 802 476 850 et
523 794 648 850 fere
698 795 919 849 Incerta
958 794 1101 849 haee
1142 794 1348 850 habent
1382 796 1717 853 eommunia:
1768 796 2077 853 omiserunt

241 898 300 954 p.
338 886 481 951 259,
511 884 584 937 20
613 882 847 945 remoto,
878 894 937 949 p.
970 882 1108 947 261,
1138 883 1210 936 24
1237 884 1349 941 esu·
1390 879 1723 936 addiderunt
1751 897 1808 951 p.
1838 885 1977 952 268,
2005 887 2071 941 31

243 970 304 1019 et
330 969 459 1034 269,
490 969 556 1021 21
590 970 672 1025 et,-
701 966 968 1033 corrupte
997 960 1350 1033 seripserunt
1378 980 1435 1035 Ρ.
1468 969 1594 1033 260,
1624 968 1693 1023 23
1722 980 1833 1019 non
1862 964 2071 1035 Impen-

241 1051 394 1109 sius,·
440 1065 499 1120 p.
529 1051 629 1106 261
657 1086 675 1112 ,
704 1052 742 1107 8
779 1046 930 1101 omni
961 1059 1247 1108 sermone,-
1287 1064 1342 1119 Ρ.
1376 1052 1515 1117 262,
1548 1050 1615 1105 12
1645 1053 1769 1109 noto
1798 1049 1967 1103 celeri
1990 1054 2075 1118 et;

243 1149 302 1205 p.
337 1136 466 1202 267,
498 1137 561 1190 11
603 1131 857 1203 quamvis
881 1142 976 1193 se,-
1019 1146 1073 1202 p.
1111 1134 1236 1199 268,
1265 1134 1332 1187 21
1368 1131 1749 1194 ostendamus5
1782 1149 1838 1203 p.
1868 1136 1993 1203 270,
2009 1139 2075 1191 10

245 1216 622 1287 subtratoque.
711 1213 1078 1279 Tumnmltis
1128 1212 1274 1271 loeis
1317 1220 1427 1271 tam
1466 1214 1849 1271 Beroiinensis
1893 1217 2075 1273 codex

253 1305 315 1355 et
343 1298 557 1355 Veneta
588 1292 874 1371 editio⁸⁹),
910 1313 1072 1369 quam
1101 1296 1434 1355 Harieianus
1464 1304 1521 1354 et
1549 1298 1833 1357 Parisinus
1868 1299 2072 1370 codex,

249 1382 353 1455 qui
393 1388 619 1455 propter
659 1380 1081 1438 similitudinem
1119 1396 1228 1455 pro
1274 1397 1388 1439 uno
1432 1383 1627 1439 haberi
1670 1390 1937 1455 possunt,
1980 1385 2070 1440 vei

245 1482 361 1524 una
393 1481 514 1521 eun
557 1463 898 1523 editionibus
929 1466 1141 1522 Veneta
1173 1472 1229 1521 et
1258 1465 1472 1522 Incerta
1487 1460 1557 1542 ⁴⁰)
1587 1467 1679 1524 vel
1718 1468 1827 1523 soli
1842 1460 1909 1540 ⁴¹)
1942 1484 2072 1539 gra-

243 1549 515 1608 vissimos
547 1564 774 1607 errores
805 1548 1160 1604 admiserunt.

379 1634 533 1692 Satis
572 1633 1002 1690 demonstratum
1037 1647 1165 1689 esse
1195 1632 1439 1704 videtur,
1482 1633 1539 1689 id
1572 1634 1721 1705 quod
1747 1634 1954 1690 dooere
1984 1635 2071 1689 in-
2089 1646 2286 1690 nelibric
2306 1660 2386 1693 m·-

242 1718 527 1776 stituimus
547 1759 564 1788 ‚
607 1718 811 1775 nullan
853 1732 982 1773 esse
1012 1715 1351 1788 posterioris
1391 1716 1618 1788 generis
1662 1717 2069 1774 auctoritatem.
2093 1696 2387 1795 ¹¹⁰3¹gi¹¹ssm¹w

243 1804 479 1859 Restant
506 1801 720 1874 prioris
756 1799 1002 1857 familiae
1033 1800 1165 1858 libri
1201 1799 1348 1856 bene
1384 1802 1575 1858 collati
1606 1806 1755 1872 tres,
1785 1800 2073 1857 Leidensis

245 1886 536 1943 Gudianus
569 1890 629 1940 et
659 1883 981 1941 Florentina
1015 1883 1214 1953 editio,
1251 1883 1452 1955 quibus
1475 1901 1747 1957 quaenam
1775 1884 1920 1941 ratio
1952 1900 2075 1941 oum

243 1970 572 2043 posteriore
595 1983 806 2039 genere
837 1967 1152 2023 intercedat
1172 1974 1238 2023 ot
1265 1969 1543 2039 quomodo
1572 1970 1717 2025 inter
1747 1968 1943 2041 seipsi
1975 1986 2067 2025 eo·
2102 1994 2117 2007 ·

243 2057 520 2113 haereant
567 2052 679 2108 iam
707 2050 1006 2107 videndum
1035 2058 1136 2107 est.
1227 2051 1297 2107 Et
1327 2053 1642 2110 deteriores
1674 2052 1895 2124 quidem
1939 2052 2071 2109 libri

245 2154 372 2195 eum
414 2137 569 2193 nullo
599 2135 874 2193 bonorum
915 2128 1231 2210 saepiusss)
1263 2136 1590 2209 conspirant
1618 2152 1778 2209 quam
1810 2152 1932 2191 oum
1962 2136 2072 2191 Gu-

389 2335 486 2402 39)
521 2337 582 2389 E.
616 2352 661 2389 o.
699 2338 976 2389 omiserunt
1011 2353 1064 2403 p.
1104 2336 1234 2394 257,
1290 2334 1355 2384 15
1404 2336 1455 2383 in
1489 2332 1687 2391 urbem,
1739 2332 1803 2383 17
1840 2332 2073 2391 Palam,-

245 2423 295 2473 p.
324 2407 449 2466 265,
490 2405 549 2457 11
583 2404 882 2470 philosophi,
916 2404 986 2457 35
1011 2404 1240 2471 Anemo
1263 2406 1413 2453 etiam
1440 2403 1722 2452 insinuam
1746 2408 1857 2459 επις
1881 2416 1934 2467 p.
1950 2399 2070 2460 268,

251 2475 312 2527 18
345 2475 589 2526 maiorum
623 2484 672 2526 et
701 2490 889 2541 aequm,-
925 2474 1230 2525 addiderunt
1263 2486 1314 2536 p.
1354 2470 1475 2533 257,
1516 2470 1577 2522 21
1616 2477 1761 2527 sunt,-
1793 2485 1845 2536 p.
1880 2468 1999 2530 263,
2036 2466 2071 2520 3

245 2544 391 2605 idem,
421 2544 490 2596 14
517 2543 745 2602 diceban
781 2560 834 2611 p.
862 2542 992 2603 264,
1025 2542 1057 2592 3
1083 2543 1256 2593 aedem
1292 2548 1388 2591 eto.

380 2608 483 2674 40)
516 2610 762 2663 Omittunt
797 2628 842 2663 e.
883 2626 925 2662 e.
964 2610 1167 2677 inde-p.
1205 2608 1337 2669 260,
1372 2607 1469 2668 383
1506 2606 1708 2657 Romam
1745 2623 1796 2673 p.
1836 2604 1969 2667 261,
2010 2606 2071 2665 13

248 2682 487 2733 Humum
509 2696 563 2745 p.
586 2680 708 2743 261,
742 2680 844 2741 323
873 2679 1116 2746 praebent
1150 2695 1202 2746 p.
1225 2677 1344 2739 261,
1382 2680 1449 2729 22
1485 2678 1759 2739 exemplum
1793 2689 1885 2741 pro
1914 2675 2069 2737 filium

247 2760 340 2801 ete.
1576 2754 1584 2766 ‘

382 2817 484 2882 41)
535 2817 796 2883 Exemplis
843 2832 947 2869 non
1001 2832 1130 2884 opus
1179 2824 1273 2867 est.
1366 2816 1473 2866 Boe
1514 2822 1711 2865 tantum
1758 2814 2067 2873 demonstro,

248 2887 541 2938 Pax-isinum
578 2886 763 2937 librum
798 2884 1068 2938 Harleinno
1103 2886 1364 2949 aliquanto
1398 2884 1627 2950 peiorem
1669 2896 1802 2933 esse.
1876 2879 2068 2929 Parisi-

248 2970 345 3006 nus
381 2956 524 3007 enim
559 2953 736 3006 omisit·
763 2952 920 3005 baec:
956 2969 1013 3022 Ρ.
1048 2954 1169 3015 261,
1207 2953 1274 3005 25
1310 2962 1483 3015 notus,
1518 2967 1571 3019 p.
1610 2951 1730 3013 264,
1767 2951 1834 3003 22
1864 2949 2066 3010 Latine,

244 3041 297 3092 p.
337 3023 479 3086 265,
515 3022 586 3076 33
620 3025 926 3086 permansit,
961 3038 1016 3089 p.
1058 3022 1191 3075 266.
1223 3021 1288 3073 31
1327 3024 1559 3083 omnium,
1593 3037 1646 3088 p.
1678 3020 1808 3081 267,
1840 3020 1872 3070 7
1914 3019 2069 3069 donec

247 3094 419 3159 taedio
451 3094 528 3143 ad
556 3092 731 3143 studia
763 3107 822 3143 ae
853 3095 1080 3155 eontulit,
1122 3090 1190 3143 20
1221 3092 1495 3157 quaedam,
1531 3104 1581 3155 p.
1616 3087 1751 3149 270,
1791 3088 1853 3141 11
1892 3088 2070 3151 appel-

249 3164 350 3220 lat,-
398 3162 540 3213 idem
585 3168 824 3226 corrupte
859 3159 1063 3211 exhibet
1094 3175 1149 3226 p.
1183 3160 1309 3222 259,
1356 3158 1425 3211 35
1465 3160 1667 3222 patrio,
1716 3172 1768 3223 Ρ.
1814 3154 1948 3216 260,
2000 3151 2069 3205 30
2172 3204 2185 3209 ,

243 3233 570 3294 principia,
605 3244 661 3296 Ρ.
695 3226 826 3290 266,
865 3231 932 3279 27
961 3231 1120 3279 variis
1151 3244 1244 3289 ao,
1286 3244 1339 3294 p.
1368 3228 1496 3289 267,
1532 3226 1568 3278 6
1610 3226 1850 3277 Valerius
1876 3224 2069 3289 oucibus,

248 3314 298 3366 p.
333 3298 472 3362 270,
511 3298 548 3350 6
593 3300 829 3349 virorum.
907 3296 1100 3357 Quibus
1129 3298 1268 3349 vitiis
1303 3297 1565 3356 omnibus,
1622 3296 1669 3346 si
1700 3293 1905 3346 Osanno
1941 3292 2069 3343 fides

247 3368 480 3421 habenda
517 3375 629 3430 est,
664 3365 970 3417 Harleianus
1005 3366 1168 3419 codex
1201 3368 1495 3431 inquinatus
1531 3378 1633 3415 non
1668 3371 1763 3416 est.

383 3437 477 3503 42)
537 3436 776 3489 Ceterum
811 3434 1033 3485 notabile
1077 3436 1367 3502 exemptum
1415 3442 1492 3485 est
1540 3449 1593 3501 p.
1632 3432 1763 3494 260,
1816 3434 1881 3485 15
1922 3434 2075 3495 pueri

247 3506 420 3567 adhue,
451 3520 588 3573 quae
607 3502 933 3571 interpolatio
953 3503 1016 3554 de
1039 3502 1187 3555 bonis
1213 3505 1355 3555 libris
1378 3504 1541 3555 solam
1568 3503 1839 3554 editionem
1863 3500 2071 3554 Floren-

245 3577 396 3628 tinam
422 3573 715 3642 occupavit.
