2700 4234
1132 361 1342 410 NERO.
1545 420 1555 429 ‚
2112 352 2232 410 177

227 527 461 602 praeter
491 517 781 596 legumina
812 525 908 576 aut
936 515 1140 577 holera
1171 517 1429 593 veniret,
1483 513 1610 575 c‘um
1650 524 1818 578 antea
1863 517 2076 577 nullum
2118 534 2234 577 non

230 603 453 665 obsonii
488 619 675 679 genus
706 609 1167 680 proponeretur;
1199 601 1398 663 afflicti
1429 599 1734 679 suppliciis
1767 598 2096 678 Christiani,
2128 620 2231 678 ge-

228 707 332 748 nus
364 686 653 746 hominum
682 685 1114 763 superstitionis
1137 701 1327 744 novae
1359 701 1430 744 ac
1446 683 1778 754 maleficam
1812 685 1974 744 vetiti
2004 685 2231 764 quadri-

228 772 521 850 gariorum
548 769 729 846 lusus,
763 769 969 848 quibus
998 768 1317 829 inveterata
1348 768 1584 828 licentia
1633 768 1849 847 passim
1887 768 2232 846 vagantibus

184 855 435 916 sfallere
469 871 539 915 ac
565 853 744 913 furari
784 871 892 931 per
940 852 1133 912 iocum
1174 853 1264 912 ius
1308 861 1461 922 erat;
1510 853 1984 930 pantomimorum
2023 853 2230 913 factio-

137 1013 152 1023 ἱ
228 957 333 999 nes
366 957 493 998 cum
519 939 663 1016 ipsis
702 935 869 996 simul
914 937 1247 1014 relegatae;
1292 935 1574 996 adversus
1614 935 1886 997 falsarios
1929 946 2065 997 tunc
2111 939 2314 1016 pri-17

227 1040 379 1082 mum
435 1030 762 1100 repertum,
806 1038 879 1080 ne
932 1020 1165 1080 tabulae
1219 1019 1329 1078 nisi
1387 1028 1662 1098 pertusae
1705 1038 1776 1080 ac
1821 1029 1912 1080 ter
1955 1021 2073 1081 lino
2123 1039 2231 1099 per

228 1107 512 1168 foramina
543 1107 790 1166 traiecto
828 1103 1303 1182 obsignarentur;
1355 1112 1582 1163 cautum
1623 1112 1680 1163 ut
1721 1107 2079 1166 testamentis
2117 1107 2230 1184 pri-

227 1207 356 1251 mae
391 1189 537 1249 duae
574 1206 767 1264 cerae,
800 1196 1143 1248 testatorum
1172 1186 1345 1246 modo
1374 1187 1602 1246 nomine
1644 1189 1962 1267 inscripto,
2013 1200 2231 1249 vacuae

162 1293 213 1336 ιο
230 1273 545 1352 signaturis
579 1270 1041 1348 ostenderentur,
1072 1289 1141 1332 ac
1172 1289 1243 1330 ne
1276 1272 1374 1349 qui
1405 1270 1577 1330 alieni
1611 1273 1938 1333 testamenti
1979 1275 2234 1350 scriptor

230 1360 487 1435 legatum
532 1354 645 1415 sibi
686 1355 1033 1424 ascriberet;
1080 1357 1214 1415 item
1258 1365 1319 1414 ut
1368 1355 1694 1432 litigatores
1738 1372 1846 1434 pro
1897 1357 2234 1434 patrociniis

234 1450 453 1502 certam
490 1443 813 1520 iustamque
859 1439 1221 1515 mercedem,
1267 1455 1376 1517 pro
1421 1436 1696 1498 subsellis
1742 1439 1953 1501 nullam
2003 1439 2232 1500 omnino

232 1526 454 1601 darent,
490 1523 810 1604 praebente
841 1526 1067 1583 aerario
1095 1523 1372 1600 gratuita;
1406 1531 1582 1602 utque
1606 1540 1796 1582 rerum
1818 1532 1950 1583 actu
1977 1523 2049 1583 ab
2075 1542 2232 1584 aera-

232 1611 321 1670 rio
362 1626 573 1669 causae
614 1607 687 1667 ad
731 1607 918 1667 forum
960 1626 1031 1667 ac
1074 1607 1510 1684 reciperatores
1551 1607 2028 1684 transferrentur,
2073 1617 2132 1667 et
2174 1616 2236 1667 ut

166 1709 215 1752 ιε
238 1711 438 1753 omnes
470 1691 901 1770 appellationes
934 1709 965 1752 a
1001 1689 1283 1750 iudicibus
1314 1689 1388 1749 ad
1416 1699 1676 1750 senatum
1711 1691 1935 1750 fierent.

364 1773 633 1850 Augendi
662 1774 1141 1853 propagandique
1174 1775 1400 1852 imperii
1427 1791 1616 1852 neque
1645 1775 1944 1835 voluntate
1978 1773 2092 1834 ulla
2136 1793 2234 1834 ne·
2257 1785 2322 1838 18

238 1877 353 1939 qne
388 1876 495 1936 spe
530 1867 717 1918 motus
747 1876 1031 1937 umquam,
1075 1859 1243 1918 etiam
1286 1875 1363 1918 ex
1399 1855 1691 1919 Britannia
1731 1856 2021 1919 deducere
2066 1876 2233 1918 exer·

240 1945 411 2003 citum
444 1943 743 2019 cogitavit,
776 1959 885 2001 nec
917 1943 1024 2001 nisi
1058 1940 1446 2017 verecundia,
1489 1959 1566 2001 ne
1609 1940 1942 2003 obtrectare
1979 1944 2234 2021 parentis

239 2027 469 2104 gloriae
498 2025 815 2101 videretur,
848 2024 1083 2086 destitit.
1172 2025 1337 2085 Ponti
1367 2024 1540 2085 modo
1581 2043 1824 2104 regnum
1875 2026 2235 2088 concedente

168 2121 221 2162 ²0
241 2110 580 2186 Polemone,
624 2110 761 2168 item
797 2107 1032 2188 Alpium
1076 2108 1351 2169 defuncto
1391 2107 1586 2169 Cottio
1631 2110 1688 2168 in
1731 2112 2070 2189 provinciae
2119 2110 2234 2169 for-

236 2212 381 2254 mam
410 2192 659 2270 redegit.
1263 2257 1270 2268 ,
2089 2233 2093 2240 -

364 2278 877 2354 Peregrinationes
906 2277 1047 2336 duas
1091 2277 1321 2336 omnino
1366 2277 1646 2354 suscepit,
1690 2275 2140 2337 Alexandrinam
2181 2284 2238 2336 et
2259 2291 2326 2343 19

238 2359 583 2429 Achaicam
646 2361 753 2421 sed
804 2358 1197 2420 Alexandrina
1252 2362 1384 2438 ipso
1426 2359 1808 2438 profectionis
1855 2359 1948 2420 die
1987 2359 2275 2438 destitit,

239 2443 503 2505 turbatus
543 2443 831 2520 religione
876 2444 1038 2503 simul
1084 2461 1155 2504 ac
1202 2443 1487 2522 periculo.
1573 2442 1719 2504 Nam
1763 2461 1889 2504 cum
1930 2444 2238 2503 circumitis

166 2549 221 2590 25
241 2527 477 2606 templis
507 2528 565 2586 in
596 2527 742 2587 aede
771 2529 991 2588 Vestae
1025 2526 1367 2604 resedisset,
1399 2529 1770 2604 consurgenti
1803 2529 1857 2588 ei
1888 2530 2126 2607 primum
2156 2526 2236 2588 la·

244 2612 395 2673 cinia
425 2607 720 2686 obhaesit,
769 2610 977 2670 deinde
1009 2620 1163 2672 tanta
1193 2611 1403 2672 oborta
1445 2612 1637 2690 caligo
1683 2621 1803 2689 est,
1845 2621 1906 2672 ut
1946 2611 2239 2691 dispicere

240 2713 359 2756 non
390 2703 609 2773 posset.
696 2694 761 2754 In
791 2693 1012 2754 Achaia
1042 2695 1314 2755 Isthmum
1346 2695 1662 2774 perfodere
1691 2696 2026 2774 adgressus,
2071 2714 2237 2775 prae·

244 2778 501 2840 torianos
548 2795 655 2857 pro
701 2780 973 2839 contione
1014 2778 1089 2838 ad
1130 2779 1512 2840 inchoandum
1559 2797 1707 2859 opus
1750 2779 2085 2840 cohortatus
2133 2789 2240 2857 est,

243 2861 497 2940 tubaque
528 2862 696 2939 signo
733 2861 867 2922 dato
902 2863 1117 2940 primus
1149 2863 1391 2922 rastello
1412 2861 1638 2923 humum
1660 2863 1859 2924 effodit
1882 2872 1939 2923 et
1964 2863 2242 2924 corbulae

164 2967 223 3009 ao
248 2953 585 3022 congestam
618 2947 831 3006 umeris
865 2945 1087 3006 extulit.
1176 2947 1422 3007 Parabat
1453 2957 1512 3007 et
1542 2947 1613 3007 ad
1645 2945 1888 3026 Caspias
1919 2955 2118 3027 portas
2141 2966 2240 3007 ex-

246 3028 627 3108 peditionem,
672 3029 1004 3108 conscripta
1057 3048 1133 3089 ex
1182 3029 1400 3090 Italicis
1441 3049 1641 3092 senum
1699 3030 1908 3110 pedum
1959 3030 2243 3091 tironibus

244 3130 399 3174 nova
440 3111 704 3190 legione,
752 3131 919 3193 quam
958 3113 1153 3191 Magni
1192 3113 1510 3175 Alexandri
1554 3115 1844 3194 phalanga
1889 3114 2242 3195 appellabat.

370 3195 535 3256 Haec
562 3197 768 3274 partim
799 3197 953 3256 nulla
983 3197 1466 3276 reprehensione,
1510 3201 1716 3278 partim
1760 3202 1930 3260 etiam
1969 3217 2084 3260 non
2126 3218 2244 3260 me-

248 3279 431 3340 diocri
461 3279 629 3339 laude
664 3280 835 3359 digna
866 3283 921 3339 in
952 3293 1121 3344 unum
1153 3281 1401 3359 contuli,
1433 3291 1495 3342 ut
1523 3301 1894 3343 secernerem
1935 3302 1967 3344 a
2011 3284 2245 3362 probris

161 3382 225 3425 35
256 3382 325 3425 ac
358 3363 680 3424 sceleribus
710 3365 855 3441 eius,
888 3364 961 3424 de
994 3364 1199 3443 quibus
1232 3365 1441 3426 dehinc
1473 3366 1676 3427 dicam.

372 3445 531 3507 Inter
568 3457 797 3509 ceteras
850 3447 1185 3527 disciplinas
1233 3450 1520 3528 pueritiae
1573 3460 1840 3530 tempore
1889 3450 2132 3511 imbutus
2185 3458 2244 3512 et
2259 3460 2330 3514 20

247 3533 487 3608 musica,
522 3532 711 3593 statim
742 3541 804 3592 ut
850 3533 1150 3610 imperium
1184 3532 1440 3612 adeptus·
1469 3543 1581 3612 est,
1618 3533 1910 3614 Terpnum
1953 3534 2234 3596 citharoe-

246 3615 402 3690 dum,
440 3617 735 3692 vigentem
772 3625 909 3677 tunc
948 3625 1184 3695 praeter
1222 3615 1406 3693 aiios,
1439 3619 1706 3678 arcessiit
1747 3617 2066 3762 dit22busque
2109 3634 2242 3677 con-

337 3719 647 3758 sun‘ronius,
1783 3705 1802 3760 1
