2700 4234
474 258 595 319 110
644 269 701 317 c,
731 267 1029 316 sum-0151
1056 268 1312 327 mmo.
1338 269 1434 315 DE
1457 269 2016 346 VITAXOAESABUH
2037 271 2174 317 ΜΒ.
2207 272 2303 319 111.

471 425 776 486 affirmavit
814 422 979 498 fore,
1026 428 1094 482 ut
1130 439 1209 481 em
1238 421 1530 500 Pompeio
1561 421 1972 500 Pompeianus
2007 423 2215 500 fieret,
2259 427 2478 488 acerba

472 507 842 568 cavillatione
873 505 1040 565 simul
1074 505 1319 565 hominis
1355 523 1566 566 nomen
1599 508 1902 565 incessens
1931 513 2309 585 veterumque
2340 527 2475 588 par-

386 609 455 664 53
472 593 609 651 tium
634 590 940 650 fortunam.
995 587 1113 648 Sub
1145 587 1293 648 idem
1324 597 1579 668 tempus,
1615 589 1952 648 consulente
1984 598 2256 666 praetore
2285 609 2358 650 an
2390 593 2476 652 iu-

471 676 621 734 dicia
650 674 967 733 maiestatis
1011 672 1144 748 cogi
1174 670 1430 749 iuberet,
1475 672 1832 732 exercendas
1861 691 1993 732 esse
2025 672 2195 750 leges
2226 692 2473 752 respon-

471 759 551 818 dit
594 767 652 817 et
701 757 1065 817 atrocissime
1113 757 1396 815 exercuit.
1455 757 1688 816 Statuae
1734 755 1961 834 quidam
2004 754 2253 832 Augusti
2299 766 2522 838 caput-f»

471 844 789 915 demserat‚
842 847 897 898 ut
938 839 1175 897 alterius
1204 840 1558 916 imponeret;
1606 848 1733 899 acta
1755 857 1852 898 res
1889 840 1945 897 in
1976 848 2178 900 senatu
2209 849 2296 916 et,
2339 843 2475 920 quia

470 923 897 1001 ambigebatur,
943 939 1050 1000 per
1096 930 1378 982 tormenta
1423 925 1682 1000 quaesita
1714 932 1822 981 est.
1882 921 2164 986 Damnato
2198 941 2302 983 reo
2335 942 2475 1003 pau-

470 1009 623 1069 latim
654 1024 841 1083 genus
873 1004 1189 1065 calumniae
1222 1022 1293 1064 eo
1328 1007 1638 1083 processit,
1673 1014 1733 1064 ut
1763 1005 1910 1065 haec
1938 1023 2169 1084 quoque
2202 1008 2477 1085 capitalia

470 1099 697 1151 essent:
755 1090 909 1148 circa
954 1088 1202 1165 Augusti
1254 1089 1620 1150 simulacrum
1669 1107 1898 1148 servum
1951 1088 2257 1167 cecidisse,
2297 1093 2474 1150 vesti-

466 1183 657 1234 menta
688 1182 971 1248 mutasse,
1004 1188 1229 1231 nummo
1254 1172 1349 1231 vel
1383 1172 1553 1233 anulo
1585 1173 1841 1250 effigiem
1862 1175 2206 1250 impressam
2226 1173 2475 1234 latrinae
2493 1195 2545 1236 ιο

470 1267 565 1319 aut
598 1258 859 1335 lupanari
902 1255 1164 1314 intulisse
1184 1259 1229 1332 ,⁹
1246 1255 1457 1315 dictum
1500 1257 1675 1316 ullum
1703 1257 1990 1316 factumve
2023 1258 2148 1315 eius
2183 1258 2476 1318 existima·

469 1344 627 1401 tione
671 1340 865 1416 aliqua
906 1339 1170 1398 laesisse.
1237 1338 1393 1400 Perit
1434 1339 1684 1420 denique
1727 1348 1784 1400 et
1824 1341 1910 1416 is,
1958 1342 2054 1417 qui
2094 1339 2376 1400 honorem
2418 1343 2477 1399 in

471 1425 701 1485 colonia
732 1441 834 1494 sua
866 1422 1071 1482 eodem
1103 1422 1195 1482 die
1227 1423 1464 1484 decerni
1493 1424 1602 1482 sibi
1633 1442 1838 1502 passus
1870 1431 1984 1499 est,
2017 1439 2130 1500 quo
2165 1423 2387 1484 decreti
2419 1433 2480 1483 et

467 1509 735 1585 Augusto
769 1506 905 1567 olim
938 1515 1121 1566 erant.

386 1597 452 1651 59
592 1591 768 1652 Multa
812 1598 1117 1668 praeterea
1159 1591 1362 1668 specie
1397 1591 1696 1668 gravitatis
1736 1607 1806 1650 ac
1835 1607 2056 1649 morum
2094 1591 2476 1667 corrigendo-
2497 1614 2548 1656 ιι

465 1693 620 1752 rum,
672 1674 777 1734 sed
816 1682 874 1734 et
916 1675 1103 1750 magis
1138 1682 1375 1734 naturae
1416 1683 1860 1753 optemperans,
1905 1674 1984 1734 ita
2015 1691 2192 1734 saeve
2227 1683 2287 1735 et
2319 1684 2478 1734 atro-

470 1760 615 1818 citer
657 1757 971 1832 factitavit,
1016 1765 1075 1814 ut
1114 1757 1372 1816 nonnulli
1416 1757 1722 1818 versiculis
1770 1773 2000 1834 quoque
2046 1766 2104 1816 et
2141 1760 2480 1835 praesentia

469 1840 889 1919 exprobrarent
922 1847 979 1898 et
1009 1839 1194 1899 futura
1228 1838 1624 1902 denuntiarent
1651 1839 1831 1898 mala:

634 1994 817 2066 Asper
838 1997 889 2048 et
908 1994 1120 2048 immitis
1136 2035 1153 2063 ,
1178 1993 1410 2048 breviter
1431 1995 1512 2048 vis
1533 1996 1713 2049 omnia
1736 1993 1956 2050 dicam?

720 2077 1071 2147 Dispeream‚
1095 2077 1146 2131 si
1166 2081 1214 2132 te
1234 2081 1412 2131 mater
1435 2091 1628 2131 amare
1639 2083 1838 2148 potest.
2500 2096 2550 2136 20

634 2211 759 2268 Non
790 2224 849 2267 es
878 2227 1040 2284 eques
1054 2235 1075 2276 ,·
1101 2215 1317 2285 quare?
1345 2214 1470 2269 Non
1499 2218 1632 2268 sunt
1655 2211 1746 2266 tibi
1771 2211 1920 2265 milia
1949 2215 2163 2265 centum
2179 2236 2194 2265 .-

724 2295 916 2351 Omnia
938 2298 991 2352 si
1008 2312 1279 2369 quaet-aa,
1306 2303 1359 2352 et
1377 2297 1609 2352 Rhodus
1631 2296 1852 2350 exilium
1877 2299 1972 2349 est.

633 2430 826 2486 Aurea
849 2434 1069 2487 mutasti
1087 2431 1324 2488 Saturni
1341 2431 1582 2496 saecula,
1610 2409 1848 2487 Caesari

716 2512 991 2571 Incolumi
1006 2532 1136 2571 nam
1156 2521 1207 2570 ie
1221 2515 1423 2587 ferrea
1444 2519 1664 2583 semper
1684 2515 1865 2567 erunt.

632 2649 868 2706 Fastidit
886 2653 1070 2706 vinum
1084 2693 1099 2720 ,
1120 2652 1247 2724 quia
1267 2653 1380 2707 iam
1399 2651 1513 2704 sitit
1528 2651 1626 2703 iste
1643 2661 1930 2703 cruorem:
2504 2661 2552 2700 25

722 2733 856 2788 Tam
878 2734 1002 2789 bibit
1019 2733 1167 2790 hunc
1188 2735 1344 2790 avide
1359 2776 1373 2804 ‚
1398 2749 1562 2805 quam
1585 2731 1711 2786 bibit
1728 2737 1854 2785 ante
1875 2743 2103 2785 merum.

633 2868 834 2939 Aspice
855 2867 1091 2924 Felicem
1114 2868 1265 2936 (sibi,
1299 2883 1415 2922 non⁴
1443 2867 1557 2935 tibi)
1582 2866 1843 2936 Romule,
1868 2865 2095 2933 Sullam,

714 2952 791 3006 Et
808 2951 1056 3007 Marium
1072 2995 1085 3020 ,
1109 2953 1162 3006 ei
1177 2953 1281 3016 vis,
1308 2952 1496 3021 aspice
1511 2993 1525 3016 ,
1548 2950 1649 3004 sed
1667 2949 1936 3014 reducem,

631 3035 749 3090 Nec
769 3051 877 3091 non
899 3034 1104 3091 Antoni
1116 3037 1294 3090 civilia
1317 3034 1454 3089 bella
1477 3034 1732 3088 moventis

715 3120 839 3176 Non
860 3120 1029 3175 semel
1047 3118 1283 3190 infectas
1302 3119 1492 3188 aspice
1512 3117 1682 3173 caede
1701 3131 1912 3180 manus,
2499 3127 2550 3171 ³0

624 3202 699 3257 Et
720 3203 836 3258 dic.-
864 3201 1045 3258 Roma
1061 3203 1226 3274 peril,
1251 3203 1503 3272 reynavit
1519 3202 1786 3272 sanquine
1805 3201 1969 3254 multo
1983 3240 2000 3268 ,

713 3286 802 3341 Ad
822 3301 1053 3358 reynum
1074 3287 1318 3358 quisquis
1338 3287 1482 3340 venit
1500 3285 1569 3339 ab
1591 3285 1770 3340 exilio.

466 3445 628 3520 Quae
667 3449 882 3525 primo,
929 3450 1091 3525 quasi
1134 3448 1204 3508 ab
1234 3445 1662 3525 impatientibus
1693 3445 2076 3505 remediorum
2107 3462 2176 3506 ac
2205 3460 2323 3503 non
2357 3455 2482 3508 tam

465 3547 539 3588 ex
578 3531 747 3589 animi
780 3531 1061 3591 sententia
1088 3549 1255 3612 quam
1290 3529 1411 3590 hile
1441 3537 1498 3589 et
1532 3529 1830 3590 stomacho
1864 3529 2254 3606 fingerentur,
2299 3529 2477 3589 vole-
