2700 4234
397 332 412 347 .
463 279 587 343 218
632 294 693 343 c.
719 290 1023 342 son'rom
1049 290 1306 351 TRANQ.
1331 292 1429 337 nn
1453 292 1620 359 vrrA
1644 290 2020 339 CAEssntm
2040 291 2180 339 ΠΒ.
2205 292 2331 339 v11.

461 450 647 511 mniae
679 450 930 524 amovit,
979 464 1107 507 cum
1137 444 1409 506 libertino
1444 446 1665 506 cuidam
1694 445 1964 505 acerbius
1997 446 2253 507 debitum
2284 464 2461 526 repo·

463 534 650 595 scenti
691 532 1020 591 iniuriarum
1049 529 1368 607 formulam,
1402 531 1566 607 quasi
1596 530 1760 589 calce
1792 529 1864 589 ab
1896 547 1969 589 eo
2010 548 2346 608 percussus,
2379 534 2459 590 in·

461 615 744 680 tendisset
775 634 886 675 nec
929 615 1096 675 aliter
1126 631 1295 693 quam
1325 614 1571 674 extortis
1602 615 2016 692 quinquaginta
2049 616 2338 675 sestertiis
2366 633 2457 674 re-

461 701 734 763 misisset.

590 783 1014 845 Advenientem
1059 781 1209 841 male
1259 782 1535 842 animatus
1586 799 1756 858 erga
1785 783 2107 881 principem
2163 784 2457 843 exercitus
2476 796 2503 838 s

465 886 800 949 pronusque
833 866 905 927 ad
933 885 1032 926 res
1062 883 1248 926 novas
1284 864 1475 925 libens
1516 882 1587 924 ac
1626 866 1845 943 supinis
1888 864 2149 925 manibus
2194 870 2451 945 excepit,

463 953 622 1014 velut
653 951 807 1012 dono
845 951 1014 1011 deum
1045 950 1322 1027 oblatum,
1361 958 1451 1008 ter
1480 948 1738 1009 consulis
1768 950 1964 1027 lilium,
1990 958 2181 1009 aetate
2204 952 2451 1028 integra,

460 1036 621 1098 facili
651 1054 721 1095 ac
760 1035 1010 1115 prodigo
1045 1035 1254 1093 animo.
1307 1034 1491 1108 Quam
1520 1041 1783 1093 veterem
1813 1032 1885 1093 de
1918 1050 1983 1093 se
2016 1036 2455 1112 persuasionem

461 1118 733 1182 Vitellius
763 1118 1096 1179 recentibus
1131 1119 1302 1177 etiam
1335 1118 1750 1196 experimentis
1782 1126 2043 1194 auxerat,
2081 1126 2203 1178 tota
2233 1120 2327 1178 via
2360 1136 2451 1179 ca-

461 1204 771 1282 ligatorum
801 1220 1032 1281 quoque
1064 1200 1302 1260 militum
1333 1200 1543 1261 obvios
1567 1200 1939 1278 exosculans,
1973 1218 2196 1281 perque
2226 1201 2449 1263 stabula
2470 1218 2519 1261 ιο

462 1307 532 1349 ac
560 1287 897 1348 deversoria
923 1284 1271 1344 mulionibus
1303 1303 1374 1345 ac
1398 1284 1713 1344 viatoribus
1730 1294 1973 1363 praeter
1992 1286 2222 1345 modum
2248 1288 2449 1363 comiS,

461 1380 522 1433 ut
548 1388 712 1431 mane
745 1370 1027 1447 singulos,
1063 1370 1269 1429 iamne
1293 1369 1664 1444 ientassent,
1698 1370 2095 1430 sciscitaretur
2138 1388 2319 1449 seque
2368 1370 2450 1429 fe·

394 1468 434 1523 8
465 1458 616 1517 cisse
647 1462 812 1513 ructu
844 1470 1081 1533 quoque
1113 1453 1469 1513 ostenderet.
1542 1450 1745 1513 Castra
1779 1470 1923 1513 vero
1968 1456 2271 1531 ingressus
2312 1453 2454 1513 nihil

442 1540 727 1618 cuiquam
760 1538 1030 1617 poscenti
1057 1539 1297 1615 negavit
1325 1546 1499 1615 atque
1530 1538 1697 1599 etiam
1728 1536 1877 1597 ultro
1918 1539 2322 1615 ignominiosis
2352 1555 2451 1597 no-

459 1634 570 1701 tas,
603 1624 722 1682 reis
757 1622 986 1697 sordes,
1021 1620 1299 1682 damnatis
1330 1619 1617 1700 supplicia
1658 1620 1923 1699 dempsit.
1984 1622 2177 1696 Quare
2221 1621 2451 1681 vixdum
2476 1636 2523 1678 ιε

460 1726 660 1768 mense
685 1714 999 1782 transacto,
1027 1722 1216 1784 neque
1241 1705 1354 1764 diei
1379 1722 1565 1783 neque
1592 1706 1873 1783 temporis
1896 1708 2122 1765 ratione
2144 1705 2362 1783 habita,
2386 1723 2457 1765 ac

459 1792 572 1851 iam
594 1808 870 1868 vespere,
892 1788 1080 1848 subito
1105 1807 1137 1848 a
1156 1788 1429 1849 militibus
1452 1786 1776 1848 ecubiculo
1800 1799 2021 1867 raptus,
2044 1792 2121 1849 ita
2147 1798 2205 1849 ut
2226 1798 2374 1867 erat,
2401 1791 2457 1850 in

462 1883 628 1934 veste
658 1873 993 1949 domestica,
1030 1874 1346 1950 imperator
1392 1880 1482 1931 est
1527 1872 1918 1933 consalutatus
1972 1873 2456 1952 circumlatusque

463 1976 568 2036 per
603 1956 1019 2015 celeberrimos
1050 1957 1251 2032 vicoS,
1299 1958 1559 2015 strictum
1604 1954 1737 2015 Divi
1776 1956 1904 2017 Iulii
1945 1956 2198 2035 gladium
2226 1966 2454 2032 tenens,

460 2042 780 2101 detractum
810 2038 1052 2099 delubro
1084 2038 1284 2099 Martis
1316 2048 1489 2118 atque
1518 2040 1576 2099 in
1613 2042 1795 2118 prima
1829 2041 2213 2119 gratulatione
2244 2057 2521 2120 parre-20

463 2134 612 2186 ctum
643 2123 752 2183 sibi
785 2142 818 2184 a
847 2123 1126 2201 quodam;
1165 2141 1276 2183 nec
1307 2132 1437 2182 ante
1478 2124 1537 2181 in
1567 2126 1921 2202 praetorium
1957 2123 2125 2184 rediit
2152 2143 2321 2203 quam
2353 2126 2455 2184 fla-

459 2218 666 2297 grante
696 2208 956 2271 triclinio
982 2227 1058 2268 ex
1089 2215 1381 2285 conceptu
1414 2208 1651 2285 camini,
1688 2226 1815 2267 cum
1846 2208 2077 2287 quidem
2114 2217 2454 2269 consterna-

459 2295 532 2353 tis
578 2302 636 2353 et
683 2294 845 2370 quasi
887 2293 1076 2351 omine
1127 2291 1375 2351 adverso
1422 2292 1605 2351 anxiis
1650 2293 1949 2369 omnibus,
1994 2292 2203 2368 Bono,
2250 2295 2453 2371 inquit,

461 2378 666 2438 animo
696 2378 924 2437 estote!
953 2374 1138 2437 nobis
1161 2374 1453 2445 affluxit,-
1484 2374 1642 2435 nullo
1676 2394 1947 2437 sermone
1980 2376 2095 2436 alio
2128 2376 2279 2455 apud
2307 2376 2452 2436 mili-

458 2470 549 2520 tes
592 2478 748 2517 usus.
827 2458 1242 2519 Consentiente
1287 2458 1495 2518 deinde
1534 2460 1705 2519 etiam
1751 2462 2073 2540 superioris
2108 2462 2525 2539 provinciae&

461 2544 745 2617 exercitu,
779 2544 874 2620 qui
907 2544 1068 2620 prius
1100 2561 1132 2602 a
1164 2542 1345 2602 Galba
1381 2541 1453 2603 ad
1482 2552 1741 2603 senatum
1772 2544 2095 2621 defecerat,
2124 2561 2456 2621 cognomen

461 2626 787 2688 Germanici
819 2624 1066 2687 delatum
1089 2625 1160 2685 ab
1185 2627 1471 2685 universis
1492 2626 1700 2705 cupide
1725 2630 1972 2706 recepit,
2002 2628 2250 2705 Augusti
2274 2627 2453 2687 distu-

395 2725 431 2780 9
457 2711 544 2788 lit,
582 2707 853 2770 Caesaris
881 2710 938 2769 in
969 2718 1313 2788 perpetuum
1345 2712 1658 2770 recusavit.
1714 2711 1804 2771 Ac
1836 2712 2077 2773 subinde
2111 2712 2293 2772 caede
2319 2711 2453 2773 Gal-

459 2794 571 2855 bae
601 2793 949 2869 adnuntiata,
985 2794 1326 2873 compositis
1351 2792 1707 2855 Germanicis
1736 2796 1934 2873 rebus,
1968 2798 2213 2875 partitus
2237 2806 2328 2856 est
2350 2812 2454 2856 co·

459 2880 608 2958 pias,
642 2895 783 2958 quas
815 2879 1094 2939 adversus
1120 2877 1405 2938 Othonem
1429 2879 1844 2957 praemitteret,
1877 2898 2137 2959 quasque
2162 2881 2290 2959 ipse
2317 2898 2455 2958 per·
2474 2898 2528 2941 tn

459 2964 715 3024 duceret.
776 2963 1102 3023 Praemisso
1133 2965 1363 3039 agmine
1396 2962 1607 3021 laetum
1636 2966 1831 3023 evenit
1874 2965 2225 3043 auspicium,
2275 2965 2452 3042 siqui-

459 3048 588 3107 dem
629 3065 660 3105 a
708 3056 872 3126 parte
921 3046 1124 3107 dextra
1168 3054 1412 3123 repente
1454 3046 1645 3124 aquila
1690 3043 2019 3124 advolavit,
2076 3047 2458 3125 lustratisque

460 3131 643 3208 signis
671 3131 978 3208 ingressos
1013 3132 1164 3191 viam
1199 3130 1413 3189 sensim
1441 3132 1779 3190 antecessit.
1842 3132 1920 3192 At
1947 3139 2149 3191 contra
2174 3134 2303 3209 ipso
2328 3146 2455 3191 mo·

460 3223 663 3289 vente,
711 3223 934 3275 statuae
979 3222 1342 3293 equestres,
1374 3231 1501 3273 cum
1554 3214 1911 3293 plurifariam
1958 3218 2012 3275 ei
2072 3223 2455 3292 ponerentur,

458 3296 660 3356 fractis
691 3308 934 3373 repente
967 3298 1229 3357 cruribus
1263 3298 1480 3375 pariter
1508 3308 1879 3377 corruerunt,
1928 3309 1986 3359 et
2016 3299 2243 3376 laurea,
2278 3316 2456 3378 quam
2476 3316 2535 3357 ss

457 3379 898 3458 religiosissime
946 3380 1437 3457 circumdederat,
1488 3383 1547 3439 in
1591 3382 1977 3460 profluentem
2018 3382 2265 3452 excidit;
2307 3398 2457 3443 mox

457 3462 718 3524 Viennae
749 3480 856 3542 pro
890 3460 1159 3523 tribunali
1196 3466 1316 3524 iura
1360 3464 1622 3525 reddenti
1666 3466 2028 3543 gallinaceus
2070 3484 2244 3546 supra
2288 3482 2457 3527 ume-

455 3563 580 3606 rum
608 3562 680 3607 ac
710 3547 918 3608 deinde
948 3550 1006 3608 in
1039 3550 1231 3625 eapite
1267 3550 1461 3607 ast-itit.
1524 3548 1745 3623 Quibus
1777 3552 2024 3635 ostentis
2056 3568 2161 3629 par
2202 3566 2461 3630 respon-
