2700 4234
1092 307 1301 372 nnnc.
2079 304 2197 366 191

197 461 360 538 nior,
400 459 693 522 Britannia
726 460 1123 542 Armeniaque
1152 463 1363 524 amissa
1393 482 1464 524 ac
1507 483 1708 532 rur-sus
1749 475 1992 548 utraque
2030 487 2199 548 rece-

200 553 316 626 pta,
348 543 679 604 defunctum
710 563 777 604 se
806 546 1079 607 fatalibus
1109 547 1273 607 malis
1306 549 1690 610 existimabat.
1755 551 1835 612 Ut
1861 569 2029 630 vero,
2063 570 2198 614 con·

198 629 350 689 sulto
381 627 631 708 Delphis
670 628 985 708 Apolline,
1038 633 1570 710 septuagensimum
1613 650 1684 694 ac
1721 636 1950 696 tertium
1993 655 2199 696 annum

199 711 517 774 cavendnm
558 712 668 772 sibi
709 711 955 791 audivit,
996 716 1161 792 quasi
1205 731 1278 776 eo
1321 713 1544 776 demum
1599 715 1886 796 obiturus,
1941 738 2010 779 ac
2059 721 2198 780 nihil

148 819 171 858 s
200 797 537 859 coniectans
577 795 649 857 de
696 806 885 859 aetate
916 795 1173 874 Galbae,
1220 806 1373 859 tanta
1417 798 1625 863 fiducia
1665 819 1782 863 non
1813 802 1988 864 modo
2030 821 2196 866 sene-

199 893 347 944 ctam
387 879 492 941 sed
536 881 706 942 etiam
750 891 1093 960 perpetuam
1129 883 1598 962 singularemque
1644 889 1914 966 concepit
1951 885 2198 948 felicita·

194 979 349 1043 tem,
389 974 452 1025 ut
486 967 711 1025 amissis
752 965 1057 1044 naufragio
1090 968 1522 1045 pretiosissimis
1551 967 1728 1030 rebus
1756 988 1872 1031 non
1903 968 2196 1031 dubitave-

194 1054 269 1112 rit
297 1052 447 1112 inter
477 1067 617 1110 suos
650 1048 881 1126 dicere,
909 1049 1122 1128 pisces
1152 1067 1263 1110 eas
1293 1049 1420 1113 sibi
1443 1053 1778 1114 relaturos.
2201 1064 2205 1070 ·

316 1133 569 1214 Neapoli
600 1131 672 1193 de
703 1142 859 1194 motu
886 1133 1196 1198 Galliarum
1223 1137 1502 1214 cog-novit
1528 1135 1622 1197 dIe
1649 1139 1779 1216 ipso
1813 1155 1926 1217 quo
1958 1148 2198 1199 matrem
2307 1149 2314 1156 “

129 1241 177 1283 ιο
199 1217 532 1295 occiderat,
580 1215 845 1296 adeoque
890 1217 1046 1278 lente
1088 1237 1159 1278 ac
1202 1236 1412 1278 secure
1450 1220 1578 1280 tulit
1603 1230 1662 1281 ut
1692 1219 1996 1300 gaudentis
2028 1224 2198 1282 etiam

197 1303 583 1383 suspitionem
622 1300 961 1380 praeberet,
1013 1311 1299 1388 tamquam
1344 1306 1658 1365 occasione
1699 1314 1831 1366 nata
1869 1305 2196 1386 spolianda-

195 1406 323 1450 rum
360 1387 485 1446 iure
527 1385 666 1446 belli
710 1385 1273 1464 opulentissimarum
1302 1389 1756 1465 provinciarum
1803 1392 2106 1470 statimque
2142 1391 2198 1448 in

198 1471 555 1550 gymnasium
583 1487 969 1549 progressus,
1011 1471 1287 1532 certantis
1329 1469 1578 1534 athletas
1621 1473 1966 1534 effusissImo
2009 1472 2196 1533 studio

196 1556 505 1636 spectavit.
569 1551 801 1617 Caenae
845 1571 1081 1635 quoque
1125 1564 1390 1633 tempore
1421 1549 1842 1635 'interpellatus
1895 1557 2196 1617 tumultuo-

124 1665 177 1709 15
200 1638 449 1701 sioribus
486 1638 729 1712 litteriS,
780 1638 1061 1702 hactenus
1105 1636 1451 1714 excanduit,
1497 1647 1557 1698 ut
1598 1639 1806 1699 malum
1851 1641 1922 1698 iis
1967 1641 2063 1718 qui
2098 1638 2196 1699 de-

199 1725 451 1785 scissent
498 1717 827 1781 minaretur.
910 1721 1176 1799 Denique
1220 1740 1329 1801 per
1373 1731 1511 1784 octo
1559 1725 1862 1786 continuos
1904 1723 2030 1783 dies
2081 1740 2198 1784 non

198 1803 533 1868 rescribere
569 1806 861 1884 cuiquam,
903 1821 1019 1866 non
1048 1805 1318 1867 mandare
1351 1806 1487 1884 quid
1520 1815 1615 1869 aut
1648 1808 1992 1887 praecipere
2024 1823 2197 1867 cona-

200 1900 498 1970 1113,er
534 1885 765 1954 silentio
811 1888 1181 1950 oblitteravit.
1240 1888 1462 1950 Edictis
1505 1888 1733 1953 tandem
1766 1891 2028 1952 Vindicis
2062 1908 2195 1952 con·
2214 1904 2280 1960 41

197 1973 519 2037 tumeliosis
555 1981 612 2032 et
648 1970 1045 2050 frequentibus
1087 1983 1414 2053 permotus,
1461 1959 2000 2054 senatum⁸epistula
2027 1975 2083 2034 in
2116 1973 2198 2033 ul-

118 2079 175 2120 20
197 2060 413 2119 tionem
444 2057 531 2116 sui
562 2057 763 2135 reique
798 2055 1069 2136 publicae
1102 2057 1436 2120 adhortatus
1461 2067 1570 2135 est,
1603 2067 1883 2119 excusato
1910 2059 2198 2136 languore

195 2141 481 2216 faucium,
519 2149 766 2219 propter
796 2158 965 2221 quem
988 2158 1105 2201 non
1141 2139 1391 2202 adesset.
1451 2141 1608 2203 Nihil
1651 2152 1838 2204 autem
1877 2159 2064 2220 aeque
2096 2140 2198 2201 do-

196 2227 334 2302 luit,
381 2242 549 2304 quam
598 2233 657 2283 ut
684 2225 895 2284 malum
934 2243 999 2286 se
1036 2223 1431 2287 citharoedum
1466 2228 1811 2305 increpitum
1843 2244 1910 2287 ac
1942 2242 2050 2304 pro
2083 2223 2197 2284 Ne-

195 2327 342 2369 rone
382 2307 797 2368 Aenobarbum
837 2307 1209 2388 appellatum.
1296 2307 1374 2370 Et
1421 2326 1630 2370 nomen
1681 2309 1910 2388 quidem
1955 2308 2197 2386 gentile,

200 2392 357 2472 quod
404 2390 513 2451 sibi
556 2409 663 2470 per
695 2392 1099 2452 contumeliam
1145 2391 1634 2472 exprobraretur,
1681 2402 2102 2472 resumpturum
2131 2409 2198 2452 se

116 2497 173 2536 25
194 2477 505 2557 professus
540 2483 659 2552 est,
708 2473 979 2554 deposito
1016 2475 1323 2556 adoptivo,
1372 2486 1570 2538 cetera
1612 2478 1894 2554 convitia,
1941 2485 2000 2536 ut
2028 2475 2198 2550 falsa,

195 2577 317 2622 non
350 2557 465 2618 alio
498 2567 837 2635 argumento
867 2559 1213 2637 refellebat,
1252 2578 1422 2639 quam
1453 2560 1608 2640 quod
1640 2562 1810 2623 etiam
1835 2562 2060 2622 inscitia
2090 2558 2199 2618 sibi

197 2653 357 2705 tanto
406 2659 589 2722 opere
634 2641 969 2704 elaboratae
1012 2643 1432 2723 perfectaeque
1475 2663 1510 2706 a
1551 2663 1617 2705 se
1663 2647 1800 2706 artis
1848 2646 2198 2719 obiceretur,

197 2726 461 2804 singulos
506 2725 748 2788 subinde
778 2729 1074 2805 rogitans,
1118 2734 1448 2789 nossentne
1477 2747 1834 2808 quemquam
1858 2733 2195 2807 praestan-

196 2812 436 2872 tiorem.
522 2810 1021 2888 Sedurgentibus
1054 2810 1187 2872 aliis
1229 2830 1408 2890 super
1459 2811 1606 2872 alios
1659 2813 1901 2890 nuntiis,
1954 2813 2198 2872 Romam

112 2913 172 2954 30
197 2892 608 2975 praetrepidus
637 2893 841 2963 rediit3
874 2894 1199 2973 leviterque
1230 2894 1403 2956 modo
1434 2895 1489 2954 in
1518 2896 1724 2956 itinere
1755 2894 1969 2956 frivolo
2007 2894 2198 2972 auspi-

198 2980 296 3039 cio
332 2987 521 3037 mente
564 2987 864 3054 recreata,
913 2996 1039 3040 cum
1073 2977 1405 3040 adnotasset
1444 2979 1792 3058 insculptum
1829 2985 2196 3040 monumento

193 3061 432 3122 militem
463 3061 687 3122 Gallum
734 3061 805 3123 ab
854 3063 1047 3141 equite
1088 3062 1159 3122 R.
1212 3081 1559 3142 oppressum
1601 3063 1748 3124 trahi
1790 3061 2077 3136 crinibus,
2126 3057 2198 3120 ad
2283 3091 2285 3094 ⁴

196 3165 325 3206 eam
358 3146 625 3224 speciem.
648 3146 848 3208 exiluit
882 3145 1092 3223 gaudio
1128 3147 1464 3225 caelumque
1497 3145 1773 3207 adoravit.
1832 3145 1923 3206 Ac
1953 3163 2028 3205 ne
2060 3145 2206 3204 tunc'

196 3230 427 3310 quidem
468 3238 566 3290 aut
608 3239 811 3290 senatu
842 3239 935 3290 aut
970 3228 1193 3308 populo
1232 3247 1428 3290 coram
1470 3230 1801 3310 appellato,
1849 3227 2130 3309 quosdam
2163 3246 2206 3288 e.

114 3334 177 3375 35
196 3312 545 3394 primoribus
587 3315 727 3374 viris
775 3313 1003 3375 domum
1044 3315 1345 3390 evocavit,
1388 3322 1793 3393 transactaque
1822 3314 2028 3394 raptim
2061 3330 2194 3373 con-

194 3397 540 3474 sultatione,
587 3397 869 3477 reliquam
900 3396 1013 3458 diei
1048 3405 1269 3476 partem
1300 3414 1408 3476 per
1443 3414 1663 3475 organa
1695 3399 2029 3474 hydraulica
2059 3397 2198 3457 novi

194 3491 255 3542 et
285 3483 473 3562 ignoti
500 3483 740 3558 generis
780 3479 1189 3556 circumduxit,
1233 3479 1664 3560 ostendensque
1698 3483 1959 3560 singula,
2003 3478 2075 3540 de
2106 3496 2194 3539 ra-

192 3567 354 3628 tione
386 3583 459 3628 ac
489 3564 825 3628 difficultate
858 3567 1133 3643 cuiusque
1163 3563 1493 3641 disserens,
1519 3564 1644 3626 iam
1677 3583 1747 3626 se
1770 3566 1953 3626 etiam
1972 3561 2191 3642 prola·
