2700 4234
493 271 617 335 320
705 282 766 332 c,
807 280 1134 332 summm
1171 282 1428 343 Tmo.
1456 234 1759 331 nurum).
1783 282 2066 333 Lmnon.
2090 282 2488 345 numqaum..

493 437 667 499 trahit
693 446 956 518 tempus,
997 437 1154 498 iners
1187 438 1314 498 sine
1358 447 1485 499 arte
1516 448 1577 499 et
1616 437 1829 499 nullius
1860 439 2039 500 officii
2070 456 2283 519 capax,
2328 442 2491 519 piger

495 539 604 601 per
633 523 822 582 omnia
853 539 1036 600 aeg-ro
1066 521 1282 601 similis,
1304 524 1508 600 segnis
1538 531 1794 583 semotus
1823 522 2089 584 a'calore
2114 523 2409 603 [sciendi]

618 606 775 666 Tuor
807 615 866 667 et
893 607 1088 685 tueor]
1113 615 1245 667 tuor
1271 606 1465 685 video,
1492 615 1659 667 tueor
1689 606 1974 668 custodio.

620 691 874 770 Turpem
904 700 962 751 et
993 690 1340 770 deformem]
1376 693 1560 770 turpis
1594 692 1747 770 vita,
1786 690 2063 751 deformis
2090 692 2305 769 specie
2332 692 2487 753 intel·

493 777 727 855 legimr.
1720 796 1725 807 ·
2012 781 2015 792 '
2512 800 2533 839 s
2633 826 2634 831 ,

617 859 842 921 Vadem
873 875 944 918 ac
983 874 1330 937 sponsorem
1375 868 1435 919 et
1464 858 1767 940 praedem]
1800 876 1905 919 vas
1950 860 2049 938 qui
2080 860 2271 937 ipsum
2303 878 2369 919 se
2399 869 2493 921 aut
2633 888 2634 895 ¹

495 944 646 1005 aliud
682 940 984 1023 quodlibet
1015 958 1124 1021 pro
1159 943 1274 1004 alio
1305 941 1509 1020 tradit,
1559 958 1815 1022 sponsor
1844 944 1943 1021 qui
1972 941 2143 1004 alium
2176 944 2491 1025 sponsione

496 1045 596 1089 sua
628 1027 902 1106 suscipit,
942 1044 1116 1106 praes
1149 1027 1245 1106 qui
1279 1042 1392 1105 pro
1416 1044 1481 1087 se
1515 1027 1687 1088 alium
1720 1043 2004 1106 praesens
2032 1029 2331 1105 praesenti
2359 1028 2494 1090 dicit

493 1112 552 1173 id
583 1122 674 1173 est
704 1111 818 1172 dat.

616 1199 858 1258 Vestem
882 1203 942 1254 et
957 1193 1325 1273 vestimenta]
1351 1196 1536 1254 vestis
1552 1196 1789 1273 proprie
1815 1194 2153 1255 feminarum
2186 1204 2297 1274 est,
2320 1197 2556 1258 vesti-10
2633 1240 2634 1243 κ

495 1289 744 1341 mentum
775 1280 1044 1337 virorum.

613 1362 860 1425 Uvidum
895 1361 1186 1422 humidum
1219 1361 1395 1422 udum
1441 1371 1498 1422 et
1542 1360 1851 1442 madidum]
1890 1362 2121 1423 uvidum
2155 1364 2387 1443 penitus
2414 1366 2495 1424 in-

493 1448 708 1508 fectum
747 1454 859 1523 est,
883 1444 1168 1507 madidum
1197 1463 1274 1507 ex
1305 1464 1417 1507 una
1446 1454 1633 1526 parte,
1657 1445 1943 1507 humidum
1961 1447 2119 1527 quod
2148 1447 2219 1507 ad
2252 1446 2496 1507 medium

493 1548 678 1612 usque
710 1532 998 1611 pervenit,
1025 1530 1193 1591 udum
1221 1548 1496 1591 summum
1525 1538 1738 1591 tactum
1757 1538 1971 1591 tantum
1996 1534 2275 1610 cuiusque
2303 1532 2412 1591 rei.

617 1618 804 1677 Vetus
835 1625 894 1676 et
926 1616 1238 1695 vetustum]
1285 1624 1453 1676 vetus
1482 1632 1639 1675 novo
1672 1624 2043 1695 comparatur
2072 1634 2148 1676 ex
2180 1616 2493 1693 contrario,
2516 1640 2559 1681 15

496 1709 782 1762 vetustum
811 1699 884 1760 ad
912 1701 1303 1779 antiquitatem
1325 1699 1597 1760 refertur.

620 1786 752 1847 Vim
788 1784 946 1844 vires
992 1792 1050 1843 et
1077 1782 1386 1862 virtutem]
1437 1785 1523 1843 vis
1562 1784 1802 1844 iniuriae
1846 1792 1963 1862 est,
2009 1784 2170 1843 vires
2212 1782 2496 1861 corporis,

493 1871 678 1930 virtus
701 1868 890 1927 animi.

619 1952 882 2012 Ultorem
907 1958 966 2010 et
979 1949 1288 2029 vindicem]
1303 1950 1637 2011 ulciscimur
1670 1968 1780 2011 nos
1802 1959 2049 2029 accepta
2079 1950 2303 2029 iniuria,
2316 1948 2495 2009 vindi·

497 2053 692 2097 camus
725 2052 800 2093 ne
831 2033 1203 2113 accipiamus.
2513 2048 2559 2089 πο

614 2120 848 2179 Vereor
880 2126 939 2178 et
970 2118 1276 2197 revereor]
1303 2134 1519 2179 vereor
1548 2116 1622 2178 ad
1648 2126 1861 2179 metum
1887 2117 2173 2195 refertur,
2212 2134 2500 2177 revereor

491 2202 563 2264 ad
588 2204 874 2264 affectum.

616 2286 803 2349 Ulcus
831 2286 1042 2347 vulnus
1063 2295 1121 2346 et
1151 2285 1411 2365 plagam]
1439 2286 1605 2346 ulcus
1622 2302 1731 2365 per
1760 2303 1826 2346 se
1854 2286 1976 2346 exit
2006 2294 2102 2345 aut
2132 2284 2197 2345 fit
2230 2284 2502 2344 intrinse-

495 2391 598 2431 cus
625 2389 701 2431 ex
733 2388 820 2446 se,
837 2370 1045 2430 vulnus
1077 2388 1152 2429 ex
1174 2370 1335 2430 ferro
1368 2370 1450 2447 fit,
1483 2371 1660 2449 plaga
1699 2369 1905 2450 planus
1934 2371 2084 2431 ictus
2116 2377 2233 2439 est;
2266 2377 2327 2429 et
2342 2366 2507 2447 quod

491 2455 657 2515 ulcus
702 2454 955 2513 levitatis
999 2462 1121 2532 est,
1166 2453 1375 2514 vulnus
1406 2454 1745 2531 gravitatis,
1791 2453 2006 2534 plagae
2042 2454 2213 2514 etiam
2244 2451 2567 2513 verberam

488 2543 789 2601 vocantur.

520 2670 524 2677 r
613 2620 988 2681 Voluntatem
1028 2627 1088 2679 et
1117 2619 1501 2699 voluptatem]
1540 2620 1809 2683 voluntas
1852 2622 2023 2683 animi
2068 2630 2189 2700 est,
2225 2620 2509 2700 voluptas

495 2723 600 2766 cor
645 2721 782 2763 oris.

603 2723 818 2849 pVirum
849 2796 908 2847 et
936 2788 1276 2869 masculum]
1310 2790 1398 2850 vir
1426 2792 1629 2870 specie
1659 2790 2039 2870 intellegitur,
2068 2789 2369 2853 masculus
2399 2808 2508 2868 ge·

494 2891 667 2944 nere;
704 2881 762 2933 et
808 2871 966 2951 quod
990 2874 1079 2933 vir
1113 2874 1296 2933 tribus
1326 2873 1513 2934 modis
1548 2876 1861 2955 accipitur,
1906 2883 2111 2937 natura
2134 2876 2357 2955 nuptiis
2388 2876 2565 2934 vir-ao
2633 2888 2634 2897 ¹

493 2966 646 3029 tute;
675 2956 968 3017 masculus
991 2958 1161 3017 etiam
1182 2957 1254 3018 ab
1286 2957 1514 3019 homine
1546 2968 1915 3039 segregatur.

619 3042 856 3103 Vultum
887 3050 945 3101 et
971 3041 1184 3103 faciem
1211 3041 1325 3103 hoc
1351 3042 1572 3119 differt,
1611 3043 1766 3123 quod
1796 3042 1991 3104 vultus
2026 3043 2197 3104 animi
2227 3041 2511 3103 indicium

494 3134 616 3203 est,
650 3124 835 3185 facies
880 3126 998 3186 oris
1038 3127 1288 3205 positi03
1331 3134 1391 3187 et
1422 3126 1613 3187 vultus
1658 3126 1941 3187 interdum
1987 3135 2273 3203 mutatur,
2311 3126 2511 3198 facies

490 3218 713 3351 mlauetg
742 3210 882 3270 licet
913 3219 972 3270 et
1002 3228 1112 3271 una
1145 3228 1243 3271 res
1273 3227 1382 3290 pro
1414 3210 1527 3272 alia
1556 3230 1739 3291 saepe
1770 3219 2151 3274 commutetur
2184 3212 2246 3271 in
2272 3226 2513 3291 genere

491 3308 522 3353 a
597 3294 820 3372 specie.
