2700 4234
534 311 1091 361 DEPERDITORUM
1131 312 1493 361 mmmmm
1531 312 1931 373 RELIQUIAE.
2120 300 2241 363 315

365 466 690 545 Innocens,
729 461 1022 546 innoxius]
1070 468 1355 527 innocens
1394 476 1487 528 est
1526 467 1739 527 nemini
1781 484 2034 545 nocens,
2079 469 2241 528 inno-

242 553 370 613 xius
402 551 574 631 culpa
605 549 910 611 cuiuslibet
940 551 1190 610 criminis
1217 568 1455 612 vacuus,

368 634 636 695 inducias
689 634 898 693 foedus
953 641 1012 693 et
1052 651 1258 712 pacem
1305 634 1423 694 hoc
1462 635 1734 712 interest,
1780 633 1935 712 quod
1978 632 2243 694 induciae

244 736 482 779 numero
500 718 718 778 dierum
747 717 1030 793 finiuntur,
1057 716 1212 795 quod
1239 726 1295 777 et
1323 726 1683 796 sequestram
1712 735 1919 798 pacem
1949 716 2245 796 appellant

197 815 222 856 s
245 811 332 863 ut:
357 818 522 881 pace
553 806 879 880 sequestra
903 798 1016 861 Bis
1044 800 1547 880 senos‘pepiyere
1581 800 1713 862 dies
1724 824 1757 873 ,·
1786 800 1995 863 foedus
2024 803 2081 860 in
2110 818 2242 879 per·

247 895 479 963 petuum
509 886 689 946 autin
722 901 995 945 annorum
1028 893 1247 945 certum
1281 902 1573 945 numerum
1602 885 1816 955 fertur3
1859 903 1975 964 pax
2011 902 2137 944 cum
2170 900 2243 943 eo

246 970 466 1048 populo
511 969 890 1047 conponitur,
950 967 1046 1045 qui
1091 967 1439 1028 imbecillior
1481 978 1571 1029 est
1612 968 1799 1029 altero
1846 967 2243 1047 praevalente,

246 1055 342 1132 qui
373 1052 662 1111 existimet
691 1052 860 1111 tutius
893 1068 1040 1112 esse*
1057 1052 1166 1111 sibi
1199 1051 1560 1113 descendere
1590 1051 1647 1111 in
1678 1051 2047 1112 conditiones
2077 1052 2243 1131 pacis

247 1153 416 1214 quam
448 1134 674 1195 dubiam
703 1133 844 1194 belli
871 1134 1156 1195 fortunam
1185 1136 1463 1215 experiri.

175 1230 227 1271 10
373 1219 605 1293 Laniat,
650 1218 926 1295 lancinat,
969 1218 1188 1279 lacerat
1229 1218 1349 1280 hoc
1382 1219 1603 1297 differt,
1647 1218 1801 1298 qued
1834 1218 2010 1279 laniat
2034 1218 2243 1294 lanius,

246 1321 374 1363 cum
403 1301 658 1362 membra
691 1301 982 1381 decerpit;
1025 1301 1244 1363 lacerat
1272 1304 1368 1382 qui
1410 1303 1668 1382 partibus
1708 1304 1829 1363 suis
1856 1302 2114 1363 membra
2144 1301 2243 1361 de-

243 1388 456 1452 stituit:
502 1386 752 1446 lancinat
779 1387 876 1464 qui
904 1386 1177 1445 inutiliter
1203 1383 1459 1446 membra
1488 1384 1787 1465 discerpit.

368 1470 570 1529 Lustra
628 1468 914 1548 producte
971 1478 1030 1528 et
1066 1469 1248 1530 lustra
1299 1478 1572 1548 correpte
1612 1469 1729 1529 hoc
1770 1471 2045 1547 interest,
2091 1467 2246 1547 quod

242 1553 425 1613 lustra
457 1560 616 1613 certa
644 1562 908 1633 tempora
939 1561 1086 1631 sunt,
1117 1552 1298 1612 lustra
1329 1551 1569 1613 latibula
1601 1553 1854 1612 ferarum
1876 1552 1973 1612 vel
1997 1554 2245 1632 turpium

169 1652 226 1695 ιτ»
246 1636 532 1697 hominum
573 1636 968 1718 receptacula.

369 1720 647 1797 Legatum
689 1730 747 1780 et
791 1718 1107 1797 oratorem]
1153 1717 1383 1794 legatus
1416 1717 1630 1795 legitur
1664 1717 1735 1777 ad
1781 1718 2036 1778 officium
2087 1736 2121 1779 a
2166 1720 2242 1778 ci·

243 1806 453 1873 vitate:
500 1811 696 1864 orator
731 1803 800 1863 ad
835 1801 1108 1862 orandum
1141 1803 1383 1878 missus,
1417 1801 1497 1861 uti
1551 1802 1670 1862 oris
1716 1803 1942 1862 ratione
1988 1811 2245 1881 exponat

241 1888 296 1948 id
369 1886 483 1948 uod
557 1888 676 1946 etit.

327 1905 628 2029 qLibegos
658 1978 715 2029 et
749 1969 927 2048 filios]
966 1968 1064 2028 filii
1099 1968 1416 2030 masculino
1450 1986 1677 2047 genere
1708 1978 2029 2049 ponuntur,
2072 1968 2243 2030 liberi

169 2056 299 2113 ποίη
335 2061 582 2130 utroque
616 2070 788 2121 sexu;
837 2061 896 2111 et
925 2051 1080 2131 quod
1120 2052 1221 2112 filii
1251 2054 1309 2112 in
1339 2069 1634 2113 numerum
1676 2054 2029 2130 singularem
2071 2070 2241 2114 revo-

241 2136 362 2197 cari
393 2146 668 2215 possunt,
699 2136 870 2195 liberi
901 2153 1016 2196 non
1047 2146 1314 2216 possunt;
1358 2136 1557 2214 (nemo
1590 2137 1738 2196 enim
1764 2136 1902 2196 dicit
1943 2138 2039 2215 qui
2069 2136 2245 2197 habet

241 2237 411 2280 unum
443 2219 648 2281 filium:
693 2238 863 2280 unum
891 2219 1135 2281 liberum
1161 2219 1388 2300 habeo)
1420 2222 1555 2280 item
1591 2219 1745 2299 quod
1777 2220 1857 2279 fili
1888 2221 2073 2280 omnis
2106 2236 2241 2281 con·

243 2304 474 2363 ditionis
505 2303 950 2381 intelleguntur,
993 2312 1108 2363 tam
1142 2305 1301 2363 servi
1332 2321 1501 2383 quam
1529 2304 1798 2381 ingenui,
1840 2301 2009 2363 liberi
2050 2313 2241 2364 autem

242 2403 359 2446 non
389 2386 652 2447 dicuntur
678 2388 788 2446 nisi
816 2389 910 2466 qui
943 2385 1015 2447 ab
1046 2388 1308 2465 ingenuis
1342 2395 1672 2447 nascuntur.

173 2490 224 2531 25
366 2470 558 2548 Leges
595 2478 652 2530 et
680 2472 804 2531 iura
832 2470 947 2531 hoc
977 2469 1201 2547 differt,
1248 2470 1402 2550 quod
1440 2472 1563 2530 iura
1593 2479 1832 2549 reperta
1863 2479 1993 2531 sunt
2025 2470 2097 2533 ab
2133 2470 2237 2532 ho·

241 2562 406 2613 nesta
446 2553 893 2623 consuetudine;
945 2552 1123 2637 (unde
1165 2555 1334 2614 etiam
1367 2556 1455 2614 ius
1487 2563 1547 2614 et
1587 2554 1803 2615 iustitia
1848 2554 1973 2636 pari
2015 2556 2240 2616 ratione

197 2715 201 2718 ἱ
241 2636 504 2697 dicuntur
531 2638 603 2699 ab
636 2639 801 2699 unius
831 2638 1108 2717 cuiusque
1138 2634 1293 2720 iure)
1329 2638 1518 2716 leges,
1553 2638 1705 2717 quod
1738 2637 1969 2699 electae
2002 2640 2114 2698 sint
2145 2638 2241 2697 vel

239 2722 557 2782 sententias
584 2724 763 2782 artius
792 2722 978 2800 ligent
1007 2740 1108 2782 seu
1139 2721 1401 2798 alligent.

365 2803 682 2881 Legionem
730 2814 790 2865 et
823 2805 1119 2885 dilectum]
1158 2805 1318 2881 legio
1349 2804 1557 2866 dicitur
1590 2806 1847 2866 virorum
1879 2804 2094 2868 electio
2119 2806 2237 2866 for-

167 2900 220 2943 80
238 2887 378 2949 tium
409 2886 505 2946 vel
539 2898 732 2949 certus
764 2889 999 2949 militum
1028 2904 1320 2965 numerus,
1351 2888 1409 2948 id
1440 2897 1531 2948 est
1554 2888 1616 2956 ἶν’.
1646 2902 1759 2957 1303
1808 2888 2059 2949 dilectos
2091 2904 2239 2968 quos

235 2973 486 3031 maxime
518 2969 838 3051 diligimus,
883 2982 942 3033 ut
971 2972 1123 3033 lilios
1151 2980 1431 3051 parentes
1460 2980 1747 3051 cognatos
1779 2972 1877 3032 vel
1906 2972 2140 3033 fratres.

360 3055 689 3116 Ludibrium
739 3065 798 3117 et
848 3055 1154 3136 ludicrum]
1208 3055 1511 3116 ludibrium
1549 3057 1607 3116 in
1656 3055 1895 3119 alterius
1939 3058 2233 3125 iniuriam3

236 3138 517 3200 ludicrum
554 3158 669 3218 quo
705 3140 816 3219 ipsi
853 3139 1206 3201 delectamur
1233 3141 1358 3199 sine
1389 3141 1722 3219 cuiusquam
1756 3140 2117 3201 contumelia.

364 3222 445 3284 Mi
489 3233 547 3283 et
583 3223 720 3283 mihi
761 3223 874 3283 hoc
907 3223 1128 3301 differt,
1165 3224 1240 3284 mi
1283 3241 1604 3303 pronomen
1648 3234 1737 3284 est
1768 3226 2022 3285 vocativi
2066 3241 2236 3285 casus

163 3304 219 3350 ²⁵
237 3314 298 3365 et
327 3308 488 3367 venit
517 3324 550 3366 a
581 3308 930 3368 nominativo
963 3326 1157 3377 meus;
1201 3307 1336 3368 mihi
1370 3309 1753 3388 compositum
1783 3325 2103 3388 pronomen
2134 3307 2231 3369 da·
2286 3369 2315 3395 ⁶

233 3391 338 3449 tivi
372 3409 571 3460 casus;
619 3400 678 3451 et
703 3393 780 3452 mi
813 3391 1121 3471 aliquando
1153 3392 1385 3471 ponitur
1415 3409 1524 3472 pro
1558 3391 1837 3453 adverbio
1881 3392 2134 3455 adfativo
2174 3398 2234 3451 ut

232 3472 378 3535 vale
403 3474 490 3535 mi
505 3473 715 3554 frater
741 3476 1071 3537 carissime
1104 3476 1269 3536 mihi.

361 3557 670 3619 Miseratus
716 3568 775 3619 et
813 3560 1104 3641 misertus]
1151 3559 1304 3639 quod
1333 3560 1596 3621 miserari
1642 3559 1983 3621 calamitatis
2022 3566 2079 3617 et
2112 3554 2232 3616 fcr-
