2700 4234
980 355 1394 403 PRAEFATIO.
1895 357 2085 406 Lxxv

70 503 72 538 ¹
246 514 453 582 initia,
496 529 640 584 quae
673 513 1051 582 incrementa,
1097 529 1233 584 quas
1264 513 1599 570 mutationes
1628 513 1921 584 habuerit,
1967 521 2078 572 tum

240 597 319 652 de
354 596 537 651 claris
566 596 945 670 scriptoribus
979 592 1115 668 (cfr.
1144 614 1201 668 p.
1234 601 1359 665 259,
1393 601 1478 654 24.
1528 601 1652 666 269,
1689 592 1789 668 37)
1819 597 2078 666 singula-

243 681 344 735 tim
384 685 622 750 ageret,
660 685 1075 750 temporumque
1119 679 1372 735 ordinem
1416 686 1640 734 secutus
1685 695 1876 736 eorum
1913 681 2080 737 vitam

241 769 301 818 et
348 762 575 834 scripta
617 762 870 818 breviter
910 763 1309 834 perscriberet.
1403 760 1575 827 Quam
1603 778 1740 819 vero
1775 762 2081 833 diligenter

236 847 482 916 singula
498 840 569 912 ³⁸)
597 851 983 917 perscrutatus
1025 846 1101 900 sit
1128 851 1525 916 auctorumque
1571 845 1905 902 testimoniis
1940 863 2078 902 con-

240 929 598 998 firmaverit,
645 929 939 1000 praeclaro
986 929 1242 1000 exemplo
1274 928 1522 983 Terentii
1556 928 1670 984 vita
1713 930 2076 986 demonstrat.

380 1011 502 1067 Hac
538 1011 787 1067 editione
820 1011 1069 1067 libellum
1105 1011 1325 1082 quidem
1351 1011 1421 1066 de
1453 1011 1832 1068 Grammaticis
1863 1019 1920 1067 et
1947 1015 2078 1069 rhe-

240 1095 497 1163 toribus,
534 1099 591 1148 ut
620 1095 801 1150 adhuc
830 1094 953 1164 fuit,
984 1100 1301 1165 separatum
1331 1094 1689 1166 reliquimus3
1731 1100 1948 1151 ceteras
1977 1114 2076 1152 au-

244 1184 365 1232 tem
399 1177 673 1248 reliquias
702 1177 781 1233 ita
814 1178 958 1233 inter
986 1194 1049 1233 se
1084 1179 1514 1249 composuimus,
1547 1184 1606 1232 ut
1630 1178 1775 1233 vitas
1809 1193 1950 1248 quae
1981 1196 2078 1234 su·

245 1265 494 1332 pereunt
549 1260 807 1331 integrae
851 1276 973 1315 cum
1018 1261 1286 1316 brevibus
1334 1260 1450 1315 illis
1504 1261 1757 1317 chronici
1797 1261 2077 1332 Hierony-

243 1343 427 1400 miani
485 1342 869 1410 notationibus
920 1343 1386 1414 coniungeremus
1441 1360 1506 1398 ac
1561 1360 1666 1417 pro
1708 1345 1976 1400 librorum
2022 1351 2078 1400 et

242 1433 569 1513 temporum
602 1425 821 1482 ratione
852 1426 1292 1499 disponeremus.
1335 1427 1650 1482 Meminerit
1677 1428 1850 1498 igitur
1872 1429 2074 1498 lector,

238 1527 316 1566 ea
368 1511 501 1565 loca
530 1509 858 1578 Hieronymi
900 1510 1119 1580 singula
1153 1526 1255 1582 pro
1286 1511 1438 1565 tenui
1471 1511 1704 1581 quadam
1748 1512 1938 1568 umbra
1977 1527 2075 1567 co-

240 1594 544 1665 piosarum
568 1593 825 1661 vitarum,
848 1594 1042 1664 quales
1075 1593 1370 1649 nonnullas
1401 1593 1620 1649 fortuna
1651 1594 1916 1664 servavit,
1949 1611 2078 1650 esse

238 1676 538 1744 habenda,
573 1676 838 1731 universa
865 1692 1003 1739 vero
1030 1692 1099 1731 ne
1132 1675 1395 1731 dimidiae
1429 1675 1648 1746 quidem
1678 1675 1854 1746 partis
1889 1676 2078 1748 operis

242 1777 276 1816 a
310 1759 649 1830 Tranquillo
691 1759 892 1830 scripti
926 1758 1147 1815 nomina
1178 1759 1424 1830 prodere
1455 1775 1521 1813 ac
1549 1757 1884 1814 memoriam.
1947 1757 2079 1814 Nam

242 1859 378 1898 cum
421 1842 912 1912 grammaticorum
950 1841 1102 1898 xxu
1144 1841 1510 1914 superstitum
1551 1841 1922 1911 Hieronymus
1967 1857 2076 1898 non

243 1925 499 1997 amplius
543 1925 822 1996 quinque,
879 1927 1163 1982 rhetorum
1216 1931 1398 1982 autem
1441 1925 1566 1981 XVI
1623 1931 1828 1980 tautum
1883 1926 2076 1980 decem

241 2009 545 2064 mentione
598 2009 803 2078 dignos
856 2008 1219 2086 iudicaverit,
1277 2009 1468 2080 itaque
1509 2010 1577 2064 de
1621 2008 1754 2064 vitis
1795 2008 2073 2066 XXXVIII

240 2090 578 2163 quindecim
626 2092 827 2147 reddat
866 2092 1057 2163 aliquo
1096 2092 1259 2148 modo
1302 2091 1358 2146 in
1394 2091 1673 2165 epitomen
1719 2099 2070 2148 contractas:

240 2175 381 2247 plus
417 2189 577 2244 quam
611 2173 893 2232 dimidiam
933 2181 1147 2247 partem
1183 2175 1485 2230 Illustrium
1517 2175 1792 2244 virorum,
1843 2192 2073 2247 quorum

240 2258 400 2312 vitas
432 2273 464 2312 a
498 2257 770 2312 Suetonio
796 2259 961 2329 plene
991 2259 1233 2331 scriptas
1264 2259 1517 2313 manibus
1544 2259 1790 2327 tenebat,
1819 2265 2072 2329 praeter-

242 2340 480 2408 misisse
513 2345 572 2394 et
600 2339 749 2410 quod
784 2340 839 2395 in
880 2357 947 2396 eo
982 2340 1087 2396 fuit
1122 2340 1397 2396 oblivioni
1431 2341 1733 2396 tradidisse
1763 2340 1875 2394 dici
1909 2345 2070 2413 pote-

242 2418 443 2496 rit-⁵⁹).
534 2421 648 2478 Sed
685 2421 860 2494 iniqui
906 2441 975 2478 ne
1020 2424 1225 2492 simus,
1280 2424 1463 2493 gratia
1507 2425 1558 2478 ei
1601 2422 1788 2496 potius
1816 2423 2070 2479 habenda

246 2507 365 2562 erit
406 2522 599 2562 eorum
634 2523 777 2577 quae
829 2507 1075 2563 servavit
1120 2523 1281 2578 quam
1335 2507 1686 2562 irascendum
1724 2513 1960 2579 propter
2001 2523 2066 2562 ea

248 2607 400 2660 quae
431 2589 766 2661 suppressit.

375 2671 445 2726 Et
475 2687 610 2727 vere
647 2672 918 2728 Suetonio
960 2672 1243 2728 reddenda
1282 2689 1409 2728 esse
1439 2673 1620 2730 omnia
1669 2675 1790 2728 sere
1823 2690 1966 2745 quae
1997 2675 2069 2729 de

252 2755 518 2811 Romanis
580 2755 955 2826 scriptoribus
972 2749 1045 2830 ⁶⁰)
1117 2755 1263 2827 apud
1330 2755 1728 2825 Hieronymum
1781 2757 2066 2825 leguntur,

251 2844 385 2909 post
414 2838 716 2894 Pontacum
748 2845 803 2894 et
837 2838 1220 2908 Scaligerum‚
1262 2837 1566 2894 Eusebiani
1603 2838 1853 2893 chronici
1887 2839 2067 2893 edito-

386 3047 483 3112 58)
518 3051 595 3098 Ita
634 3065 763 3112 quae
801 3065 851 3115 p.
876 3049 996 3111 258,
1029 3049 1093 3098 12
1125 3051 1379 3116 leguntur,
1417 3051 1638 3100 Varroni
1673 3051 1934 3113 debentur,
1973 3050 2065 3100 cfr.

208 3157 221 3170 .
247 3117 445 3167 Plinius
479 3131 531 3170 n.
563 3116 618 3166 h.
650 3117 717 3168 25
746 3121 777 3180 5
798 3119 882 3167 24.

390 3180 487 3245 59)
552 3185 683 3235 Vide
737 3186 890 3236 modo
940 3193 1165 3236 oratores
1205 3201 1257 3252 p.
1298 3185 1402 3236 289
1446 3193 1496 3236 et
1532 3185 1801 3237 historicos
1855 3201 1908 3252 p.
1947 3184 2068 3247 300,

244 3268 469 3318 quorum
514 3267 619 3304 non
660 3255 973 3318 antiquiores
1011 3255 1424 3304 commemoravit
1469 3253 1709 3304 Cicerone
1757 3262 1805 3304 et
1837 3253 2066 3304 Cornelio

246 3321 322 3371 Ne
362 3329 461 3372 ote.

322 3337 359 3388 P
386 3389 483 3454 60)
522 3389 635 3440 Non
666 3392 872 3441 omnino
908 3391 1101 3450 omnia3
1148 3405 1265 3440 nam
1292 3391 1497 3441 aliunde
1531 3392 1744 3457 petitum
1777 3399 1854 3442 est
1879 3405 1927 3441 ν.
1951 3405 1994 3440 c.
2016 3391 2070 3442 id

248 3458 389 3520 quod
426 3457 655 3509 Remmio
696 3458 987 3508 Palaemoni
1019 3458 1305 3509 subiunxit:
1338 3460 1426 3524 qui
1449 3462 1692 3523 quondam
1726 3463 2068 3524 interrogatus

246 3527 372 3588 qnid
409 3528 545 3576 inter
574 3530 756 3578 stillam
804 3537 857 3577 et
888 3535 1079 3592 guttam
1121 3530 1412 3586 interesset,
1461 3537 1646 3592 ,qutta
1699 3531 1855 3594 inquit
1899 3535 2037 3578 stat

246 3595 440 3644 stilla
488 3597 697 3646 cadit.
769 3595 899 3646 Vide
933 3597 1083 3644 etiam
1120 3595 1257 3645 infra
1294 3596 1466 3648 adnot.
1503 3595 1588 3648 63.
