2700 4234
708 307 751 358 ῑι
846 317 853 324 “
1393 307 1806 355 PRAEFATIO.

719 469 974 539 vesliyalo
1012 457 1043 546 ΙΙ
1084 471 1221 537 248,
1275 474 1304 527 1
1350 471 1588 521 actorem
1633 466 1741 521 cod
1764 465 2005 534 Lislaei,
2046 465 2376 522 Torrentius
2429 485 2541 540 pro

719 557 999 607 auctorem
1038 545 1047 626 Ι
1085 556 1120 609 4
1148 549 1479 605 Arrecinum
1524 548 1909 618 scribendum,
1951 548 2053 603 cfr.
2093 547 2542 607 Orelli-Henzen

718 635 992 709 inscriptt.
1046 648 1136 689 no.
1166 638 1305 694 5429
1343 629 1355 704 Ι
1392 638 1461 692 29
1494 633 1759 688 dictumve
1789 631 2115 688 Torrentius
2157 648 2265 705 pro
2303 635 2544 689 dictum-

716 733 823 790 que
862 710 871 795 Ι
908 723 977 778 34
1006 719 1093 773 vel
1123 716 1184 772 lo
1198 714 1266 771 Fr
1283 715 1594 772 Gronovius
1631 731 1734 787 pro
1765 717 1905 772 velut
1937 714 1950 789 Ι
1989 721 2091 776 249
2151 723 2186 777 9
2220 723 2544 772 revocatam

720 801 1023 859 Salmasius
1074 815 1178 871 pro
1218 805 1466 855 vocatam
1511 799 1603 854 vel
1646 805 1921 856 evocatam
1975 793 1985 876 Ι
2033 805 2102 856 22
2156 803 2282 855 arci
2315 800 2540 857 Memm.

717 888 830 940 arti
862 883 1016 940 Paris
1046 888 1199 943 6116.
1250 884 1320 941 al.
1371 885 1534 938 arcui
1566 882 1691 937 Med
1707 888 1756 939 1.
1790 889 1840 942 3.
1868 882 1958 938 ·al.
2003 881 2142 938 Edd.
2180 869 2364 957 ἀρκεῖ
2393 884 2540 940 Tur-

718 968 892 1023 nebus
934 960 943 1042 Ι
981 973 1052 1027 23
1082 972 1210 1038 quot
1236 967 1343 1022 cod
1358 966 1526 1022 Basil.
1564 965 1634 1020 ed
1648 966 1782 1020 Rom
1799 974 1847 1025 1.
1878 971 1911 1023 2
1947 982 2052 1038 pro
2085 966 2232 1039 quod
2265 958 2278 1046 Ι
2315 975 2379 1027 31
2409 983 2542 1022 con-

716 1053 1020 1121 spiratione
1066 1050 1269 1105 omittit
1307 1050 1518 1105 Memm.
1565 1040 1591 1126 ΙΙ
1629 1055 1764 1118 250,
1811 1055 1844 1106 2
1872 1065 2110 1121 namque
2147 1052 2294 1122 quod
2320 1051 2540 1106 Memm.

718 1133 872 1190 Paris
891 1139 1049 1194 6116.
1076 1124 1177 1209 aL}
1210 1139 1260 1189 2.
1295 1140 1329 1192 3
1355 1132 1568 1189 Graeca
1595 1131 1802 1189 habeut
1828 1133 2038 1188 Memm.
2073 1133 2259 1191 Medl.
2287 1141 2337 1194 3.
2383 1135 2538 1190 Poli-

718 1218 901 1274 tianus
936 1211 1307 1289 (Beroaldus)
1354 1216 1461 1272 soli
1501 1215 1512 1288 Ι
1550 1203 1667 1269 κᾶν
1699 1232 1826 1286 ego.
1874 1203 1990 1287 κῆν
2021 1215 2346 1274 PolitianuS.
2403 1221 2538 1271 ΚΑΙ

716 1302 927 1357 Memm.
1017 1293 1113 1354 σοί
1136 1287 1310 1374 τράγε
1341 1315 1473 1369 ego.
1515 1294 1769 1374 Καίσαρι
1798 1299 2120 1356 Politianus.
2168 1302 2540 1358 ΟΟΙΚΑΡΘΘ

717 1385 929 1464 Memm.
1024 1390 1091 1442 10
1134 1387 1379 1454 tempore
1409 1383 1620 1438 Memm.
1671 1399 1701 1438 a
1733 1381 1909 1455 prima
1948 1399 2110 1439 manu
2142 1399 2248 1456 pro
2289 1389 2539 1456 tempore

716 1482 844 1526 vero
880 1467 971 1524 vel
1001 1472 1243 1537 tempore
1269 1480 1484 1539 quoque
1521 1459 1530 1544 Ι
1573 1471 1636 1525 16
1663 1467 1972 1522 audendum
1999 1465 2137 1522 Edd.
2171 1481 2273 1538 pro
2297 1468 2535 1524 audien-

638 1589 643 1592 -
718 1553 845 1607 dam
884 1552 895 1618 Ι
935 1556 1305 1622 36ne9antem
1324 1549 1640 1620 Stephanus
1668 1543 1695 1626 ΙΙ
1725 1555 1848 1618 251,
1874 1557 1941 1610 13
1967 1552 2122 1605 circa
2151 1549 2282 1606 libri
2315 1567 2537 1623 omnm,

718 1636 821 1692 cfr.
855 1652 913 1707 p.
958 1639 1088 1702 148,
1126 1641 1192 1694 35
1231 1627 1243 1712 Ι
1280 1640 1348 1694 30
1379 1632 1617 1689 obvoluto
1648 1634 1726 1688 ad
1763 1632 1918 1689 Paris
1942 1639 2096 1694 6116.
2131 1633 2202 1689 al.
2245 1632 2384 1690 Edd.
2443 1636 2538 1690 ob-

718 1720 893 1775 voluto
941 1721 996 1773 in
1037 1717 1163 1772 Med
1183 1724 1297 1777 1.3.
1347 1717 1418 1772 al.
1467 1715 1802 1772 obvolutamb
1829 1717 2041 1772 Memm.
2097 1708 2108 1794 Ι
2159 1717 2410 1772 dolonem
2443 1719 2538 1774 Iac

717 1800 1009 1857 Ferrarius
1039 1816 1142 1871 pro
1172 1801 1351 1855 dolum
1391 1797 1400 1871 Ι
1439 1803 1508 1860 34
1540 1805 1592 1854 el
1618 1799 1876 1855 Saturius
1907 1800 2061 1856 Paris
2093 1805 2247 1861 6116.
2289 1801 2360 1856 al.
2392 1801 2538 1858 Edd.

717 1889 799 1939 est
826 1890 881 1938 et
912 1882 1083 1938 Satur
1110 1884 1319 1938 Momm.
1369 1883 1543 1943 Med3
1580 1875 1590 1958 Ι
1627 1889 1694 1942 35
1725 1897 1867 1938 arae
1904 1881 2126 1939 Ernesti
2156 1899 2260 1955 pro
2289 1899 2465 1940 curae
2509 1879 2560 1952 n'

718 1971 852 2037 252,
897 1971 1193 2025 seonatur
1225 1965 1380 2021 Paris
1395 1970 1547 2025 6116.
1587 1965 1704 2020 Exc
1722 1965 1906 2024 Cuiac.
1949 1965 2259 2039 Stephanus
2289 1983 2398 2038 pro
2443 1984 2539 2024 cc·

718 2054 913 2104 natum
966 2040 979 2126 Ι
1024 2054 1059 2107 8
1088 2048 1301 2121 Phyllis
1332 2049 1735 2106 codVindob2.
1775 2050 1843 2105 ed
1866 2051 1998 2106 Rom
2013 2055 2063 2107 2.
2110 2065 2212 2122 pro
2248 2049 2484 2123 Phyllac
2523 2054 2536 2119 Ι

721 2139 787 2193 19
816 2133 995 2188 adhoc
1024 2133 1235 2188 Memm.
1268 2133 1394 2187 Med
1416 2138 1526 2193 1.3.
1562 2132 1632 2189 al.
1673 2124 1685 2210 Ι
1723 2138 1793 2192 19
1822 2133 1874 2188 el
1893 2136 2134 2188 animum
2163 2133 2288 2189 Med
2303 2143 2351 2193 1.
2370 2141 2422 2196 3.
2456 2135 2534 2192 al.

720 2219 961 2272 animum
991 2217 1201 2273 Memm.
1260 2215 1591 2286 Pari3‚6116.
1648 2217 1718 2271 al.
1752 2216 1886 2272 Edd.
1927 2209 1937 2296 Ι
1975 2224 2043 2277 33
2092 2216 2383 2290 effingeret
2426 2219 2537 2275 Be-
2637 2241 2655 2303 ¹<

721 2301 950 2357 roaldus
990 2295 1108 2377 [34
1138 2315 1303 2372 scopo
1333 2297 1645 2371 Stephanus
1685 2292 1695 2377 Ι
1732 2305 1802 2359 38
1844 2303 2113 2372 reparari
2150 2301 2376 2369 Duker,
2428 2303 2536 2359 cfr.

721 2402 774 2456 p.
809 2389 932 2454 107,
963 2389 1049 2441 20.
1113 2388 1234 2453 267,
1273 2388 1339 2441 14
1381 2374 1410 2458 ΙΙ
1449 2387 1586 2452 253,
1635 2390 1668 2442 5
1698 2384 1874 2437 azimo
1906 2385 2174 2440 eodm-ib.
2210 2383 2426 2444 Palaia.
2463 2385 2537 2441 ed

723 2467 855 2522 Ro'm
870 2473 921 2523 2.
955 2467 1141 2525 Venl.
1174 2464 1360 2537 alfeno
1395 2466 1606 2522 Mamm.
1641 2465 1794 2522 Paris
1812 2471 1966 2526 6116.
2013 2467 2084 2524 al.
2125 2467 2302 2522 alieno
2343 2467 2536 2539 alfeno

722 2549 846 2604 Med
862 2557 912 2608 3.
946 2549 1016 2604 al.
1062 2550 1239 2604 alieno
1282 2548 1568 2620 alphabeto
1596 2549 1721 2604 Med
1734 2557 1783 2608 1.
1818 2550 1888 2604 al.
1929 2547 1938 2618 Ι
1977 2555 2010 2609 6
2037 2555 2092 2606 el
2115 2551 2384 2606 dictorum
2414 2549 2536 2608 Exc

722 2631 892 2688 Notre
907 2631 1440 2702 Dame,Torrentius
1479 2623 1489 2711 Ι
1526 2639 1560 2692 9
1585 2638 1636 2688 et
1665 2647 1864 2687 canum
1894 2633 2019 2689 Med
2035 2641 2082 2692 1.
2099 2641 2150 2694 3.
2189 2634 2261 2690 al.
2323 2640 2376 2690 el
2400 2650 2535 2690 con-

724 2717 985 2772 dicionem
1018 2731 1126 2786 ego
1165 2708 1173 2790 Ι
1213 2721 1279 2772 21
1313 2715 1598 2772 deuelleret
1626 2715 1805 2786 Guyet
1836 2733 1942 2788 pro
1976 2716 2251 2772 divelleret
2293 2708 2304 2795 Ι
2333 2723 2470 2789 254,
2500 2723 2534 2778 7

725 2800 812 2855 rei
828 2817 894 2872 p.
930 2805 1130 2856 statum
1160 2798 1481 2859 Paris6116.
1526 2799 1595 2854 al.
1637 2797 1774 2854 Edd.
1815 2804 2013 2855 statum
2044 2802 2129 2856 rei
2158 2818 2223 2872 p.
2255 2801 2382 2857 Med
2399 2809 2448 2860 1.
2479 2809 2533 2862 3.

724 2884 794 2940 al.
832 2897 1021 2938 rerum
1044 2887 1243 2938 statum
1261 2883 1478 2952 publice
1505 2883 1714 2939 Memm.
2177 2897 2184 2902 ·

849 2967 960 3022 lam
986 2965 1277 3021 dicendum
1311 2971 1399 3020 est
1429 2966 1495 3020 de
1520 2965 1823 3036 Tranquilli
1855 2966 2071 3038 libello,
2102 2966 2313 3038 exiguo
2344 2967 2446 3024 illo
2481 2975 2536 3022 el

724 3049 1007 3119 mutilate,
1052 3047 1143 3120 qui
1194 3049 1276 3104 de
1318 3047 1808 3104 Grammaticis
1855 3055 1923 3105 et
1948 3051 2174 3106 Rheto
2195 3050 2302 3106 rib
2321 3068 2398 3108 us
2448 3051 2536 3105 in-

615 3158 628 3172 ·
725 3133 1009 3190 scribitur.
1068 3131 1203 3187 Eum
1229 3132 1478 3188 libellum
1512 3138 1724 3204 partem
1751 3132 1883 3188 olim
1918 3133 2094 3189 fuisse
2131 3133 2362 3190 maioris
2394 3150 2529 3206 ope·

726 3218 837 3285 εἰς,
884 3217 1029 3288 quod
1072 3216 1153 3272 de
1189 3216 1625 3271 Illustribus
1677 3215 1870 3271 viris
1918 3216 2219 3273 Suetonius
2261 3218 2535 3289 scriptum

725 3301 986 3371 reliquit,
1028 3299 1172 3355 infra
1210 3298 1564 3368 docebimus,
1595 3315 1716 3354 cum
1761 3298 1830 3354 de
1867 3300 2177 3372 deperditis
2210 3300 2334 3356 eius
2369 3300 2536 3356 libris

727 3382 961 3438 dicetur.
1024 3380 1177 3436 Nunc
1200 3382 1270 3437 de
1303 3384 1412 3438 hoc
1440 3381 1634 3439 libello
1662 3382 1809 3451 solu,
1847 3389 1906 3439 ut
1936 3384 2233 3455 separatim
2269 3383 2533 3440 inventus

727 3471 783 3520 et
811 3465 1069 3536 vulgatus
1100 3471 1205 3534 est,
1236 3481 1424 3536 agam,
1459 3466 1565 3521 hoc
1597 3463 1800 3521 lantum
1833 3466 2139 3538 praefatus,
2169 3482 2332 3521 unum
2363 3467 2534 3522 libel-

722 3549 832 3604 lum
862 3548 1037 3604 fuisse
1068 3548 1138 3604 de
1159 3548 1537 3620 >grammaticis
1569 3553 1624 3603 et
1653 3549 1993 3623 rhetoribuS,
2025 3565 2135 3605 non
2169 3549 2329 3605 duos.
2420 3548 2533 3606 No-
