2700 4234
1044 371 1388 420 trnmnms.
1868 405 1874 414 -
2110 370 2138 430 1
2155 372 2228 432 17

220 529 388 590 modo
420 526 764 603 destinavit,
806 541 921 586 non
964 535 1185 586 temere
1226 527 1532 606 quicquam
1565 531 1675 589 nisi
1706 548 1782 590 ex
1807 540 1929 592 tuto
1963 552 2225 597 ausurus.

220 613 333 674 Sed
368 608 815 690 tempestatibus
852 619 909 669 et
937 610 1388 688 ingravescente
1420 613 1476 670 vi
1511 613 1700 673 morbi
1730 623 2012 694 retentus,
2049 620 2224 697 paulo

216 707 349 777 post
380 695 525 756 obiit
562 695 619 753 in
655 693 794 754 villa
824 693 1169 771 Lucullana,
1208 703 1422 754 octavo
1457 704 1516 755 et
1552 701 1986 776 septuagesimo
2019 705 2226 764 aetatis

215 799 385 857 anno,
436 781 613 839 tertio
669 785 728 838 et
770 779 1051 838 vicesimo
1086 779 1333 857 imperii,
1392 779 1578 839 XVII.
1605 780 1698 840 Kl.
1729 782 1844 861 Ap.
1889 782 2008 844 CN.
2039 785 2224 846 Acer-

176 889 198 928 5
217 867 385 925 ronio
414 863 668 924 Proculo
700 859 767 922 G.
802 862 1009 922 Pontio
1032 861 1277 938 Nigrino
1306 880 1501 922 conse.

336 949 481 1009 Sunt
514 948 611 1026 qui
641 954 877 1024 putent,
923 963 1211 1016 venenum
1239 947 1293 1006 ei
1325 965 1360 1006 a
1395 945 1536 1008 Gaio
1574 947 1766 1009 datum
1802 949 2018 1011 lentum
2050 962 2223 1033 atque

209 1031 533 1100 tabificum;
583 1031 717 1108 alii,
766 1031 824 1089 in
867 1031 1212 1089 remissione
1247 1031 1520 1092 fortuitae
1561 1031 1746 1092 febris
1777 1033 1966 1095 cibum
1997 1036 2221 1097 deside·

208 1119 355 1178 ranti
390 1124 701 1193 negatum;
736 1113 1029 1191 nonnulli,
1078 1113 1372 1192 pulvinum
1406 1116 1696 1194 iniectum,
1742 1135 1869 1178 cum
1899 1129 2224 1182 extractum

208 1201 322 1262 sibi
365 1201 659 1260 deficienti
702 1197 929 1258 anulum
958 1215 1095 1259 mox
1135 1199 1494 1278 resipiscens
1537 1203 1904 1279 requisisset.
1995 1204 2222 1264 Seneca

147 1305 194 1347 ιο
215 1302 349 1345 eum
377 1283 607 1360 scribit,
652 1281 949 1342 intellecta
991 1281 1358 1359 defectione,
1403 1293 1734 1362 exemptum
1780 1287 2009 1346 anulum
2057 1290 2224 1368 quasi

208 1369 387 1430 alicui
425 1366 757 1428 traditurum
788 1384 1100 1446 parumper
1139 1367 1432 1442 tenuisse,
1479 1366 1609 1427 dein
1638 1386 1839 1428 rursus
1868 1379 2102 1450 aptasse
2140 1371 2219 1431 di-

206 1455 374 1530 gito,
431 1461 490 1511 et
538 1468 879 1528 compressa
930 1452 1162 1510 sinistra
1204 1468 1374 1510 manu
1418 1452 1670 1512 iacuisse
1705 1452 1800 1512 diu
1840 1455 2218 1526 immobilem

209 1536 403 1596 subito
429 1537 659 1596 vocatis
682 1535 954 1594 ministris
980 1552 1051 1594 ac
1074 1537 1302 1594 nemine
1326 1535 1738 1614 respondente,
1758 1540 2221 1619 consurrexisse,

208 1639 321 1680 nec
354 1619 564 1699 procul
598 1638 631 1679 a
654 1618 871 1678 lectulo
909 1617 1313 1678 deficientibus
1344 1618 1564 1679 viribus
1590 1619 1940 1680 concidisse.

146 1721 189 1762 ιε
341 1707 630 1782 Supremo
654 1703 828 1763 natali
858 1719 964 1762 suo
1002 1701 1341 1780 Apollinem
1368 1701 1724 1763 Temenitem
1748 1713 1806 1763 et
1837 1705 2220 1785 amplitudinis
2237 1713 2304 1768 74

208 1798 267 1848 et
290 1789 437 1848 artis
470 1789 749 1864 eximiae,
787 1785 1095 1846 advectum
1126 1787 1436 1862 Syracusis
1470 1788 1609 1846 utin
1641 1787 1997 1850 bibliotheca
2020 1790 2219 1869 templi

206 1875 347 1932 novi
382 1880 733 1950 poneretur,
778 1869 1003 1930 viderat
1048 1888 1156 1948 per
1199 1871 1452 1949 quietem
1497 1871 1876 1932 affirmantem
1919 1873 2064 1952 sibi,
2105 1891 2220 1933 non

209 1973 399 2035 posse
433 1973 497 2015 se
538 1955 607 2015 ab
639 1957 772 2034 ipso
799 1954 1074 2015 dedicari.
1142 1954 1217 2014 Et
1250 1963 1382 2015 ante
1406 1972 1628 2036 paucos
1663 1974 1834 2035 quam
1871 1957 2062 2018 obiret
2095 1957 2222 2018 dies

206 2041 392 2100 turris
434 2039 603 2100 Phari
647 2049 840 2100 terrae
877 2047 1035 2099 motu
1072 2037 1315 2118 Capreis
1361 2039 1630 2100 concidit.
1705 2041 1798 2101 Ac
1826 2041 2033 2102 Miseni
2078 2043 2220 2101 cinis

138 2140 187 2180 20
208 2143 239 2184 e
273 2123 479 2184 favilla
513 2132 572 2183 et
606 2122 953 2184 carbonibus
986 2121 1057 2182 ad
1083 2122 1499 2184 calfaciendum
1534 2120 1840 2184 triclinium
1869 2125 2087 2203 inlatis,
2121 2144 2220 2185 ex-

205 2210 424 2268 tinctus
454 2210 567 2267 iam
595 2216 653 2268 et
681 2207 775 2266 diu
807 2207 1068 2285 frigiduS,
1104 2209 1320 2267 exarsit
1351 2216 1598 2286 repente
1635 2209 1816 2285 prima
1856 2226 2107 2287 vespera
2140 2219 2218 2269 at-

209 2309 321 2371 que
353 2294 415 2352 in
440 2290 677 2352 multam
709 2300 939 2351 noctem
972 2292 1349 2370 pertinaciter
1387 2291 1550 2350 luxit.
1725 2314 1730 2320 ·

335 2375 529 2436 Morte
568 2377 693 2435 eius
728 2376 804 2435 ita
848 2375 1093 2435 laetatus
1136 2383 1227 2434 est
1263 2375 1547 2453 populuS,
1593 2384 1652 2434 ut
1695 2375 1766 2435 ad
1803 2376 2040 2454 primum
2080 2393 2216 2436 nun·
2235 2393 2306 2452 75

206 2462 345 2520 tium
382 2459 779 2520 discurrentes
818 2476 987 2537 pars:
1039 2457 1347 2519 Tiberium
1381 2459 1444 2518 in
1490 2456 1798 2519 Tiberim!
1837 2459 2218 2537 clamitarent,

138 2560 190 2599 25
210 2561 347 2621 pars
376 2543 617 2604 Terram
641 2552 879 2604 matrem
916 2541 1179 2621 deosque
1208 2542 1408 2602 Manes
1439 2551 1704 2620 orarent,
1747 2562 1825 2604 ne
1850 2551 2092 2605 mortuo
2124 2561 2216 2604 se-

208 2626 345 2688 dem
376 2627 573 2688 ullam
596 2626 723 2688 nisi
747 2627 906 2686 inter
930 2627 1155 2704 impios
1184 2626 1426 2703 darent,
1463 2626 1557 2688 alii
1586 2645 1790 2688 uncum
1827 2636 1886 2687 et
1913 2627 2222 2690 Gemonias

138 2710 144 2714 ’
210 2711 487 2771 cadaveri
524 2712 908 2787 minarentur,
964 2710 1301 2770 exacerbati
1345 2728 1524 2789 super
1558 2713 1890 2772 memoriam
1940 2713 2220 2790 pristinae

212 2795 577 2856 crudelitatis
604 2797 775 2856 etiam
806 2796 1029 2854 recenti
1060 2795 1384 2854 atrocitate.
1461 2793 1608 2854 Nam
1647 2813 1774 2854 cum
1809 2804 2045 2855 senatus
2083 2813 2219 2856 con·

212 2877 367 2937 sulto
402 2888 623 2940 cautum
656 2874 815 2940 esset
842 2887 902 2938 ut
939 2895 1128 2957 poena
1160 2877 1552 2939 damnatorum
1582 2879 1639 2936 in
1677 2877 1960 2938 decimum
1989 2897 2224 2958 semper

141 2973 190 3013 30
212 2960 365 3021 diem
398 2961 746 3040 differretur,
792 2963 947 3022 forte
978 2960 1190 3022 accidit
1227 2971 1285 3022 ut
1324 2959 1680 3040 quorundam
1711 2961 1982 3041 supplicii
2013 2961 2139 3022 dies
2171 2963 2222 3022 is

207 3055 391 3123 esset,
429 3064 543 3124 quo
580 3049 891 3106 nuntiatum
922 3045 993 3106 de
1023 3044 1259 3106 Tiberio
1297 3054 1441 3105 erat.
1499 3045 1624 3105 Hos
1652 3045 2011 3124 implorantis
2040 3045 2220 3105 homi·

207 3146 341 3189 num
371 3130 578 3206 fidem,
625 3133 756 3210 quia
791 3131 1033 3190 absente
1068 3128 1257 3189 adhuc
1295 3127 1437 3190 Gaio
1467 3147 1637 3189 nemo
1671 3128 1905 3189 extabat
1945 3131 2040 3208 qui
2075 3128 2219 3190 adiri

206 3214 693 3294 interpellarique
727 3223 964 3294 posset,
1004 3212 1307 3289 custodeS,
1349 3231 1424 3272 ne
1461 3212 1596 3292 quid
1628 3213 1912 3274 adversus
1945 3216 2220 3274 eonstitu-
2313 3209 2318 3214 ’

206 3305 323 3355 tum
362 3299 663 3375 facerent,
723 3297 1231 3375 strangulaverunt
1276 3296 1730 3376 abieceruntque
1777 3299 1834 3356 in
1890 3294 2216 3359 Gemonias.

134 3399 185 3440 35
209 3377 415 3442 Crevit
445 3383 623 3459 igitur
656 3383 867 3443 invidia
886 3427 903 3458 ,
947 3381 1110 3460 quasi
1135 3381 1306 3441 etiam
1336 3390 1473 3461 post
1499 3389 1743 3441 mortem
1772 3382 1998 3456 tyranni
2029 3383 2216 3442 saevi·

204 3464 283 3522 tia
313 3475 715 3544 permanente.
792 3465 1023 3544 Corpus
1058 3473 1117 3524 ut
1146 3465 1372 3524 moveri
1398 3483 1430 3524 a
1460 3461 1948 3545 Misenocoepit,
1983 3465 2216 3526 concla-

202 3547 496 3609 mantibus
527 3547 823 3629 plerisque
846 3547 1113 3611 Atellam
1131 3548 1343 3626 potius
1373 3546 1772 3628 deferendum
1800 3555 1858 3610 et
1886 3548 1952 3609 in
1978 3547 2212 3626 amphi-
