2700 4234
921 349 1334 398 PRAEFATIO.
1776 312 2025 401 xxxvh

225 508 474 577 debatur,
511 513 739 563 secutus
772 524 890 563 sum
926 524 974 562 e.
1009 524 1093 578 gr.
1129 507 1186 562 in
1231 507 1549 564 scribendis
1584 507 1814 567 Graecis
1850 526 2019 567 voca-

223 592 354 647 bulis
387 590 588 647 litteris
621 592 711 647 vel
749 591 976 646 Graecis
1013 592 1103 646 vel
1135 586 1447 663 Latinis²⁶).

328 674 515 729 Restat
565 679 628 729 ut
678 674 1051 731 adnotationis
1109 674 1339 729 criticae
1397 676 1669 732 rationem
1725 692 2017 749 exponam.
2064 688 2305 753 Adnotatu»

221 758 469 814 Brevitati
505 762 564 812 ut
597 758 980 826 consulerem,
1018 774 1202 813 earum
1234 763 1440 814 tantum
1482 758 1780 815 lectionum
1828 767 2021 818 aucto·
2100 738 2264 783 “¹³⁶‘'

223 840 400 897 ritates
431 841 705 913 apposui,
755 841 896 913 quae
938 841 1029 896 vel
1066 858 1137 895 ex
1180 841 1340 896 libris
1384 843 1657 898 correctis
1690 844 1782 898 vel
1815 860 1887 899 ex
1918 845 2020 901 do-

223 932 417 981 ctorum
452 924 732 982 hominum
765 925 1087 980 coniectura
1127 929 1392 996 receptae
1426 932 1565 981 sunt.
1660 926 1815 982 Sciat
1845 927 2021 998 igitur

222 1008 387 1064 lector
415 1010 609 1064 harum
637 1024 820 1064 rerum
855 1007 1170 1076 studiosus,
1217 1008 1311 1063 ubi
1342 1006 1480 1063 nihil
1514 1010 1829 1066 adnotatum
1861 1011 2020 1068 inve-

223 1092 382 1161 nerit,
421 1091 802 1148 Memmianum
855 1091 1070 1147 aliosve
1101 1096 1325 1148 veteres
1370 1108 1435 1148 ac
1470 1092 1651 1148 bonos
1696 1092 1874 1150 libros
1920 1112 2021 1152 no-

224 1174 419 1231 biscum
455 1174 804 1239 consentire;
845 1174 938 1230 ubi
983 1174 1023 1229 ii
1054 1174 1247 1230 vitiosi
1299 1190 1428 1231 esse
1459 1192 1524 1231 ac
1559 1176 1885 1233 necessario
1922 1178 2022 1233 de·

226 1258 434 1313 serendi
448 1259 801 1329 videbantur,
815 1257 1132 1313 nominatim
1157 1258 1348 1313 afferri
1362 1260 1453 1315 vel
1480 1258 1735 1315 codicum
1754 1276 1903 1316 saec.
1921 1260 2023 1318 XV

229 1342 311 1395 vel
351 1342 686 1411 grammatici
730 1340 966 1398 alicuius
1013 1341 1348 1413 posterioris
1393 1342 1851 1400 emendationem.
1941 1344 2022 1402 lt·

225 1425 436 1481 brevem
465 1427 734 1497 quendam
760 1424 1058 1481 universae
1087 1425 1169 1480 rei
1196 1424 1429 1482 criticae
1460 1433 1817 1499 conspectum
1849 1428 2024 1484 habe·

220 1508 299 1563 bit
328 1514 382 1563 et
411 1526 524 1565 non
552 1510 728 1565 miuus
760 1509 829 1565 de
860 1508 1128 1565 librorum
1157 1508 1409 1565 bonitate
1440 1527 1600 1581 quam
1633 1511 1703 1567 de
1734 1511 2025 1567 doctorum

221 1591 488 1648 hominum
523 1610 626 1666 per
655 1598 915 1664 quattuor
951 1593 1072 1648 fere
1102 1592 1329 1649 saecula
1362 1593 1577 1648 meritis
1616 1592 1866 1649 iudicare
1896 1601 2025 1667 pot-

219 1675 333 1731 erit.
419 1677 511 1732 Ab
554 1676 659 1733 hac
696 1683 877 1733 tamen
927 1673 1332 1732 consuetudine
1376 1690 1777 1747 nonnumquam
1808 1676 1863 1732 in
1894 1694 2028 1749 par-

218 1763 316 1813 tem
349 1766 406 1814 ut
435 1775 610 1833 spero
639 1759 916 1833 potiorem
945 1759 1186 1815 discessi
1204 1799 1242 1828 ‚.
1265 1758 1342 1815 ita
1373 1764 1433 1813 ut
1465 1764 1521 1815 et
1548 1760 1819 1816 bonorum
1849 1760 2027 1817 libro-

217 1858 326 1899 rum
358 1860 526 1914 quam
555 1848 778 1899 secutus
814 1860 962 1900 eram
999 1842 1385 1899 auctoritatem
1428 1843 1765 1915 appellarem
1802 1850 1859 1899 et
1892 1860 2027 1900 con-

216 1925 470 1983 iecturam
507 1926 793 1997 ingeniosi
831 1927 1014 1983 critici
1048 1943 1156 2005 non
1187 1926 1324 1982 satis
1358 1933 1568 1982 certam
1608 1944 1713 1983 nec
1744 1934 2026 2001 receptam

219 2025 720 2067 commemorarem.
1372 2067 1377 2071 .

328 2100 385 2165 4,
425 2101 489 2156 17
545 2094 928 2166 triumphalem
974 2093 1152 2149 Vatic.
1191 2093 1403 2149 Memm.
1452 2095 1574 2149 Med
1591 2101 1641 2154 3.
1685 2112 1789 2167 pro
1834 2098 2028 2151 trium·

207 2178 418 2248 phazem
446 2181 650 2249 virum,
682 2178 784 2235 err.
826 2183 960 2247 187,
990 2183 1040 2237 9.
1078 2183 1203 2246 238,
1235 2182 1286 2235 6.
1331 2182 1468 2247 248,
1499 2183 1535 2236 4
1572 2170 1580 2253 Ι
1618 2184 1689 2237 23
1720 2178 2031 2251 amatione
2096 2236 2103 2242 ,

215 2262 436 2319 Ursinus
466 2254 493 2341 ΙΙ
535 2270 598 2329 5,
631 2266 667 2320 4
705 2268 756 2317 et
783 2264 840 2317 in
876 2260 1235 2317 casaubonus
1277 2276 1381 2331 pro
1415 2261 1513 2315 sed
1543 2263 1601 2316 in
1630 2252 1658 2339 ΙΙ
1688 2267 1751 2331 6,
1796 2267 1861 2321 16
1901 2263 2030 2317 Am-

215 2347 406 2403 bronas
447 2345 886 2419 Oudendorpius
931 2336 958 2423 ΙΙ
999 2350 1064 2415 8,
1119 2352 1150 2402 5
1217 2344 1689 2400 administratione
1736 2345 1841 2401 cod
1857 2344 2027 2401 Basil.

213 2430 342 2488 Edd.
401 2431 470 2485 ab
535 2429 1004 2484 administratione
1054 2428 1160 2484 cod
1188 2426 1340 2483 Cort.
1401 2428 1569 2484 Guelf
1595 2436 1644 2487 1.
1686 2434 1738 2487 2.
1799 2430 1944 2485 Bern
1979 2436 2006 2487 l

216 2529 310 2585 pro
379 2504 448 2569 ab
512 2514 912 2569 ministratione
994 2511 1004 2583 Ι
1075 2517 1142 2570 19
1217 2510 1385 2568 Vettio
1460 2512 1656 2568 Iudice
1717 2512 2026 2584 Lambinus·

215 2596 440 2655 Ursinus
500 2589 512 2675 Ι
575 2602 646 2657 32
695 2600 1032 2653 ornarentur
1071 2594 1361 2651 Lambinus
1409 2612 1512 2668 pro
1563 2598 1981 2663 ordinarentur,
2004 2587 2031 2675 ΙΙ
2088 2657 2091 2659 ,

219 2689 311 2751 10,
339 2689 374 2742 3
399 2682 480 2737 ad
519 2684 710 2753 viyinti
739 2674 1102 2736 Casanbonus
1133 2694 1237 2749 pro
1283 2694 1355 2734 ac
1384 2680 1570 2752 viqinti
1602 2673 1611 2757 Ι
1650 2688 1717 2740 15
1756 2682 2033 2735 inductum

218 2767 480 2835 quendam
481 2782 587 2837 pr.
611 2763 835 2831 Guelfl.
863 2764 1081 2818 induxit
1095 2761 1427 2833 Stephanus.
1457 2764 1677 2819 induxit
1698 2762 1925 2819 Vettium
1930 2780 2031 2833 pr.

216 2848 462 2909 Ursinus.
508 2848 851 2905 subornasse
877 2848 1154 2902 inductum
1179 2861 1274 2915 pr.
1306 2846 1771 2917 Oudendorpius.
1801 2846 2034 2901 indicem

217 2932 529 2989 subornavit
571 2930 800 2987 Vettium
842 2931 1120 2986 inductum
1162 2945 1256 3000 pr.
1296 2946 1405 3001 ego
1445 2920 1455 3007 Ι
1494 2936 1564 2989 30
1596 2930 1765 2985 cuivis
1793 2960 1879 2971 -
1916 2931 2031 2999 ido-

220 3131 345 3179 bent.
395 3130 685 3182 Addendus
711 3136 787 3179 est
807 3128 1146 3191 Hrasoypolis
1169 3124 1339 3175 Thrax
1366 3139 1421 3190 p.
1443 3122 1559 3185 102,
1580 3122 1649 3175 30
1673 3137 1825 3188 quem
1845 3121 2034 3171 librarii

215 3200 268 3247 in
291 3198 672 3265 Thraseypolim
695 3203 1043 3264 corruperunt.
1097 3194 1345 3245 Varronis
1376 3194 1421 3242 is
1457 3205 1567 3241 mos
1598 3192 1692 3241 fuit
1726 3191 1877 3241 etiam
1907 3190 2033 3241 alias

219 3264 544 3331 observatus,
581 3266 674 3317 cfr.
719 3265 970 3316 Cornutus
999 3279 1054 3329 p.
1091 3262 1228 3314 2285
1259 3261 1318 3310 Ρ.
1351 3260 1643 3310 Priscianus
1682 3260 1725 3323 1,
1757 3258 1807 3321 5,
1848 3257 1932 3307 25.

351 3335 448 3399 26)
469 3334 559 3387 Sic
585 3335 704 3385 dedi
720 3336 1032 3399 yerontico35
1065 3331 1449 3395 Apragopolim
1488 3330 1759 3386 dialectos,·
1778 3329 1943 3377 artius
1966 3352 2033 3363 —-

218 3404 492 3456 koloeleros
501 3422 527 3464 ,·
558 3402 896 3468 Tyrrhenicon
903 3420 924 3464 ,·
947 3400 1408 3455 Carchedoniaeom
1435 3397 1843 3455 Hecatebeletes;
1868 3395 2033 3445 Halo-

204 3475 295 3523 aein
334 3473 442 3527 Ilii.-
477 3480 708 3531 eutacto;
743 3473 1025 3537 clinopalen
1058 3477 1109 3519 et
1141 3467 1341 3519 similia.
1421 3465 1526 3515 Hac
1559 3479 1759 3531 quoque
1793 3466 1847 3516 in
1878 3479 1935 3514 re
1968 3463 2035 3513 ad

219 3549 444 3593 vetustos
475 3540 638 3592 libros
667 3540 982 3591 redeundum
1001 3538 1394 3597 existimo,.nam
1418 3534 1549 3599 apud
1573 3543 1789 3596 veteres,
1813 3540 1869 3583 ut
1896 3531 2034 3599 apud

218 3619 310 3659 nos
322 3611 375 3659 in
387 3608 742 3659 immiscendis
761 3609 1015 3659 vocabulis
1031 3604 1253 3664 Gallicis,
1276 3603 1363 3653 alii
1374 3604 1520 3653 aliter
1530 3602 1699 3653 facere
1712 3606 2031 3652 consuerant.
