2700 4234
887 365 1306 422 PRAEFATIO.
1860 366 1983 415 0111

197 529 390 599 quidem
419 525 706 582 saeculum
727 524 872 578 ullus
902 524 1103 579 referri
1127 525 1310 596 possit
1323 518 1432 598 ¹⁰¹).
1478 525 1671 596 Itaque
1696 533 1985 598 postquam

185 612 514 667 intellectum
544 613 632 662 est
645 607 851 662 nullum
876 624 1127 678 umquam
1141 606 1375 664 Plinium
1403 615 1681 664 oratorem
1696 610 1985 666 Veronen-

183 712 284 750 sem
314 694 519 762 fuisse,
553 697 609 746 at
638 690 707 746 de
741 691 960 747 duobus
1005 691 1198 746 Pliniis
1231 691 1488 763 quivere
1518 692 1747 764 scriptis
1780 693 1986 749 nobili-

183 779 268 835 tati
297 783 428 834 sunt
459 781 710 830 neutrum
744 776 856 829 tale
890 775 1216 846 opusculum
1245 775 1581 846 reliquisse,
1614 776 1759 832 alios
1790 783 1985 831 aucto—

179 877 260 917 res
289 877 434 932 quos
467 861 536 914 de
571 858 890 913 Illustribus
919 857 1058 914 viris
1103 857 1406 929 scripsisse
1451 860 1743 915 constabat
1775 860 1986 916 substi-

179 951 326 999 tuere
365 937 694 1014 coeperunt,
727 941 948 1018 virgula
984 941 1144 1011 quasi
1177 941 1365 997 divina
1403 941 1749 1012 Suetonium,
1780 943 1985 999 deinde

177 1027 488 1088 Cornelium
501 1025 790 1097 Nepotem,
821 1025 1060 1095 denique
1092 1031 1282 1080 nostra
1311 1031 1494 1080 aetate
1508 1025 1783 1095 Hyginum
1806 1026 1985 1097 signi-

175 1104 527 1183 ficantesffl).
579 1107 982 1163 EtSuetonium
1008 1108 1229 1178 quidem
1257 1124 1459 1164 recens
1484 1107 1707 1165 inventa
1724 1110 1983 1165 Virorum

175 1193 468 1250 illustrium
498 1192 806 1264 particula,
849 1207 991 1261 quae
1029 1192 1098 1246 de
1136 1189 1518 1248 Grammaticis
1566 1198 1623 1246 et
1663 1192 1983 1248 rhetoribus

176 1283 282 1346 est,
315 1277 457 1332 adeo
493 1276 878 1331 commendare
913 1274 1228 1344 videbatur,
1261 1280 1321 1328 ut
1351 1274 1459 1331 iaiu
1490 1292 1537 1330 a.
1560 1279 1699 1334 1474
1728 1275 1981 1346 Angelus

177 1359 419 1414 Sabinus
449 1359 504 1414 in
538 1358 841 1430 paradoxis
875 1359 930 1412 in
961 1358 1276 1414 Iuvenalem
1307 1357 1512 1414 Romae
1543 1359 1710 1414 editis
1740 1359 1757 1390 ε
1777 1359 1983 1414 Sueto-

175 1441 324 1497 nium
364 1441 432 1497 de
463 1441 598 1498 viris
636 1439 982 1498 illustribus'
1018 1441 1314 1511 aliquoties
1359 1447 1642 1498 auctorem
1672 1443 1984 1515 appellaret

171 1527 485 1596 eodemque
518 1525 1102 1596 tempore‘Suetonius
1119 1524 1470 1595 Tranquillus
1498 1526 1569 1581 de
1598 1527 1855 1596 preclare
1880 1542 1981 1595 ge-

170 1609 274 1664 stis
299 1610 701 1665 Romanorum'
731 1608 1032 1664 Mediolani
1065 1607 1340 1679 prodierit
1375 1624 1485 1663 non
1512 1609 1720 1677 semel,
1750 1613 1811 1663 ut
1839 1608 1979 1663 Hain

173 1693 342 1748 docet
372 1709 462 1748 no.
491 1697 630 1750 2132
661 1708 747 1762 sq.
785 1698 952 1752 15133
978 1708 1060 1761 sq.
1127 1690 1455 1761 Insequenti
1489 1706 1711 1762 quoque
1750 1691 1980 1746 saeculo

169 1791 276 1831 non
300 1792 479 1847 pauca
507 1775 629 1830 eius
644 1775 872 1844 generis
897 1775 1150 1846 exempla
1178 1774 1450 1845 impressa
1472 1780 1619 1844 sunt,
1643 1779 1981 1845 postremum

169 1861 316 1928 quod
351 1859 534 1914 norim
567 1857 872 1913 cracoviae
897 1874 946 1913 a.
977 1863 1132 1916 1524.
1197 1859 1278 1916 De
1306 1857 1576 1914 Suetonio
1602 1857 1856 1928 cogitare
1881 1858 1980 1912 de-

169 1943 405 2011 sierunt,
430 1946 724 2013 postquam
746 1940 1086 2010 Hieronymo
1107 1943 1248 1996 duce
1268 1941 1667 1998 intellexerunt
1690 1941 1899 1995 nullum
1923 1940 1979 1995 in
2068 1942 2080 1955 ⁰

169 2025 288 2080 eius
302 2023 625 2080 Illustribus
637 2023 776 2078 viris
790 2025 1020 2094 regibus
1048 2031 1102 2080 et
1130 2024 1559 2096 imperatoribus
1586 2026 1768 2079 locum
1782 2025 1975 2080 fuisse.

289 2107 667 2177 Dialogum
715 2107 795 2162 de
827 2107 1256 2164 oratoribus
1293 2123 1422 2164 esse
1454 2107 1547 2179 qui
1583 2109 1806 2162 mallent
1837 2108 2209 2168 Sue-Dialogus
2248 2115 2303 2156 d·

165 2192 322 2251 tonio
364 2207 524 2261 quam
566 2189 758 2246 Tacito
816 2189 1062 2246 tribuere
1103 2191 1360 2247 Baluzius
1413 2193 1469 2246 in
1513 2191 1889 2246 miscellaneis
1946 2196 1980 2248 2

161 2293 214 2348 p.
249 2281 350 2334 451
398 2273 573 2328 Paris.
594 2277 731 2332 1678
761 2273 1128 2342 significat-in
1162 2274 1384 2344 quinam
1410 2274 1493 2329 illi
1528 2280 1717 2328 essent
1751 2274 1973 2344 quibus·

161 2375 270 2429 que
300 2357 649 2426 argumentis
675 2356 782 2426 usi,
817 2373 995 2428 neque
1023 2357 1168 2429 apud
1193 2358 1473 2413 Baluzium
1494 2373 1673 2427 neque
1700 2356 1839 2412 alias
1869 2363 1982 2411 tra-

303 2517 439 2581 101)
476 2516 848 2583 Antiquissima
887 2519 986 2570 nisi
1019 2518 1170 2570 fallor
1202 2518 1363 2570 libelli
1396 2520 1637 2570 memoria
1673 2519 1811 2584 apud
1838 2520 1987 2570 Ioan-

157 2603 278 2638 nem
317 2586 727 2638 Mansionarium
757 2587 1106 2638 Veronensem
1132 2587 1408 2654 reperitur,
1462 2589 1548 2653 qui
1579 2587 1631 2638 in
1675 2597 1983 2638 commenta-

154 2657 286 2707 riolo
325 2655 398 2706 de
435 2654 633 2705 duobus
661 2655 840 2705 Pliniis
880 2670 1014 2707 anno
1043 2657 1239 2707 circiter
1275 2655 1410 2707 1313
1446 2657 1632 2722 scripto
1648 2694 1663 2718 ,
1698 2655 1791 2709 cfr.
1830 2671 1986 2724 supra

157 2725 336 2777 adnot.
389 2722 486 2782 84,
532 2723 731 2773 Plinius
761 2726 951 2787 iunior,
1005 2725 1200 2789 inquit,
1243 2751 1314 2766 ---
1353 2726 1481 2790 fecit
1522 2727 1669 2774 etiam
1704 2753 1773 2762 --
1808 2726 1985 2775 librum

163 2795 417 2844 Virorum
458 2793 720 2842 illustrium
757 2807 790 2842 a
832 2793 1007 2844 Phoc-a
1041 2809 1162 2859 reae
1196 2795 1507 2845 Albanorum
1540 2809 1695 2858 usque
1734 2795 1808 2843 ad
1840 2795 1986 2845 Cleo-

150 2870 371 2924 patram
406 2862 458 2910 in
492 2859 746 2912 XCVIII
783 2863 1021 2926 capitulis
1067 2863 1332 2914 secundum
1364 2864 1584 2924 ipsorum
1626 2863 1843 2910 virorum
1895 2877 1987 2910 nu·

150 2947 350 2982 merum
365 2946 386 2984 ‚-
417 2931 467 2978 in
501 2945 598 2994 quo
625 2931 759 2981 vitas
791 2933 1012 2993 ipsorum
1038 2939 1088 2982 et
1116 2931 1296 2984 mer-isa
1317 2931 1538 2981 nati-abili
1570 2939 1619 2980 et
1648 2936 1831 2992 aperta
1870 2930 1987 2979 bre-

151 3003 323 3051 vitate
382 2999 636 3052 describit.
724 2999 1009 3050 Meminerit
1068 3000 1221 3054 lector
1273 2999 1411 3050 hunc
1463 3001 1703 3049 Ioannem
1760 2999 1985 3049 omnium

151 3071 392 3134 primum
431 3066 653 3118 Plinium
688 3068 933 3119 maiorem
975 3069 1443 3120 Novocomensibus
1486 3067 1709 3118 adimere
1738 3073 1788 3118 et
1824 3068 1987 3120 Vero-

149 3152 253 3188 nae
309 3149 444 3188 suae
482 3136 740 3187 vindicare
787 3137 1062 3189 studuisse.
1133 3137 1245 3188 Non
1290 3151 1407 3187 raro
1446 3137 1747 3186 Franciscus
1785 3151 1984 3201 quoque

149 3203 438 3256 petrarcha
487 3206 540 3254 in
579 3205 718 3256 Viris
767 3205 876 3256 suis
925 3204 1205 3256 illustribus
1257 3205 1452 3256 circiter
1498 3219 1545 3255 a.
1599 3203 1733 3255 1348
1781 3204 1984 3270 scriptis

153 3275 316 3324 Plinii
373 3271 528 3324 huius
565 3275 720 3324 verba
769 3274 1065 3326 nominatim
1108 3273 1282 3336 affert,
1327 3289 1377 3324 ν.
1418 3289 1460 3324 c.
1508 3289 1567 3324 ea
1606 3288 1736 3338 quae
1780 3288 1891 3338 cap.
1932 3273 1983 3332 5,

146 3344 200 3394 5.
247 3339 340 3403 10,
371 3343 422 3394 2.
461 3343 547 3403 42,
570 3343 620 3393 1.
660 3341 744 3404 76,
766 3343 794 3394 1
818 3344 1069 3410 leguntur.

301 3407 436 3471 102)
487 3409 562 3460 De
595 3412 773 3476 primis
815 3411 1034 3463 Cornelii
1068 3409 1278 3477 Nepotis
1314 3411 1575 3476 patronis,
1624 3419 1678 3461 ut
1713 3412 1981 3463 Hermolao

146 3479 391 3530 Barbare
426 3484 474 3527 et
515 3480 638 3529 Iano
678 3479 946 3532 Parrhasio
987 3479 1240 3530 videndus
1266 3486 1355 3530 est
1386 3479 1725 3530 Machameus
1769 3480 1831 3532 nd.
1870 3478 1979 3532 Vlr.

143 3549 242 3612 ill„
277 3562 398 3614 cap.
434 3547 520 3600 45.
593 3548 670 3599 De
705 3548 908 3616 Hygino
950 3550 1242 3600 carissimus
1280 3547 1406 3598 mihi
1438 3549 1707 3600 Eduardus
1749 3548 1979 3600 Wolfftiu

141 3617 415 3684 cogitavit
445 3616 496 3666 in
521 3618 840 3683 Ampelianis
875 3618 1254 3682 quaestionibus
1285 3631 1337 3682 p.
1364 3615 1434 3668 38
1460 3633 1572 3682 sqq.

2025 2166 2286 2208 oratoribus.
