2700 4234
0 3697 11 3805 -—
0 3277 9 3674 ᾐῄ--ᾐήᾑ

924 318 1342 366 PRAEFATIO.
1855 318 2029 369 xcm

204 480 326 537 niet
373 478 671 549 integrum.
760 476 967 531 Horum
1008 492 1065 548 p.
1098 482 1235 546 304,
1266 482 1335 537 19
1362 474 1556 533 Pratis
1599 485 1894 536 servarunt
1919 480 2021 537 Ba·

202 556 477 621 silienses
504 562 616 617 duo
664 565 721 615 et
764 576 795 615 a
828 560 1004 631 prima
1046 574 1206 616 manu
1240 560 1672 631 Bembergensis
1717 562 2024 634 posterior,

194 647 387 719 pariis
416 645 509 700 vel
530 642 759 715 parthis·
785 644 879 699 vel
899 648 1097 713 parles
1122 643 1214 699 vel
1237 644 1498 714 partibus
1526 661 1652 715 sex,
1682 651 1884 716 partes
1911 662 2023 701 non

200 729 411 786 libertis
426 723 501 803 ⁰¹)
532 743 675 783 unns
707 726 879 783 babet
912 719 923 805 Ι
960 732 1027 785 21
1058 728 1332 798 lulliqt'nes
1357 726 1555 785 Cicero
1587 744 1808 800 quoque
1838 730 1910 787 de
1937 730 2023 787 di-

202 812 315 871 vin.
346 818 403 883 2,
434 818 539 871 145
570 817 630 867 et
652 809 863 865 Plinius
892 827 946 865 ιι.
981 812 1033 865 Ιι.
1067 815 1157 880 18,
1184 815 1287 871 361
1318 818 1523 868 norunt
1556 800 1572 891 Ι
1607 818 1676 871 28
1715 814 1877 868 litora
1909 813 2023 870 soli

202 896 419 956 Busill.
464 902 523 951 et
549 895 717 952 Bnmb
731 899 787 964 2,
826 894 1031 965 reliqui
1066 894 1223 949 litore
1250 894 1460 951 babent
1494 886 1506 970 Ι
1543 901 1611 956 29
1645 894 1924 968 Numquid
1950 912 2024 954 cx

202 980 421 1037 Basilii.
464 978 695 1051 recepi,
737 993 861 1034 cnm
883 977 1103 1049 Ecquid
1141 978 1309 1034 Bainb
1331 983 1396 1048 2,
1442 976 1588 1045 Quid
1626 978 1831 1052 reliqui
1879 979 2023 1037 offe·
2071 1008 2078 1013 ·

206 1069 353 1120 rent.
1533 1100 1536 1105 -

336 1146 515 1219 Caput
546 1146 697 1217 qnod
724 1142 1098 1218 perscribitur
1143 1161 1201 1215 p.
1231 1148 1337 1204 304
1357 1185 1372 1214 ,
1413 1150 1482 1205 32
1523 1160 1631 1202 non
1673 1146 1882 1203 babent
1909 1140 2024 1204 nisi

206 1230 371 1303 pauci
396 1230 551 1300 libri,
583 1228 929 1287 Basilienses
958 1228 1091 1297 dno,
1121 1228 1552 1299 Bambergensis
1577 1229 1756 1301 prior,
1787 1232 2023 1288 Bruxel-

208 1314 387 1369 lnnns.
456 1313 665 1369 Primus
706 1328 739 1368 e
767 1310 1072 1369 Bodleiano
1109 1312 1309 1369 codice
1342 1313 1580 1383 protulit
1607 1313 1846 1380 Iacobus
1877 1313 2020 1371 Gro-

208 1396 412 1454 novius
458 1413 510 1453 ι.
548 1402 711 1465 1698,
766 1395 1081 1451 emendavit
1123 1395 1368 1467 quinque
1408 1396 1572 1453 libris
1622 1398 1836 1454 Italicis
1887 1414 2018 1453 usus

204 1478 485 1537 Arcvnlus
522 1480 727 1537 Romae
770 1496 821 1536 a.
870 1485 1023 1539 1803.
1110 1479 1441 1551 Argumenti
1485 1496 1654 1537 cansa
1708 1481 2018 1554 conparari

203 1570 443 1638 possunt
471 1564 724 1621 Isidorus
756 1563 980 1633 etymol.
1005 1562 1148 1631 Xlll,
1178 1568 1266 1623 17.
1298 1569 1382 1623 18.
1417 1568 1502 1621 21.
1543 1563 1692 1634 XIV,
1714 1571 1770 1635 8,
1798 1571 1898 1629 41;
1927 1570 2014 1624 43.

202 1653 263 1703 et
286 1647 485 1703 Festus
506 1665 557 1703 s.
585 1664 639 1703 v.
660 1648 886 1717 flustra,
916 1646 1065 1715 tullii,
1090 1652 1325 1701 tor-rene.
1376 1645 1658 1711 Notabilis!
1686 1649 1830 1703 haec
1859 1654 2018 1704 suntz

202 1737 274 1790 32
299 1728 491 1785 Pratis
522 1746 713 1785 omnes
748 1722 759 1807 Ι
796 1736 867 1791 33
878 1730 1195 1785 Externum
1223 1730 1504 1787 Arevslns
1525 1746 1630 1803 pro
1657 1724 2014 1809 Extremum!

200 1818 273 1874 36
306 1820 359 1869 et
384 1814 725 1869 Adriaticum
752 1814 909 1870 Bodl.
955 1814 1121 1870 Brux.
1169 1815 1334 1871 Bnmb
1350 1820 1401 1871 1-.
1433 1805 1462 1893 ΙΙ
1491 1822 1616 1884 305,
1646 1821 1681 1875 3
1727 1814 1882 1871 Vada
1911 1815 2017 1871 Bn-

201 1898 343 1957 sill.
374 1904 429 1956 2.
475 1914 635 1969 naqa,
667 1914 829 1969 mayn,
866 1914 1046 1969 vuaqa
1082 1897 1288 1968 reliqui
1326 1892 1339 1974 Ι
1377 1907 1410 1958 5
1437 1898 1682 1954 brackea
1714 1898 1752 1953 i.
1786 1915 1837 1954 e.
1871 1894 2018 1973 βρα-

200 1975 303 2055 χέα
335 1980 655 2038 odofredus
676 1982 877 2037 millet
904 1996 1009 2052 pro
1038 1980 1269 2036 brachia
1304 1978 1317 2061 Ι
1355 1989 1388 2043 9
1423 1983 1662 2038 Poenico
1693 1983 1782 2039 Iac
1799 1982 2018 2039 Grono-
2049 2048 2054 2053 ,

206 2065 329 2123 vius
363 2081 469 2137 pro
502 2068 729 2137 panico,
756 2068 986 2135 punico,
1014 2066 1255 2135 pontico,
1284 2067 1550 2141 pontifico
1585 2058 1598 2144 Ι
1636 2074 1699 2125 11
1731 2066 1830 2121 sub
1873 2067 2017 2123 laetu

200 2150 360 2206 Bodl.
398 2150 613 2204 sublata
640 2140 1028 2223 Arevnlusll2
1057 2148 1344 2203 abstrusas
1375 2150 1530 2206 Bodl.
1573 2151 1739 2207 Brux.
1781 2149 1950 2207 Bamb
1963 2157 2013 2207 1.

198 2247 387 2288 omnes·
447 2233 688 2287 latebras
739 2232 959 2287 sublata
1008 2233 1146 2287 mole
1204 2233 1488 2289 abstrusos
1543 2236 1701 2288 sinus
1749 2232 2015 2290 Ribbeck.

198 2330 387 2372 omncs
414 2315 657 2371 latebras
697 2315 902 2371 obiecta
930 2316 1067 2371 mole
1094 2316 1351 2371 obstruas
1385 2317 1543 2372 sinus
1575 2330 1686 2386 ego
1735 2307 1746 2393 Ι
1798 2322 1868 2375 13
1891 2316 2019 2372 Aua

198 2400 292 2456 lac
306 2400 627 2457 Gronovius
664 2413 770 2472 pro
798 2404 951 2463 nota,
985 2406 1137 2469 cato,
1167 2400 1301 2454 atita
1337 2399 1349 2472 Ι
1389 2406 1460 2459 13
1493 2415 1604 2471 pro
1637 2399 1769 2470 polo
1798 2397 2014 2457 Basil2.

188 2485 401 2555 populo
464 2482 623 2540 Bodl.
682 2498 863 2553 porro
914 2484 1125 2555 populo
1173 2498 1285 2553 ego
1321 2477 1332 2560 Ι
1389 2487 1453 2543 17
1501 2485 1598 2555 qui
1655 2482 1932 2538 Arevalus
2003 2473 2016 2558 Ι

199 2574 268 2627 18
294 2574 521 2624 torrem
548 2572 739 2623 terrae
770 2568 1045 2623 Arcvnlus
1086 2582 1159 2623 ex
1191 2567 1448 2624 Varrone
1479 2568 1550 2623 de
1581 2567 1620 2625 l.
1655 2567 1695 2621 1.
1723 2572 1790 2636 6,
1819 2572 1870 2625 6.
1947 2565 2018 2620 de

200 2667 267 2706 re
299 2668 347 2707 r.
382 2658 447 2722 1,
473 2656 541 2722 2,
588 2659 621 2711 5
654 2658 711 2707 et
736 2650 903 2707 Festo
955 2668 1001 2707 s.
1035 2668 1091 2707 v.
1126 2654 1374 2721 torrens,
1421 2650 1600 2709 invito
1634 2650 1878 2719 Isidoro,
1917 2649 2017 2704 cfr.

200 2734 431 2806 etymol.
468 2741 566 2805 13,
607 2740 709 2805 21,
750 2740 801 2792 2.
879 2733 1061 2790 differ.
1104 2740 1169 2801 1,
1221 2738 1326 2793 244
1375 2727 1386 2813 Ι
1439 2741 1506 2795 19
1554 2734 1700 2789 Tulli
1740 2734 1958 2789 Becker
2004 2735 2016 2799 Ι

197 2824 270 2877 20
318 2818 527 2875 Aniene
577 2818 671 2875 lnc
687 2816 1002 2875 Gronovius
1052 2833 1159 2890 pro
1212 2819 1474 2888 aniona,
1526 2818 1845 2872 animensae
1864 2857 1879 2884 ,
1927 2830 2020 2871 as-

194 2903 379 2957 siense
433 2892 450 2981 Ι
506 2907 571 2961 21
621 2902 921 2974 praecipiti
970 2916 1081 2971 ego
1128 2916 1235 2973 pro
1279 2901 1619 2973 praecipite,
1666 2900 2017 2971 praecipitia,

196 2987 557 3057 praecipitio,-
600 2986 702 3041 cfr.
736 2984 1001 3041 Horatius
1042 3000 1207 3041 carm.
1243 2992 1301 3055 1,
1338 2990 1394 3057 7,
1448 2991 1532 3045 13.
1623 2983 1833 3041 Statius
1883 2984 2010 3040 silv.

196 3075 256 3139 1,
279 3076 335 3139 5,
365 3075 453 3131 25.

324 3151 417 3211 Ad
444 3170 500 3226 p.
532 3160 635 3213 305
655 3193 672 3222 ‚
717 3158 788 3211 22
823 3152 1017 3207 decem
1050 3150 1205 3221 libri,
1240 3152 1387 3208 terni
1420 3152 1759 3209 Basilienses
1795 3158 1852 3207 et
1879 3152 2016 3208 Ber-

200 3252 403 3292 uenses
422 3278 439 3305 ,
482 3237 598 3291 bini
628 3237 1069 3306 Bambergenses
1099 3241 1155 3290 et
1183 3235 1548 3313 Monacenses
1569 3278 1584 3307 ,
1627 3234 1818 3292 collati
1859 3239 2014 3292 snut:

336 3382 432 3447 91)
463 3384 524 3433 Id
558 3399 624 3435 ex
659 3384 968 3451 glossemate
996 3398 1171 3435 nomen
1204 3384 1325 3435 libri
1355 3384 1638 3435 accrevisse
1662 3390 1803 3451 puto.
1867 3380 2013 3433 Simi—

198 3450 314 3503 liter
345 3453 485 3503 enim
519 3466 573 3519 p.
609 3452 739 3514 304,
778 3451 845 3505 32
872 3451 939 3501 ad
974 3452 1153 3503 Pratis
1188 3454 1478 3519 complures
1509 3452 1627 3504 libri
1657 3456 1709 3502 in
1742 3451 2011 3502 annalibus

199 3519 277 3571 vel
294 3522 347 3570 in
366 3522 635 3573 annalibus
670 3521 814 3573 libris
846 3528 1065 3585 patrum,
1102 3528 1153 3573 et
1174 3535 1227 3588 p.
1254 3520 1375 3584 305,
1401 3520 1438 3574 9
1467 3522 1534 3571 ad
1557 3523 1610 3572 in
1643 3521 1770 3571 bello
1794 3521 2012 3573 Poenico

196 3588 429 3641 additum
466 3589 654 3640 habent
676 3591 729 3639 in
759 3590 1098 3652 inscriptione.
