2700 4234
559 291 1112 341 narnam'ronmu
1151 276 1519 340 mnonmu
1550 289 1952 350 nnmomffl.
2135 276 2260 339 295

254 447 416 509 Haec
445 449 756 509 Suetonius
780 446 1164 524 Tranquillus.
1202 443 1417 507 Aelius
1437 444 1727 506 Donatus
1747 444 2063 524 principio
2100 462 2259 505 com-

253 532 548 593 mentarii
577 532 642 592 in
678 530 1040 599 Terentium.

390 630 680 709 Turpilius
743 630 999 690 comicus
1059 646 1245 689 senex
1305 627 1611 690 admodum
1662 628 1975 689 Sinuessae
2024 629 2264 687 moritur

261 732 322 776 a.
361 724 491 777 651.

175 835 235 874 -s
384 811 447 872 L.
490 812 707 873 Accius
748 810 1178 889 tragoediarum
1214 809 1468 887 scriptor
1512 810 1701 870 clarus
1753 810 2031 887 habetur3
2098 818 2265 871 natus

260 896 525 958 Mancino
556 904 615 956 et
645 896 900 955 Serrano
932 892 1267 954 consulibus
1310 892 1644 972 parentibus
1674 893 1993 971 libertinis,
2046 903 2105 954 et
2141 894 2268 954 seni

260 982 374 1041 iam
414 980 665 1040 Pacuvio
705 977 937 1039 Tarenti
981 974 1084 1038 sua
1128 978 1341 1055 scripta
1390 978 1684 1047 recitavit;
1740 997 1773 1040 a
1819 995 1933 1057 quo
1979 986 2037 1039 et
2060 976 2267 1038 fundus

263 1064 554 1125 Accianus
588 1064 746 1124 iuxta
775 1061 1072 1122 Pisaurum
1099 1059 1338 1135 dicitur,
1374 1062 1505 1138 quia
1533 1060 1673 1122 illuc
1704 1080 1781 1123 ex
1816 1061 1960 1122 urbe
1991 1061 2140 1122 inter
2168 1077 2266 1120 co·

263 1147 435 1208 Ionos
464 1147 652 1207 fuerat
681 1145 962 1206 deductus
994 1161 1055 1205 a.
1099 1152 1232 1206 616.

191 1254 274 1295 1⁰·
391 1243 642 1304 Lucilius
674 1252 850 1323 poeta
879 1243 1135 1303 nascitur
1163 1258 1224 1303 a.
1276 1248 1417 1303 606.
1448 1249 1582 1303 607.
1626 1287 1641 1302 .
1677 1286 1692 1300 .
1725 1285 1741 1302 .
1782 1240 1847 1303 C.
1878 1241 2131 1303 Lucilius
2175 1260 2266 1302 sa-

263 1330 496 1389 tirarum
536 1329 790 1406 scriptor
829 1325 1083 1406 Neapoli
1122 1326 1363 1384 moritur
1404 1343 1474 1385 ac
1514 1323 1751 1403 publico
1795 1325 1999 1387 funere
2031 1326 2269 1386 effertur

265 1429 414 1473 anno
451 1413 658 1472 aetatis
694 1411 1138 1489 quadragesimo
1169 1418 1340 1469 sexto
1374 1425 1434 1468 a.
1470 1416 1604 1471 651.
1638 1417 1773 1470 652.

394 1510 460 1570 T.
499 1510 762 1583 Quintius
803 1508 938 1569 Atta
981 1510 1233 1587 scriptor
1279 1516 1601 1585 togatarum
1647 1506 1867 1568 Romae
1912 1509 2149 1567 moritur
2176 1522 2269 1567 se-

267 1596 576 1674 pultusque
605 1594 700 1654 via
727 1592 1105 1663 Praenestina
1130 1590 1201 1652 ad
1230 1590 1532 1651 miliarium
1561 1592 1873 1652 secundum
1905 1608 1964 1652 a.
2006 1599 2144 1653 676.

197 1698 248 1739 1⁵
395 1692 458 1751 L.
505 1691 853 1771 Pomponius
893 1691 1275 1752 Bononiensis
1327 1689 1724 1751 Atellanarum
1778 1692 2031 1769 scriptor
2080 1689 2272 1750 clarus

267 1775 514 1837 habetur
543 1792 604 1835 a.
649 1783 791 1837 664.

392 1858 468 1919 Μ.
528 1857 832 1918 Terentius
890 1857 1078 1918 Varro
1139 1857 1525 1938 philosophus
1587 1866 1647 1918 et
1708 1866 1887 1937 poeta
1916 1859 2171 1918 nascitur
2210 1874 2271 1917 a.

275 1950 393 2006 638
417 1986 432 2001 .
462 1987 476 2001 .
507 1986 521 2000 .
551 1941 628 2002 Μ.
660 1940 966 2002 Terentius
994 1941 1181 2003 Varro
1214 1940 1601 2021 philosophus
1639 1959 1829 2022 prope
1851 1942 2276 2018 nonagenarius

274 2026 518 2086 moritur
547 2042 607 2086 a.
647 2032 981 2087 726-730,

199 2132 253 2174 20
402 2107 680 2181 Laberius
715 2110 1014 2169 mimorum
1043 2111 1298 2188 scriptor
1339 2110 1566 2170 decimo
1595 2127 1795 2173 meme
1837 2117 1973 2189 post
2021 2106 2089 2169 Ο.
2128 2105 2275 2169 Cae·

273 2210 466 2254 sarem
497 2192 758 2253 Puteolis
789 2194 1032 2253 moritur
1061 2211 1122 2255 a.
1160 2201 1286 2253 711.

398 2276 634 2357 Publius
679 2276 1112 2355 mimographus
1154 2277 1383 2336 natione
1429 2278 1611 2351 Syrus
1662 2274 1884 2337 Romae
1926 2292 2161 2335 scenam
2190 2285 2274 2335 te·

271 2370 373 2420 net
397 2377 459 2420 a.
497 2366 624 2420 711.

403 2442 479 2505 H.
523 2440 732 2503 Furius
801 2450 981 2521 poeta
1031 2453 1421 2521 cognomento
1463 2442 1773 2503 Bibaculus
1814 2438 2139 2502 Cremonae
2181 2457 2277 2501 na·

202 2529 457 2588 ascitur
494 2544 556 2587 a.
601 2534 942 2588 653-655,

400 2609 468 2669 T.
496 2609 798 2671 Lucretius
828 2617 1007 2689 poeta
1035 2611 1312 2686 nascitur,
1368 2612 1465 2689 qui
1506 2617 1717 2689 postea
1753 2610 2032 2669 amatorio
2062 2606 2279 2688 poculo

153 2753 158 2757 .
274 2696 333 2755 in
374 2694 629 2755 furorem
671 2711 913 2770 versus,
961 2712 1089 2753 cum
1131 2692 1353 2772 aliquot
1392 2694 1576 2755 libros
1631 2710 1740 2772 per
1782 2691 2088 2753 intervalla
2129 2695 2278 2751 insa-

273 2781 408 2839 niae
440 2778 925 2855 conscripsisset,
965 2795 1116 2857 quos
1139 2786 1349 2855 postea
1382 2776 1593 2837 Cicero
1626 2776 1985 2852 emendavit,
2042 2776 2281 2855 propria

279 2880 347 2923 se
377 2879 546 2922 manu
580 2860 872 2921 interiecit
902 2876 1052 2920 auno
1081 2861 1289 2921 aetatis
1319 2861 1767 2940 quadragesimo
1800 2868 2001 2938 quarto
2037 2876 2097 2919 a.
2139 2866 2278 2921 656.

203 2964 256 3007 ao
409 2942 752 3005 Cornificius
808 2954 986 3024 poeta
1045 2963 1078 3006 a
1139 2943 1415 3005 militibus
1476 2945 1744 3005 desertus
1805 2944 2053 3019 interiit,
2134 2957 2283 3020 quos

275 3046 460 3107 saepe
505 3027 795 3106 fugientes
841 3027 1108 3105 galeatos
1151 3027 1392 3107 lepores
1446 3027 1791 3107 appellarat.
1879 3025 2058 3086 Huius
2110 3041 2283 3087 soror

277 3110 624 3189 Gornfficin,
655 3113 818 3173 cuius
848 3113 1093 3189 iusignia
1125 3120 1322 3173 extant
1358 3113 1769 3191 epigrammata
1812 3128 1874 3171 a.
1913 3118 2042 3171 713.
2079 3116 2214 3171 714.

350 3203 357 3211 ·
401 3194 480 3255 Μ.
515 3193 726 3256 Bavius
766 3204 976 3275 poeta,
1019 3214 1190 3276 quem
1234 3194 1513 3273 Virgilius
1543 3196 1600 3254 in
1639 3194 1929 3255 Bucolicis
1976 3202 2170 3270 notat,
2223 3194 2282 3254 in

279 3276 659 3359 Cappadocia
688 3281 928 3339 moritur
957 3296 1018 3339 a.
1059 3286 1384 3340 719—721.

204 3384 258 3427 cs
405 3362 467 3423 P.
510 3361 819 3423 Terentius
857 3360 1047 3423 Varro
1084 3363 1217 3421 vico
1260 3363 1447 3423 Atace
1487 3362 1543 3420 iu
1577 3363 1877 3461 provincia
1916 3360 2282 3447 Narbonensi

280 3447 573 3529 nascitur,
631 3448 727 3525 qui
782 3454 989 3525 postea
1033 3462 1239 3507 annum
1293 3448 1545 3523 quintum
1593 3455 1653 3505 et
1704 3446 2055 3508 tricesimum
2100 3438 2283 3522 ag'ens

277 3522 534 3592 Graecas
565 3528 790 3595 litteras
825 3548 1044 3591 summo
1075 3529 1268 3591 studio
1299 3528 1498 3590 didicit
1529 3545 1591 3591 a.
1624 3534 1763 3591 672.
