2700 4234
645 268 864 318 XCVIII
1328 266 1746 313 PRAEFATIO.

549 430 553 435 ’
648 444 701 501 p.
731 433 854 496 319,
884 433 955 485 20
981 426 1287 481 traduntur.
1355 423 1469 479 Nec
1501 440 1678 496 pauca
1707 423 1853 494 apud
1883 423 2062 479 honos
2097 424 2234 479 artis
2263 424 2459 481 docto-

650 526 765 579 re8‚
796 510 1015 565 Festum
1048 509 1176 564 dico
1208 514 1264 563 et
1295 502 1710 579 Charisium”)‚
1745 505 2004 562 similiter
2039 506 2294 563 invenies
2329 524 2458 580 per-

650 594 857 664 scripta
889 599 1052 663 atque
1092 592 1185 647 hic
1214 591 1551 647 scribuntur.
1638 590 1922 645 Postremo
1971 590 2040 645 ad
2075 590 2458 647 vindicandam

650 677 810 732 titulo
836 676 1072 746 aliquam
1096 675 1480 731 auctoritatem
1503 672 1828 742 Hieronymi
1858 673 2017 728 locus
2047 672 2143 744 qui
2174 675 2244 729 de
2267 674 2458 730 Palae-

650 775 811 815 mone
870 759 1101 830 eiusque
1145 756 1662 827 distinguendorum
1703 756 2101 813 vocabulorum
2140 758 2326 813 studio
2372 765 2458 813 est

650 842 839 898 iacere
872 840 1083 913 poterit
1102 836 1197 915 ⁹⁷).

776 924 926 980 Haec
956 924 1009 979 sl
1038 930 1193 980 recte
1224 924 1280 979 in
1295 930 1582 994 utramque
1615 930 1826 995 partem
1845 923 2121 995 disputata
2147 939 2275 979 esse
2298 924 2455 980 vide-

649 1010 884 1078 buntur,
921 1024 1056 1063 vere
1088 1007 1389 1063 Suetonius
1428 1008 1814 1076 homonymica
1851 1006 2121 1077 quaedam
2153 1023 2224 1061 ex
2260 1006 2452 1063 Palae-

649 1090 828 1148 monis
888 1091 1035 1147 libro
1100 1091 1367 1161 decerpta
1427 1090 1482 1145 in
1545 1088 1761 1145 Pratum
1811 1106 1969 1145 suum
2018 1089 2232 1158 intulit,
2285 1091 2454 1161 idque

649 1181 816 1247 caput
854 1174 1140 1247 posterior
1178 1173 1383 1245 aliquis
1423 1172 1694 1243 magister
1728 1173 2032 1245 descripsit
2067 1172 2454 1243 similibusque

648 1257 981 1314 differentiis
1014 1257 1303 1313 adauctum
1334 1262 1392 1310 et
1435 1256 1925 1312 observationibus
1966 1256 2339 1327 grammaticis
2368 1256 2456 1311 di-

623 1330 807 1398 'versi'
848 1340 1075 1411 generis
1128 1339 1520 1411 interpolatum
1559 1338 1707 1395 haud
1762 1355 1896 1395 sane
1939 1339 2183 1395 feliciter
2219 1340 2452 1411 amplius

649 1424 795 1479 fecit.
870 1423 984 1480 Sed
1016 1439 1155 1494 quae
1190 1423 1302 1478 sint
1324 1422 1587 1493 antiquae
1611 1422 1996 1493 genuinasque
2025 1422 2207 1479 libelli
2241 1428 2453 1495 partes,

646 1524 788 1579 quae
826 1505 1106 1575 noviciae,
1133 1505 1192 1561 id
1224 1522 1404 1577 neque
1433 1506 1600 1561 facile
1626 1510 1712 1561 est
1735 1506 2032 1577 explorare
2064 1512 2122 1561 et
2151 1523 2182 1562 a
2217 1503 2454 1562 consilio

646 1591 807 1646 huius
839 1590 1103 1645 editionis
1127 1588 1385 1644 alienum.
1453 1588 1904 1645 Emendationum
1933 1595 2116 1645 autem
2139 1594 2454 1645 nostrarum

646 1679 701 1729 et
749 1672 1080 1731 brevissime
1128 1678 1185 1727 et
1224 1672 1668 1728 commodissime
1723 1672 1992 1727 rationem
2035 1672 2361 1741 reddemus,
2403 1672 2453 1727 si

644 1762 901 1813 mutatam
932 1774 963 1813 a
992 1754 1157 1812 nobis
1192 1756 1408 1811 codicis
1439 1755 1734 1811 lectionem
1759 1772 1899 1827 quae
1935 1754 2156 1826 quidem
2187 1755 2452 1811 memoria

644 1839 813 1909 digna
838 1839 1117 1908 videatur,
1156 1839 1250 1894 hic
1285 1839 1728 1911 apposuerimus.

767 1927 890 1991 307,
919 1927 956 1980 4
988 1928 1140 1976 terra
1177 1914 1190 2000 Ι
1226 1926 1258 1981 7
1283 1922 1350 1992 fit
1375 1921 1598 1978 henotes
1629 1927 1691 1977 ul
1715 1922 1864 1977 dotes
1891 1922 2208 1977 sacerdotes
2244 1918 2255 1999 Ι
2291 1928 2327 1982 8
2353 1922 2450 1978 ho-

642 2020 805 2064 nores
846 2010 907 2061 ut
940 2004 1169 2061 arbores
1215 2000 1224 2076 Ι
1275 2012 1343 2064 13
1372 2007 1552 2076 possit
1597 2018 1718 2060 esse
1749 2004 2071 2061 absconsum
2103 2022 2234 2061 nam
2271 2022 2394 2063 cum
2440 1998 2452 2048 Ι

642 2096 711 2151 18
736 2088 1038 2145 habuntdae
1074 2083 1083 2165 Ι
1120 2095 1187 2145 21
1219 2103 1359 2159 opus
1395 2082 1404 2165 Ι
1441 2094 1510 2145 22
1551 2089 1698 2159 quod
1725 2095 1778 2143 et
1814 2090 2065 2159 animae,
2095 2106 2264 2162 supra
2293 2104 2322 2145 s
2351 2090 2454 2145 ad-

643 2174 760 2230 dito
802 2190 855 2228 m
890 2166 900 2248 Ι
938 2178 1007 2233 27
1054 2172 1366 2243 pomerium
1409 2172 1504 2229 ubi
1522 2186 1690 2244 pomo
1738 2165 1749 2247 Ι
1797 2177 1867 2232 28
1895 2178 1946 2227 et
1987 2187 2156 2228 sacer
2193 2171 2203 2250 Ι
2239 2179 2308 2234 29
2337 2173 2451 2229 ales

641 2264 770 2312 sunt
805 2250 815 2333 Ι
853 2262 922 2317 32
950 2256 1124 2312 velum
1160 2256 1335 2311 lineae
1385 2248 1396 2333 Ι
1443 2261 1513 2315 36
1545 2260 1602 2311 et
1626 2261 1693 2315 37
1731 2256 1932 2311 absunt
1974 2272 2005 2312 a
2033 2255 2284 2313 Dubneri
2314 2273 2451 2329 apo-

679 2358 741 2397 ra
781 2342 875 2397 ho.

638 2358 678 2412 g
745 2358 902 2493 ι,3,08,
937 2430 972 2482 4
1022 2423 1293 2477 antistitiae
1337 2414 1351 2499 Ι
1402 2426 1432 2482 7
1477 2424 1637 2478 vincti
1681 2414 1692 2499 Ι
1744 2429 1810 2481 11
1836 2436 2002 2479 aene-s·
2029 2415 2230 2503 fieret!
2275 2428 2340 2484 19
2375 2425 2451 2479 ita

640 2508 797 2563 dator
828 2513 879 2561 et
917 2503 926 2581 Ι
962 2513 1031 2563 22
1058 2504 1435 2561 circumdatur
1481 2497 1492 2583 Ι
1542 2512 1611 2565 24
1649 2520 1838 2562 annua
1873 2512 1992 2563 vota
2031 2500 2042 2586 Ι
2077 2515 2150 2567 30
2187 2510 2279 2563 σαι·
2299 2522 2452 2564 usus,

775 2633 869 2697 96)
896 2634 1001 2687 Cfr.
1031 2636 1211 2685 Festus
1238 2650 1280 2685 s.
1315 2648 1362 2684 v.
1384 2634 1472 2695 ad,
1499 2636 1651 2698 apud,
1678 2637 1934 2697 lacerare,
1959 2638 2136 2697 lustra,
2165 2639 2458 2697 mmet-atur,-

637 2712 917 2765 monstrum,
955 2704 1244 2763 obsecrare,
1277 2718 1582 2766 properare,
1613 2718 2051 2766 supervacaneum,
2085 2713 2215 2755 tuor.
2274 2703 2452 2755 Chari—

639 2774 703 2824 sii
750 2772 1091 2838 comparanda
1138 2780 1257 2823 sunt
1309 2786 1371 2821 ea
1415 2772 1569 2823 verba
1616 2773 1803 2838 quibus
1847 2788 1902 2840 p.
1950 2773 2016 2823 75
2060 2773 2114 2823 P.
2145 2774 2450 2839 pugillare-e,

634 2857 688 2906 p.
725 2841 793 2892 85
820 2848 1052 2905 pometa,
1102 2855 1155 2907 p.
1193 2840 1261 2892 86
1295 2843 1361 2891 mi
1389 2848 1438 2891 et
1469 2840 1610 2900 mihi,
1652 2856 1706 2907 p.
1750 2840 1850 2892 100
1875 2844 2097 2905 plur-ium
2125 2856 2194 2891 an
2234 2844 2450 2905 plur-um,

634 2924 686 2975 p.
724 2907 823 2960 102
838 2911 969 2971 ficus
994 2924 1060 2959 an
1086 2911 1217 2970 ficos
1243 2908 1474 2959 illustrat.
1534 2908 1722 2960 Eorum
1759 2925 1890 2975 quae
1920 2925 1972 2976 p.
1998 2910 2117 2971 319,
2148 2912 2196 2961 7.
2233 2909 2351 2969 320,
2380 2908 2451 2960 30

635 2978 891 3042 leguntur,
928 2979 979 3026 in
998 2976 1382 3027 Veronensibus
1425 2976 1629 3027 scholiis
1665 2978 1731 3026 ad
1765 2978 1924 3044 Verg.
1962 2979 2094 3029 Aen.
2142 2981 2166 3029 1
2191 3014 2205 3039 ,
2244 2980 2270 3030 1
2309 2987 2358 3029 et
2395 2978 2448 3039 8,

640 3045 739 3097 106
774 3046 979 3111 gemina
1012 3046 1258 3096 invenies.

774 3113 869 3174 97)
917 3113 1242 3165 Desideratur
1274 3114 1327 3163 in
1370 3122 1544 3164 nostro
1581 3115 1786 3178 quidem
1817 3114 1986 3167 libello
2033 3114 2122 3165 illa
2162 3114 2448 3165 differentia
2475 3110 2482 3115 “

635 3180 952 3233 Palaemonis
990 3182 1192 3232 nomine
1226 3181 1508 3244 nobilitata3
1533 3190 1584 3232 et
1612 3182 1715 3233 alie,
1734 3183 1923 3249 legitur
1948 3197 1999 3250 p.
2028 3182 2151 3245 319,
2185 3183 2269 3236 27.
2347 3181 2447 3232 Sed

634 3257 685 3299 et
719 3249 859 3301 illam
892 3258 941 3300 et
969 3251 1100 3300 hanc
1130 3264 1190 3298 ea
1225 3250 1454 3299 collectio
1480 3252 1704 3301 servavit
1732 3265 1861 3315 quae
1897 3251 2083 3307 Isidori
2103 3251 2278 3311 fertur,
2309 3251 2446 3316 apud

636 3319 910 3368 Arevalum
947 3326 996 3369 et
1016 3316 1380 3369 Gothori-edum
1417 3319 1638 3383 itemque
1673 3320 1728 3369 in
1745 3318 2013 3370 Basilicusi
2039 3320 2214 3370 codice
2237 3320 2445 3384 scripta.

636 3388 811 3449 ltaque
862 3395 1086 3437 nostram
1134 3385 1444 3452 farraginem
1483 3388 1571 3451 qui
1618 3388 1938 3452 compilavit,
1987 3402 2090 3437 non
2123 3388 2447 3454 ignoratione

637 3454 822 3513 omisit,
861 3454 953 3505 sed
981 3453 1210 3505 consulto
1245 3453 1448 3520 prologi
1486 3455 1650 3505 instar
1672 3456 1970 3521 praeposuit
2003 3456 2141 3505 illam
2180 3455 2440 3504 Palaemo-

635 3522 713 3571 nis
753 3522 1099 3572 differentiam.
