2700 4234
473 300 556 362 22
643 311 701 360 e.
732 310 1036 360 sun-rom
1068 278 1346 367 ranno(
1366 307 1463 354 DE
1492 307 1657 355 vrrA
1692 308 2063 356 CAESARUM
2099 308 2237 354 ΜΒ.
2271 306 2317 353 1.

474 467 690 542 istaec,
759 481 873 525 oro
931 469 990 524 te
1004 487 1034 534 ,·
1098 464 1346 542 quando
1395 468 1605 523 nomm
1635 469 1757 539 est,
1818 468 1878 523 et
1927 461 2079 542 quid
2115 462 2221 523 ille
2272 462 2385 522 tibi
2434 470 2495 523 et

476 550 627 631 quid
679 549 774 609 illi
825 554 950 609 tute
997 547 1264 609 dederis.
1345 546 1570 608 Gallico
1632 547 1881 624 denique
1932 546 2224 625 triumpho
2278 547 2490 606 milites

479 637 603 694 eius
633 635 782 693 inter
818 641 1016 693 cetera
1049 634 1332 708 carmina,
1381 630 1572 709 qualia
1607 648 1837 691 currum
1867 640 2299 709 prosequentes
2325 633 2487 690 iocu-

478 718 678 779 lariter
711 725 952 792 canunt,
998 717 1166 776 etiam
1193 715 1334 776 illud
1366 715 1824 791 vulgatissimum
1858 715 2402 793 pronuntiaverunt:

733 805 940 861 Gallias
966 803 1178 860 Caesar
1198 804 1433 875 submit,
1478 803 1803 859 Nicomedes
1829 802 2125 858 Caesarem
2139 827 2155 856 .·
2513 817 2538 856 ι

728 889 878 944 Ecce
907 889 1116 946 Caesar
1143 903 1293 944 nunc
1321 887 1631 958 triumphat
1659 889 1759 959 qui
1790 887 1998 958 subegit
2020 885 2243 951 Gallias,

731 972 1054 1030 Nicomedes
1081 988 1191 1027 non
1222 970 1525 1043 triumphat
1554 974 1649 1042 qui
1664 970 1871 1041 subeyit
1893 970 2207 1027 Caesarem.

396 1066 462 1120 50
479 1055 728 1115 Pronum
775 1061 834 1112 et
877 1058 1272 1130 sumptuosum
1312 1052 1372 1108 in
1420 1049 1687 1109 libidines
1732 1050 1915 1109 fuisse
1969 1058 2246 1110 constans
2293 1049 2489 1129 opinio

479 1146 596 1214 est,
639 1135 1033 1215 ‘plurimasque
1069 1142 1127 1193 et
1173 1134 1434 1194 illustres
1476 1135 1719 1196 feminas
1762 1135 2133 1213 corrupisse,
2178 1134 2237 1192 in
2283 1133 2489 1212 quibus

478 1221 825 1282 Postumiam
868 1220 1037 1278 Servi
1084 1217 1362 1296 Sulpicii,
1409 1217 1649 1279 Lolliam
1693 1216 1831 1277 Auli
1871 1216 2112 1294 Gabini,
2171 1215 2487 1276 Tertullam
2511 1235 2561 1275 ιο

475 1304 660 1365 Marci
692 1302 923 1380 Crassi,
973 1304 1144 1362 etiam
1190 1299 1310 1361 CN.
1342 1300 1581 1381 Pompei
1626 1302 1890 1362 Muciam.
1951 1299 2096 1361 Nam
2131 1309 2293 1360 certe
2324 1299 2487 1361 Pom-

478 1389 614 1468 peio
647 1397 706 1447 et
751 1407 783 1448 a
832 1384 1178 1447 Curionibus
1213 1393 1382 1464 patre
1426 1394 1485 1445 et
1523 1385 1642 1446 lilio
1684 1395 1745 1445 et
1776 1404 1809 1446 a
1839 1384 2031 1445 multis
2076 1384 2489 1463 exprobratum

478 1482 605 1550 est,
660 1470 816 1550 quod
862 1471 1023 1530 cuius
1073 1487 1246 1529 causa
1289 1478 1425 1549 post
1467 1479 1587 1530 tres
1631 1469 1852 1530 liberos
1894 1470 2199 1546 exegisset
2244 1484 2491 1527 uxorem

479 1565 539 1616 et
601 1572 770 1634 quem
831 1570 1073 1631 gemens
1140 1554 1486 1631 Aegisthum
1545 1554 1848 1633 appellare
1902 1560 2287 1629 consuesset,
2362 1553 2491 1612 eius

479 1649 687 1719 postea
732 1639 904 1698 filiam
949 1638 1245 1716 potentiae
1299 1637 1612 1717 cupiditate
1652 1638 1709 1697 in
1752 1637 2168 1697 matrimonium
2218 1638 2482 1715 recepisa
2511 1652 2561 1692 ιο

478 1732 589 1782 set.
644 1722 762 1782 Sed
823 1730 954 1781 ante
1002 1721 1148 1781 alias
1193 1721 1398 1780 dilexit
1448 1721 1627 1782 Marci
1666 1721 1824 1780 Bruti
1874 1729 2114 1780 matrem
2160 1720 2487 1795 Serviliam,

480 1809 570 1866 cui
615 1815 676 1865 et
719 1806 902 1884 primo
953 1822 1060 1864 suo
1111 1805 1413 1864 consulatu
1456 1807 1767 1883 sexagiens
1806 1806 2078 1864 sestertio
2120 1806 2488 1881 margaritam

476 1897 766 1949 mercatus
807 1896 898 1947 est
943 1896 1003 1947 et
1044 1887 1203 1947 bello
1255 1889 1409 1947 civili
1452 1907 1632 1968 super
1675 1889 1817 1949 alias
1860 1888 2203 1948 donationes
2257 1887 2484 1966 amplis-

478 1975 619 2033 sima
665 1970 903 2050 praedia
964 1990 1040 2032 ex
1103 1971 1465 2032 auctionibus
1512 1972 1713 2033 hastae
1756 1974 1985 2032 minimo
2051 1971 2297 2039 addixit;
2360 1988 2489 2030 cum

478 2055 736 2135 quidem,
785 2055 1082 2134 plerisque
1125 2056 1403 2116 vilitatem
1446 2057 1813 2135 mirantibus,
1858 2057 2213 2116 facetissime
2270 2053 2483 2115 Cicero
2507 2075 2563 2116 20

481 2137 616 2212 Quo
685 2139 934 2217 melius,
993 2141 1202 2218 inquit,
1273 2149 1537 2218 emptum
1589 2141 1846 2217 sciatis,
1912 2139 2120 2200 Tertia
2176 2138 2444 2200 deducta
2457 2162 2487 2209 ,-

480 2222 913 2284 existimabatur
958 2224 1107 2282 enim
1151 2223 1400 2284 Servilia
1434 2225 1606 2285 etiam
1656 2225 1827 2284 filiam
1862 2243 2021 2284 suam
2053 2222 2305 2283 Tertiam
2342 2221 2487 2284 Cae·

393 2321 460 2374 51
483 2308 597 2367 sari
645 2308 978 2367 conciliare.
1047 2306 1138 2367 Ne
1180 2307 1636 2386 provincialibus
1696 2309 1925 2388 quidem
1970 2307 2347 2368 matrimoniis
2389 2305 2488 2367 ab·

480 2391 774 2466 stinuisse,
825 2390 922 2450 vel
953 2390 1071 2450 hoc
1106 2390 1353 2452 disticho
1385 2402 1629 2471 apparet
1676 2395 1889 2454 iactato
1926 2409 2112 2472 aeque
2144 2409 2177 2453 a
2211 2390 2487 2450 militibus

478 2483 592 2552 per'
620 2472 898 2534 Gallicum
929 2474 1303 2552 triumphum:
2507 2502 2563 2542 25

614 2561 849 2630 Urbani,
885 2569 1101 2617 servate
1140 2579 1374 2628 uxores,
1422 2561 1707 2619 moechum
1740 2565 1948 2620 calvom
1988 2564 2332 2619 adducimus.

599 2644 820 2701 Aurum
851 2647 910 2700 in
945 2645 1124 2702 Gallia
1158 2647 1450 2718 effutuisti,
1494 2647 1585 2702 hic
1611 2649 1894 2718 sumpsisti
1922 2652 2189 2703 mutuum.

392 2722 697 2786 52Dilexit
757 2733 816 2784 et
873 2727 1142 2802 reginas,
1215 2726 1365 2785 inter
1427 2744 1569 2805 quas
1615 2725 1863 2786 Eunoen
1912 2726 2165 2788 Mauram
2227 2726 2488 2804 Bogudis

477 2824 750 2886 uxorem,
794 2810 884 2869 cui
926 2811 1246 2888 maritoque
1288 2811 1414 2869 eius
1449 2810 1694 2888 plurima
1740 2819 1800 2870 et
1845 2812 2118 2870 immensa
2152 2810 2383 2888 tribuit,
2428 2819 2489 2869 ut

474 2889 632 2950 Naso
681 2892 945 2970 scripsit,
991 2893 1098 2952 sed
1139 2893 1385 2953 maxime
1434 2892 1835 2973 Cleopatram,
1912 2911 2039 2954 cum
2085 2911 2197 2972 qua
2244 2903 2303 2954 et
2346 2912 2486 2954 con·
2507 2918 2563 2959 30

474 2975 624 3035 vivia
655 2976 712 3035 in
743 2976 981 3055 primam
1011 2976 1201 3036 lucem
1238 2995 1420 3056 saepe
1455 2978 1741 3056 protraxit
1794 2988 1853 3040 et
1883 2978 2086 3039 eadem
2118 2995 2267 3039 nave
2308 2977 2487 3038 thala-

473 3075 648 3136 mego
710 3077 897 3137 paene
958 3059 1271 3140 Aethiopia
1337 3070 1505 3122 tenus
1563 3061 1901 3141 Aegyptum
1961 3063 2318 3141 penetravit,
2377 3061 2489 3121 nisi

474 3143 772 3202 exercitus
809 3144 976 3222 sequi
1008 3154 1380 3223 recusasset,
1426 3163 1593 3224 quam
1626 3146 1877 3225 denique
1914 3147 2157 3208 accitam
2194 3149 2250 3206 in
2285 3145 2490 3206 urbem

472 3224 701 3283 nonnisi
732 3228 992 3288 maximis
1021 3226 1339 3288 honoribus
1371 3233 1737 3308 praemisque
1768 3240 1990 3291 auctam
2012 3231 2253 3308 remisit,
2285 3229 2486 3290 filium-

473 3324 586 3384 que
617 3316 806 3368 natum
841 3309 1147 3389 appellare
1187 3313 1416 3371 nomine
1461 3331 1566 3373 suo
1612 3331 1819 3392 passus
1856 3324 1965 3376 est.
2042 3316 2226 3390 Quem
2257 3313 2486 3394 quidem
2506 3331 2559 3373 ss

472 3389 728 3451 nonnulli
766 3390 1122 3454 Graecorum
1153 3396 1396 3455 similem
1427 3414 1658 3476 quoque
1694 3395 1935 3460 Caesari
1978 3406 2036 3459 et
2079 3399 2263 3459 forma
2311 3407 2371 3458 et
2402 3398 2485 3456 in-

474 3489 647 3554 cessu
688 3475 1061 3537 tradiderunt.
1147 3478 1224 3539 Μ.
1274 3478 1562 3540 Antonius
1602 3480 1895 3558 adgnitum
1940 3485 2111 3544 etiam
2160 3480 2232 3542 ab
2270 3498 2345 3542 eo
2392 3499 2485 3542 se-

471 3557 624 3614 natui
665 3557 1022 3638 adfirmavit,
1069 3580 1218 3640 quae
1258 3564 1415 3622 scire
1458 3562 1533 3624 Cf
1572 3565 1804 3626 Matium
1847 3576 1905 3626 et
1949 3565 2016 3627 C.
2054 3566 2305 3646 Oppium
2346 3566 2486 3626 reli·
