2700 4234
511 329 632 391 192
721 340 780 388 c.
807 337 1111 388 suE‘rom
1134 296 1391 396 Tamo.
1418 336 1513 383 DE
1544 336 1710 383 vrrA
1736 335 2105 384 CAESARUM
2126 336 2267 385 Lm.
2293 338 2387 385 vr.

509 502 709 557 turum
733 492 942 555 omnia
978 510 1044 553 tn
1088 492 1390 553 theatrum
1434 492 1765 568 affirmavit,
1814 491 1875 550 si
1914 508 2033 569 per
2087 488 2399 551 Vindicem
2441 490 2511 551 li-

509 585 666 640 ceat.
2364 582 2367 591 '

427 683 496 737 42
631 662 941 740 Postquam
981 659 1188 721 deinde
1235 661 1407 719 etiam
1448 657 1683 719 Galbam
1730 665 1788 717 et
1828 656 2139 737 Hispanias
2188 656 2509 717 descivisse

511 747 820 823 cognovit,
867 743 1180 822 conlapsus
1223 744 1525 821 animoque
1573 741 1722 801 male
1766 742 1957 802 fracto
1990 740 2083 802 diu
2112 742 2239 801 sine
2270 757 2420 800 voce
2453 750 2511 800 et

511 848 700 909 prope
729 830 1138 887 intermortuus
1168 828 1375 903 iacuit,
1414 835 1590 904 utque
1623 826 1881 903 resipiit,
1914 834 2080 885 veste
2111 824 2378 901 discissa,
2416 841 2546 884 ca-⁵

510 915 630 994 pite
670 909 1129 987 converberata,
1173 916 1379 971 actum
1409 908 1487 969 de
1515 927 1585 969 se
1614 910 2029 987 pronuntiavit,
2067 908 2509 987 consolantique

510 994 833 1056 nutriculae
879 1004 936 1055 et
980 994 1109 1054 aliis
1155 1011 1392 1072 quoque
1445 994 1555 1053 iam
1596 992 1955 1071 principibus
1986 993 2195 1053 similia
2224 992 2508 1053 accidisse

507 1080 879 1156 memoranti,
926 1096 996 1137 se
1035 1095 1181 1138 vero
1219 1084 1481 1155 praeter
1520 1083 1759 1137 ceteros
1788 1074 2075 1138 inaudita
2114 1084 2174 1139 et
2198 1076 2512 1155 incoquita,

501 1163 645 1243 pati
664 1161 984 1241 respondit,
1015 1162 1120 1240 qui
1139 1178 1435 1220 summum
1462 1159 1780 1239 imperium
1803 1161 1980 1221 vivus
2010 1160 2328 1221 amitteret.
2387 1159 2512 1219 Nec

511 1266 584 1308 eo
628 1248 807 1306 setius
861 1246 1166 1323 quicquam
1213 1263 1288 1304 ex
1338 1243 1753 1305 consuetudine
1806 1244 1977 1304 luxus
2026 1254 2200 1324 atque
2253 1243 2509 1304 desidiae
2530 1264 2576 1303 ιο

512 1332 701 1392 omisit
732 1327 829 1388 vel
861 1328 1164 1397 imminuit;
1202 1330 1336 1406 quin
1372 1331 1580 1403 immo,
1630 1346 1759 1388 cum
1802 1330 2075 1408 prosperi
2124 1326 2393 1407 quiddam
2438 1346 2511 1387 ex

511 1412 827 1493 provinciis
868 1414 1184 1472 nuntiatum
1228 1422 1421 1489 esset,
1468 1430 1645 1491 super
1686 1410 2229 1473 abundantissimam
2275 1429 2515 1471 caenam

509 1496 789 1557 iocularia
823 1496 880 1555 in
910 1494 1260 1556 defectionis
1303 1494 1483 1555 duces
1528 1496 1777 1556 carmina
1818 1495 2159 1575 lasciveque
2200 1494 2513 1571 modulata,

513 1600 660 1660 quae
692 1580 872 1723 vulfo
904 1588 1232 1657 notuerunt,
1267 1580 1439 1641 etiam
1474 1579 1854 1658 gesticulatus
1886 1588 2013 1649 est;
2048 1598 2119 1640 ac
2158 1578 2515 1657 spectaculis

512 1664 722 1725 theatri
755 1682 786 1723 c
813 1682 903 1723 am
933 1664 1169 1741 inlatuS,
1213 1662 1438 1723 cuidam
1484 1663 1721 1723 scenico
1756 1663 2011 1742 placenti
2043 1664 2298 1724 nuntium
2338 1664 2513 1740 misit,
2536 1680 2580 1719 15

515 1746 690 1809 abuti
718 1766 851 1807 eum
881 1744 1398 1825 occupationibus
1428 1748 1579 1809 suis,

429 1848 498 1903 43
639 1830 805 1892 Initio
839 1833 1025 1891 statim
1059 1832 1361 1907 tumultus,
1406 1830 1578 1890 multa
1620 1839 1677 1889 et
1711 1830 1988 1909 inmania,
2036 1848 2237 1891 verum
2260 1847 2386 1890 non
2422 1830 2514 1890 ab·

512 1917 802 1976 horrentia
833 1932 867 1973 a
901 1922 1099 1974 natura
1131 1933 1231 1974 sua
1272 1915 1526 1974 creditur
1556 1913 1911 1975 destinasse:
1963 1930 2352 1975 successores
2388 1933 2513 1994 per-

514 2014 903 2075 cussoresque
945 2000 1297 2057 summittere
1345 2000 1637 2057 exercitus
1685 2007 1743 2058 et
1774 1999 2106 2077 provincias
2149 1998 2515 2075 regentibuS,

513 2081 675 2161 quasi
720 2080 1066 2159 conspiratis
1117 2080 1385 2159 idemque
1442 2090 1499 2141 et
1549 2100 1718 2142 unum
1774 2082 2181 2153 sentientibus3
2235 2081 2515 2161 quidquid
2535 2104 2575 2142 2„
2637 2088 2638 2093 ’

509 2166 723 2243 ubique
755 2164 1013 2242 exulum,
1059 2165 1334 2243 quidquid
1366 2167 1422 2225 in
1456 2165 1601 2227 urbe
1636 2166 1925 2225 hominum
1957 2166 2395 2227 Gallicanorum
2429 2185 2516 2225 es-

513 2260 602 2310 set
635 2247 1036 2309 contrucidare
1074 2248 1240 2328 (illos
1269 2266 1343 2309 ne
1377 2249 1843 2310 desciscentibus
1871 2249 2376 2328 adgregarentur,
2410 2250 2518 2309 hos

510 2344 570 2395 ut
597 2334 870 2394 conscios
895 2332 1260 2411 popularium
1292 2331 1524 2395 su‘orum
1548 2342 1722 2413 atque
1747 2333 2007 2394 fautores
2026 2334 2075 2412 ;)
2105 2333 2321 2394 Gallias
2349 2352 2519 2393 exer-

513 2418 718 2478 citibus
748 2414 1099 2494 diripiendas
1124 2419 1491 2496 permittere;
1520 2427 1779 2477 senatum
1802 2419 2135 2479 universum
2157 2435 2393 2479 veneno
2410 2435 2520 2497 per

514 2501 776 2561 convivia
802 2517 1046 2569 necare;
1082 2500 1280 2560 urbem
1304 2501 1638 2578 incendere,
1675 2501 1817 2561 feris
1843 2502 1899 2561 In
1924 2502 2203 2582 populum
2227 2502 2585 2577 immissiS,25

511 2600 626 2661 quo
658 2581 949 2642 difficilius
982 2583 1453 2645 defenderentur.
1514 2585 1631 2645 Sed
1652 2583 1995 2645 absterritus
2024 2603 2140 2647 non
2169 2594 2283 2645 tam
2313 2588 2518 2665 paeni-

507 2667 684 2726 tentia
705 2684 872 2744 quam
885 2667 1228 2745 perficiendi
1247 2668 1673 2747 desperatione,
1694 2667 2059 2748 credensque
2078 2667 2521 2749 expeditionem

509 2750 932 2827 necessariam,
967 2752 1243 2811 consules
1279 2761 1411 2813 ante
1449 2762 1675 2833 tempus
1705 2754 1956 2831 privavit
1985 2754 2211 2814 honore
2244 2762 2425 2832 atque
2462 2755 2520 2813 in

509 2836 805 2913 utriusque
853 2834 1046 2895 heum
1089 2836 1252 2895 solus
1294 2838 1417 2897 iniit
1458 2836 1846 2914 consulatum,
1901 2840 2065 2916 quasi
2107 2837 2287 2899 fatale
2333 2846 2519 2912 esset,

507 2934 622 2979 non
652 2936 832 2997 posse
870 2918 1086 2981 Gallias
1116 2918 1400 2980 debellari
1433 2923 1542 2980 nisi
1575 2940 1608 2981 a
1651 2938 1716 2981 se
1762 2921 2025 2981 consule.
2085 2920 2177 2981 Ae
2218 2924 2520 3001 susceptis
2540 2936 2589 2976 30

506 3002 798 3081 fascibus,
854 3021 982 3063 cum
1031 3012 1165 3082 post
1219 3005 1425 3081 epulas
1479 3005 1727 3065 triclinio
1788 3004 2224 3083 digrederetur,
2282 3006 2522 3065 innixus

507 3088 721 3148 umeris
764 3088 1156 3164 familiarium,
1201 3087 1539 3166 affirmavit,
1592 3088 1778 3149 simul
1820 3106 1899 3150 ac
1937 3089 2206 3168 primum
2250 3084 2519 3167 provin·

507 3172 668 3232 eiam
687 3171 1010 3251 attiyisset,
1027 3172 1316 3231 inermem
1331 3190 1401 3232 se
1421 3173 1485 3233 in
1508 3179 1898 3252 conspectum
1920 3173 2299 3235 exercituum
2312 3172 2520 3252 prod-

505 3254 730 3314 iturum
771 3273 885 3316 nec
919 3255 1246 3335 quicquam
1291 3256 1469 3318 aliud
1508 3274 1693 3337 quam
1728 3254 2045 3341 fleturum,
2079 3256 2523 3336 revocatisque

507 3338 596 3396 ad
627 3338 1072 3415 paenitentiam
1115 3338 1533 3418 defectoribus
1572 3340 1914 3420 insequenti
1957 3341 2058 3402 die
2098 3340 2324 3402 laetum
2353 3340 2521 3400 inter
2539 3363 2589 3403 35
2637 3404 2638 3419 ἦ

505 3420 704 3565 laeto?-
747 3428 1139 3565 ccttntaturum
1171 3424 1474 3502 epinicia,
1522 3442 1682 3504 quae
1718 3425 1842 3485 iam
1874 3444 2037 3486 nunc
2065 3423 2190 3486 sibi
2228 3424 2523 3501 componi

422 3600 490 3653 44
505 3521 1104 3667 woltieffgeparanda
1129 3592 1504 3669 expeditione
1528 3594 1765 3672 primam
1782 3610 1977 3653 curam
1999 3590 2195 3653 habuit
2218 3589 2517 3669 deligendi

2636 444 2638 521 ς
