2700 4234
484 273 607 336 250
651 285 713 334 c,
746 285 1047 335 suarem
1081 285 1339 347 ramo.
1375 286 1470 334 nn
1502 284 1667 334 vrrs
1699 285 2072 335 canssntm
2099 287 2240 337 ΜΒ.
2273 289 2418 338 v111.

484 441 777 523 propositi
804 441 1049 518 gratiam
1077 441 1277 501 facere
1307 457 1423 500 non
1449 441 1560 502 alia
1591 441 1780 518 magis
1813 459 1880 500 re
1907 441 2243 520 compulsus
2282 442 2474 504 creda·

484 535 596 602 tur,
630 543 798 604 quam
828 523 982 603 quod
1018 527 1208 604 sparsi
1242 524 1426 585 libelli
1461 543 1590 584 oum
1621 525 1713 585 his
1746 524 2016 585 versibus
2052 534 2245 587 erant:

546 603 830 707 ,Κᾶνημε
871 599 1089 690 φάγῃς
1133 601 1241 669 ἐπὶ
1282 605 1492 690 ῥίζαν,
1539 597 1712 688 ὅμως
1755 607 1854 669 ἔτι
1895 601 2416 689 καρποφορῆσαι,

741 693 967 754 Οσσον
1007 689 1382 754 ἐπισπεῖσαι
1423 691 1554 770 σοί,
1597 683 1822 772 τράγε,
1863 686 2205 776 θυομένῳ.

484 777 703 840 Eadem
742 776 1049 837 formidine
1090 775 1345 837 oblatum
1399 794 1432 836 a
1476 785 1680 836 senatu
1725 793 1940 838 novum
1986 785 2046 836 et
2093 777 2516 856 excogitatum

485 862 801 938 honorem,
836 877 1176 939 quamquam
1212 861 1459 921 omnium
1487 860 1684 921 talium
1727 861 2269 939 appetentissimus,
2317 878 2474 920 recu-

486 947 657 1022 savit,
688 962 804 1024 quo
836 945 1133 1005 decretum
1158 953 1283 1004 erat
1303 953 1383 1021 ut,
1416 945 1682 1022 quotiens
1705 953 1947 1021 gereret
1978 944 2358 1022 consulatum,
2383 961 2473 1023 eq.

480 1030 553 1090 R.
594 1029 801 1109 quibus
837 1044 969 1090 sors
1004 1027 1333 1105 obtigisset,
1363 1025 1610 1088 trabeati
1650 1035 1709 1088 et
1755 1045 1882 1088 cum
1923 1027 2105 1089 hastis
2147 1027 2476 1090 militaribus

484 1112 911 1192 praecederent
942 1131 1069 1172 eum
1098 1114 1249 1171 inter
1271 1111 1516 1172 lictores
1549 1112 2056 1191 apparitoresque.

608 1196 898 1276 Tempore
958 1197 1219 1274 suspecti
1278 1195 1526 1274 periculi
1571 1197 2112 1275 appropinquante,
2175 1194 2478 1257 sollicitior
2498 1209 2542 1250 u

483 1282 543 1342 in
586 1282 711 1342 dies
728 1326 746 1359 ,
792 1281 1116 1359 porticuum
1132 1325 1149 1356 ‚
1198 1279 1257 1338 in
1300 1278 1507 1359 quibus
1559 1281 1797 1358 spatiari
1844 1287 2180 1357 consuerat,
2231 1280 2482 1359 parietes

483 1365 761 1444 phengite
806 1362 1001 1442 lapide
1054 1364 1340 1442 distinxit,
1398 1382 1432 1424 e
1477 1363 1640 1424 cuius
1687 1361 2004 1442 splendore
2053 1380 2160 1442 per
2203 1365 2483 1442 imagines

484 1447 758 1529 quidquid
792 1465 825 1508 a
867 1455 1040 1526 tergo
1079 1449 1247 1508 lieret
1288 1446 1644 1526 provideret.
1715 1446 1847 1508 Nec
1885 1448 1996 1508 nisi
2037 1455 2270 1508 secreto
2309 1457 2484 1526 atque

484 1532 645 1594 solus
676 1532 991 1612 plerasque
1030 1531 1357 1609 custodias,
1399 1532 1658 1610 receptis
1693 1530 1926 1609 quidem
1966 1531 2024 1590 in
2065 1548 2289 1594 manum
2333 1541 2482 1592 cate·

482 1619 594 1696 nis,
621 1615 909 1679 audiebat.
969 1616 1163 1695 thue
1208 1616 1546 1676 domesticis
1598 1613 2009 1693 persuaderet,
2054 1631 2130 1674 ne
2169 1615 2326 1676 bono
2363 1617 2552 1695 qui-1⁵

482 1700 613 1764 dem
650 1700 923 1780 exemplo
956 1699 1274 1762 audendam
1316 1716 1454 1759 esse
1485 1698 1714 1779 patroni
1745 1715 1983 1776 necem,
2029 1696 2484 1778 Epaphroditum

484 1805 518 1847 a
546 1784 1039 1863 libellismapitali
1087 1801 1279 1863 poena
1326 1782 1759 1861 condemnavit,
1803 1781 1959 1862 quod
2004 1791 2140 1861 post
2167 1783 2481 1844 destitutio-

482 1888 612 1932 nem
642 1868 803 1930 Nero
838 1869 895 1927 in
928 1866 1304 1947 adipiscenda
1330 1876 1516 1927 morte
1551 1885 1724 1946 manu
1767 1868 1891 1927 eius
1933 1867 2156 1928 adiutus
2199 1869 2482 1928 existima-

404 1965 466 2017 15
488 1952 672 2014 batur.
736 1950 1001 2030 Denique
1045 1950 1304 2010 Flavium
1346 1948 1706 2012 Clementem
1746 1951 2067 2031 patruelem
2111 1969 2304 2028 suum,
2349 1967 2480 2012 con-

481 2036 899 2114 temptissimae
928 2035 1202 2110 inertiae,
1254 2035 1416 2094 cuius
1463 2033 1617 2096 filios
1663 2035 1834 2096 etiam
1874 2042 1993 2094 tum
2046 2035 2324 2113 parvulos
2355 2053 2481 2096 suc·
2505 2058 2552 2098 20
2639 2053 2641 2116 ς

486 2135 759 2182 cessores
790 2118 982 2198 palam
1014 2118 1406 2179 destinaverat
1435 2127 1524 2196 et,
1554 2117 1774 2180 abolito
1806 2119 2005 2198 priore
2036 2121 2299 2196 nomine,
2343 2118 2484 2180 alte-

482 2221 605 2264 rum
646 2204 1069 2282 Vespasianum
1110 2201 1397 2282 appellari
1444 2203 1726 2279 iusserat,
1779 2202 2022 2263 alterum
2077 2202 2486 2280 Domitianum,

481 2297 729 2367 repente
776 2305 850 2348 ex
902 2288 1233 2348 tenuissima
1296 2287 1617 2366 suspitione
1665 2295 1880 2347 tantum
1931 2302 2048 2346 non
2089 2289 2146 2347 in
2184 2288 2316 2366 ipso
2363 2287 2489 2347 eius

487 2370 787 2434 consulatu
810 2372 1112 2432 interemit.
1166 2371 1295 2446 Quo
1319 2371 1565 2430 maxime
1589 2370 1746 2430 facto
1769 2372 2070 2430 maturavit
2094 2369 2205 2431 sibi
2231 2372 2488 2432 exitium.

610 2453 909 2515 Continuis
961 2463 1096 2515 octo
1148 2453 1444 2514 mensibus
1499 2463 1586 2514 tot
1632 2454 1862 2531 fulgura
1907 2453 2068 2514 facta
2115 2457 2558 2534 nuntiataquezs

484 2547 631 2615 sunt,
662 2546 724 2596 ut
753 2537 1201 2598 exclamaverit:
1246 2535 1467 2598 Fer-iat
1491 2537 1639 2613 iam,
1671 2555 1847 2618 quem
1873 2535 2074 2598 volet!
2143 2537 2384 2600 Tactum
2415 2537 2492 2598 de

484 2622 653 2683 caelo
699 2619 1046 2700 Capitolium
1086 2621 1478 2701 templumque
1529 2621 1766 2683 Flaviae
1818 2623 2046 2699 gentis,
2095 2623 2232 2682 item
2283 2621 2494 2682 domus

360 2753 367 2758 .
482 2705 739 2766 Palatina
771 2713 828 2766 et
858 2704 1182 2766 cubiculum
1222 2706 1428 2784 ipsius,
1463 2715 1638 2785 atque
1674 2707 1847 2767 etiam
1877 2723 1912 2765 e
1947 2704 2075 2767 basi
2119 2713 2344 2767 statuae
2391 2708 2494 2766 tri-

482 2788 768 2869 umphalis
811 2789 1007 2850 titulus
1036 2807 1319 2851 excussus
1359 2791 1416 2849 vi
1461 2789 1766 2868 procellae
1809 2791 1866 2850 in
1904 2790 2314 2851 monimentum
2349 2807 2496 2868 pro-

480 2890 711 2935 xumum
764 2873 995 2934 decidit.
1080 2872 1309 2950 Arbor,
1369 2891 1518 2955 quae
1575 2873 1804 2953 privato
1868 2872 2055 2934 adbuc
2116 2875 2496 2953 Vespasiano
2520 2892 2570 2934 3ο

482 2974 692 3020 eversa
724 2967 1086 3036 surrexerat,
1122 2967 1259 3020 tunc
1287 2975 1487 3018 rursus
1519 2965 1766 3036 repente
1801 2960 2037 3018 corruit.
2108 2958 2501 3019 Praenestina

480 3041 769 3120 Fortuna,
806 3050 930 3104 toto
958 3043 1185 3122 imperii
1214 3043 1406 3122 spatio
1444 3058 1650 3103 annum
1685 3059 1898 3102 novum
1925 3040 2346 3103 commendanti
2372 3041 2501 3103 lae-

479 3135 593 3186 tam
630 3126 989 3206 eandemque
1026 3139 1260 3206 semper
1290 3135 1509 3186 sortem
1537 3125 1675 3187 dare
1707 3135 1960 3204 assueta,
1987 3133 2250 3186 extremo
2277 3125 2515 3200 tristi&

480 3212 678 3270 simam
712 3209 979 3288 reddidit,
1011 3229 1125 3271 nec
1164 3213 1289 3270 sine
1319 3211 1616 3288 sanguinis
1641 3211 1952 3271 mentione.

601 3293 947 3372 niuei-vam,
984 3312 1153 3373 quam
1186 3295 1593 3372 superstitiose
1638 3292 1904 3370 colebat,
1957 3293 2263 3354 somniavit
2311 3311 2501 3353 exce-
2523 3305 2576 3346 3⁵

480 3373 621 3436 dere
656 3380 914 3437 sacrario
953 3377 985 3418 *
1016 3385 1445 3455 negantemque
1475 3377 1624 3439 ultra
1659 3396 1724 3438 se
1753 3379 1902 3437 tueri
1923 3395 2057 3445 eum
2094 3392 2299 3456 posse,
2334 3375 2507 3455 quod

477 3467 771 3520 exarmata
814 3467 973 3519 esset
1004 3477 1037 3520 a
1077 3458 1240 3520 Iove.
1314 3459 1488 3522 Nulla
1533 3470 1726 3522 tamen
1765 3479 1833 3522 re
1875 3461 2116 3540 perinde
2166 3469 2506 3520 commotus

477 3548 584 3619 est,
613 3558 781 3621 quam
811 3559 1102 3622 responso
1128 3561 1384 3622 casuque
1406 3544 1832 3606 Ascletarionis
1853 3543 2260 3606 mathematici.
2321 3543 2508 3604 Hunc
