2700 4234
397 247 521 310 290
947 257 1010 306 c.
1055 256 1385 308 summm
1426 255 1854 318 Tamquam

398 432 524 476 mus
547 411 882 494 praefectus
909 411 1070 471 urbis
1099 410 1286 472 sactus
1310 419 1481 472 sexto
1512 411 1607 471 die
1634 410 1974 488 magistratu
2004 428 2071 469 se
2095 408 2425 489 abdicavit,

399 495 693 559 incivilem
734 503 1085 577 potestatem
1129 512 1266 554 esse
1309 503 1645 556 contestans
1690 511 1751 554 a.
1788 500 1921 554 728.
1956 499 2067 554 729
2094 537 2109 552 .
2144 537 2159 552 .
2193 537 2209 552 .
2252 493 2420 555 Mes-

401 581 526 643 sala
563 577 850 642 Corvinus
880 587 1077 640 orator
1110 587 1240 638 ante
1282 576 1573 640 biennium
1603 595 1771 656 quam
1812 585 2144 636 moreretur
2179 579 2260 638 ita
2295 596 2421 638 me·

398 665 638 726 moriam
663 672 721 723 et
748 679 980 724 sensum
1013 661 1230 740 amisit,
1259 672 1319 721 ut
1346 665 1448 722 vix
1470 679 1657 742 pauca
1684 660 1866 721 verba
1897 661 2321 738 coniungeret,
2356 670 2424 722 et

398 750 471 812 ad
513 757 828 808 extremum
861 745 1066 806 ulcere
1097 745 1209 806 sibi
1253 748 1411 806 circa
1442 763 1666 806 sacram
1694 745 1918 824 spinam
1955 753 2093 804 nato
2122 743 2315 805 inedia
2346 763 2421 805 se
2442 770 2472 810 s

401 831 660 894 coniecit
694 846 847 890 anno.
879 829 1086 892 aetatis
1116 830 1552 909 septuagesimo
1584 829 1769 889 altero
1800 845 1861 888 a.
1898 835 2245 890 763—-765.

528 915 601 990 Q.
632 912 901 974 Haterius
935 922 1237 993 promptus
1267 921 1326 972 et
1354 913 1656 992 popularis
1686 919 1885 973 orator
1912 929 2100 990 nsque
2131 911 2205 972 ad
2232 929 2417 973 nona-

400 1001 681 1077 gesimum
711 1013 904 1076 prope
938 1014 1143 1057 annum
1173 999 1230 1056 in
1258 1013 1481 1057 summo
1511 996 1738 1057 honore
1769 995 2144 1055 consenescit
2174 1013 2246 1056 α..
2274 1002 2417 1060 778.

525 1081 837 1141 Passienus
867 1089 1036 1160 pater
1066 1078 1424 1139 declamator
1456 1080 1701 1156 insignis
1730 1079 1881 1138 diem
1911 1075 2056 1139 obiit
2088 1094 2150 1139 a.
2182 1087 2323 1140 745.

526 1165 837 1225 Passienus
865 1163 1018 1224 filius
1049 1162 1254 1223 fraude
1285 1161 1523 1223 heredis
1558 1179 1698 1223 suae
1727 1170 1968 1222 necatur
2015 1178 2077 1222 a.
2109 1169 2236 1222 791.
2283 1159 2412 1222 Cri·
2440 1189 2501 1231 ω

402 1267 564 1328 spus,
589 1248 892 1325 municeps
910 1245 1601 1323 Viselliensis,tirocinio
1632 1263 1737 1306 suo
1762 1247 1822 1306 in
1846 1253 2051 1306 senatu
2076 1247 2153 1306 ita
2176 1247 2416 1324 coepit:

402 1331 625 1394 Patres
653 1328 995 1409 conscripti
1028 1335 1085 1390 et
1122 1335 1186 1389 tu
1219 1327 1499 1391 Caesar!
1527 1338 1771 1409 propter
1800 1328 1959 1408 quod
1986 1329 2251 1390 simulata
2283 1346 2419 1391 ora·

402 1418 561 1476 tione
592 1413 934 1494 plenissime
964 1431 997 1474 a
1026 1411 1264 1473 Tiberio
1301 1412 1674 1476 conlaudatus
1706 1421 1813 1474 est.
1884 1411 2166 1473 Plurimus
2198 1421 2423 1491 sponte

407 1514 613 1560 causas
664 1495 815 1576 apud
862 1498 1253 1558 centumviros
1289 1499 1441 1574 egit,
1494 1513 1604 1577 pro
1642 1513 1755 1575 qua
1794 1514 1861 1555 re
1901 1497 1959 1556 in
1987 1495 2235 1557 basilica
2266 1496 2423 1557 Iulia

403 1585 529 1644 eius
571 1589 755 1642 statua
802 1583 997 1660 posita
1039 1590 1148 1642 est.
1205 1578 1555 1642 Consulatus
1598 1580 1743 1640 duos
1776 1581 1988 1656 gessit.
2043 1581 2281 1642 Uxores
2310 1579 2499 1647 ha-15

403 1667 525 1727 buit
555 1664 729 1742 dnaS,
766 1665 1006 1744 primam
1025 1664 1361 1742 Domitiam,
1393 1663 1601 1725 deinde
1623 1663 2009 1742 Agrippinam
2028 1709 2047 1742 ,
2080 1664 2238 1724 illam
2274 1665 2421 1725 ami-

404 1759 553 1827 tam,
609 1748 760 1809 hanc
813 1757 1053 1808 matrem
1098 1748 1350 1809 Neronis
1394 1745 1682 1808 Caesaris.
1776 1747 2047 1807 Possedit
2087 1746 2179 1807 bis
2220 1747 2421 1808 milies

405 1833 748 1893 sestertium.
798 1829 1056 1892 Omnium
1085 1833 1411 1913 principum
1445 1834 1688 1910 gratiam
1713 1830 2015 1912 adpetivit,
2047 1831 2153 1891 sed
2183 1834 2423 1912 praeci-

404 1933 518 1996 pue
562 1911 628 1973 C.
668 1912 974 1992 Caesaris,
1013 1933 1184 1994 quem
1225 1917 1337 1974 iter
1378 1915 1689 1976 facientem
1728 1923 1964 1974 secutus
2007 1922 2098 1975 est
2139 1914 2417 1994 pedihus.

401 1999 511 2064 Hic
559 1996 719 2056 nullo
762 1993 1030 2058 audiente
1070 2015 1103 2058 a
1143 1997 1384 2058 Nerone
1429 1997 1733 2078 [oportuit
1772 1997 1942 2076 Gaio]
1991 2000 2413 2076 interrogatus,
2434 2021 2497 2062 zo
2666 1981 2668 2073 l

402 2081 720 2143 haberetne
771 2083 921 2141 sicut
968 2084 1097 2161 ipse
1150 2099 1279 2142 cum
1329 2099 1542 2142 sorore
1596 2099 1873 2160 germana
1917 2081 2417 2160 consuetudinem,

403 2163 673 2228 nondum
719 2165 924 2244 inquit,
989 2166 1350 2244 quantumvis
1396 2165 1673 2226 decenter
1714 2173 1773 2224 et
1803 2172 2003 2242 caute,
2052 2183 2128 2224 ne
2170 2175 2268 2226 ant
2310 2184 2416 2226 ne-

405 2248 598 2327 gando
633 2266 762 2309 eum
803 2256 1077 2326 argueret
1116 2258 1212 2310 aut
1259 2248 1635 2310 adsentiendo
1681 2257 1867 2308 semet
1894 2248 2198 2310 mendacio
2219 2247 2417 2310 ¹deho-

405 2341 679 2394 nestaret.
753 2331 934 2392 Periit
964 2351 1070 2413 per
1098 2331 1357 2393 fraudem
1386 2332 1769 2411 Agrippinae,
1817 2350 1984 2411 quam
2011 2331 2289 2393 heredem
2316 2351 2416 2392 re-

405 2416 689 2494 liquerat,
734 2424 793 2474 et
836 2416 1040 2476 funere
1072 2414 1308 2496 publico
1353 2417 1539 2477 elatus
1573 2424 1679 2476 est.
1711 2413 1971 2476 Scholia
1998 2415 2088 2476 ad
2116 2414 2412 2478 Iuvenal.
2432 2435 2499 2476 25

450 2545 466 2576 '
532 2579 598 2641 c.
651 2579 884 2640 Asinius
943 2579 1174 2660 sanus,
1240 2583 1428 2644 Asinii
1469 2581 1754 2643 Pollionis
1801 2581 1983 2661 filius,
2044 2585 2207 2644 ouius
2236 2585 2419 2646 etiam

411 2663 688 2743 Virgilius
716 2663 996 2742 meminit,
1029 2665 1168 2727 diris
1197 2685 1230 2728 a
1265 2667 1503 2728 Tiberio
1534 2665 1837 2745 suppliciis
1867 2675 2106 2728 necatur
2136 2684 2198 2727 a.
2229 2675 2371 2730 767.

537 2745 775 2808 Cassius
821 2749 1075 2810 Severus
1118 2760 1319 2812 orator
1360 2751 1670 2829 egregius,
1725 2752 1822 2828 qui
1855 2750 2222 2825 Quintianum
2266 2751 2419 2812 illud

408 2831 782 2911 proverbium
800 2831 1036 2910 luserat,
1069 2837 1358 2912 vigesimo
1390 2835 1585 2913 quinto
1618 2833 1778 2893 exilii
1809 2835 1895 2894 sui
1924 2851 2075 2896 anno
2104 2837 2161 2894 in
2192 2852 2505 2899 summaao

413 2916 612 2996 inopia
645 2919 920 2992 moritur,
951 2919 1052 2977 vix
1081 2936 1273 2998 panno
1304 2917 1559 2978 verenda
1591 2925 1894 2978 contectus
1932 2937 1993 2980 a.
2033 2925 2385 2979 785-787,

540 3001 826 3061 Votienus
857 3000 1162 3062 Montanus
1189 3001 1591 3063 Narbonensis
1626 3009 1824 3061 orator
1847 3003 1914 3061 in
1946 3001 2288 3062 Balearibus
2326 3003 2417 3062 in·

415 3083 558 3144 sulis
590 3086 856 3161 moritur,
888 3101 921 3144 a
951 3083 1188 3146 Tiberio
1221 3087 1362 3146 illuc
1391 3083 1689 3162 relegatus
1721 3101 1783 3144 a.
1820 3092 1953 3146 780.
1986 3093 2115 3146 781.

533 3165 818 3228 Domitius
853 3166 1002 3228 Afer
1035 3168 1449 3229 Nemausensis
1494 3167 1687 3228 clarus
1746 3177 1945 3229 orator
1970 3167 2251 3246 habetur,
2316 3172 2421 3248 qui

405 3249 904 3394 postea⁷lg⁷erggg
931 3262 1216 3330 regnante
1254 3271 1328 3313 ex
1369 3251 1483 3313 cibi
1520 3249 1865 3313 abundantia
1905 3254 1963 3312 in
2005 3269 2189 3313 caena
2234 3257 2507 3315 mori-35

431 3347 498 3389 ur
525 3347 585 3391 a.
737 3377 752 3394 .
906 3377 921 3391 .

540 3428 695 3491 Libri,
728 3431 817 3495 qui
841 3440 948 3482 erat
971 3433 1050 3483 de
1086 3434 1126 3484 P
1144 3434 1333 3496 oetis,
1359 3434 1411 3485 in
1438 3435 1699 3502 prooemio
1724 3437 1743 3487 l
1813 3439 1831 3488 i
1852 3439 2019 3505 potuit
2036 3437 2166 3489 hoc=

530 3495 748 3558 Poetae
778 3497 928 3559 unde
958 3501 1072 3562 sint
1099 3502 1268 3580 dicti,
1299 3503 1387 3562 sic
1422 3506 1501 3564 ait
1528 3503 1781 3586 Tranqui
1808 3504 1918 3568 lus.
1992 3503 2133 3567 Cum
2165 3508 2419 3585 primum
