2700 4234
1046 341 1106 390 0.
1148 337 1520 392 c-AmeULA.
1957 309 1960 314 Α
2170 336 2290 400 135

274 491 420 572 παὶ,
482 493 725 555 alterum
770 503 830 555 ut
871 495 1182 556 verbosum
1215 498 1272 554 in
1305 496 1547 559 historia
1580 500 2107 578 neglegentemque
2165 520 2287 564 car-

273 578 474 658 pebat.
560 578 650 639 De
691 579 831 638 iuris
880 596 1112 659 quoque
1159 581 1473 657 consultis,
1537 585 1700 660 quasi
1752 585 2032 646 scientiae
2088 602 2289 646 eorum

274 678 505 722 omnem
539 680 702 722 usum
747 662 1098 740 aboliturus,
1162 681 1346 743 saepe
1387 666 1651 743 iactavit,
1716 684 1785 727 se
1814 668 2158 729 mehercule
2198 669 2285 748 ef-

267 744 578 823 fecturum
617 765 696 806 ne
728 745 879 826 quid
915 748 1295 826 respondere
1326 748 1577 826 possint
1624 756 1881 828 praeter
1926 770 2079 812 eum.
2171 755 2284 814 Ve-
2303 766 2372 820 35

214 851 248 891 ⁵
271 839 401 889 tera
457 830 793 891 familiarum
852 831 1100 907 insignia
1160 830 1519 892 nobilissimo
1577 835 1783 912 cuique
1837 835 2077 912 ademit,
2144 836 2286 897 Tor-

271 921 452 992 quato
509 922 814 993 torquem,
881 911 1219 975 Cincinnato
1279 916 1527 994 crinem,
1601 915 1721 978 CN.
1766 919 2047 997 Pompeio
2089 921 2286 999 stirpis

269 999 544 1075 antiquae
571 998 768 1074 Magni
811 1015 1156 1076 cognomen.
1244 998 1666 1078 Ptolemaeum,
1718 1002 1792 1062 de
1828 1019 1941 1082 quo
1972 1002 2177 1079 retuli,
2227 1011 2289 1062 et

269 1081 615 1141 arcessitum
667 1099 702 1140 e
757 1099 946 1160 regno
1000 1091 1059 1142 et
1108 1092 1416 1162 exceptum
1463 1083 1817 1164 honorilice,
1882 1103 1999 1146 non
2050 1087 2160 1147 alia
2212 1086 2285 1147 de

269 1181 452 1225 causa
485 1173 730 1244 repente
761 1165 1083 1245 percussit,
1143 1184 1310 1247 quam
1343 1167 1529 1246 quod,
1594 1169 1804 1230 edente
1838 1189 1904 1230 se
1933 1187 2157 1247 munus,
2199 1173 2281 1230 in·

179 1263 250 1304 ιο
268 1265 539 1326 gressum
571 1248 911 1328 spectacula
936 1251 1300 1310 convertisse
1329 1250 1619 1312 hominum
1651 1253 1857 1314 oculos
1888 1252 2122 1330 fulgore
2149 1272 2281 1332 pur-

267 1349 494 1410 pureae
523 1332 753 1392 abollae
792 1332 1209 1394 animadvertit.
1271 1333 1553 1395 Pulchros
1585 1344 1644 1395 et
1672 1346 1963 1413 comatos,
2013 1338 2281 1418 quotiens

269 1414 387 1474 sibi
445 1425 849 1493 occurrerent,
914 1419 1189 1498 occipitio
1247 1434 1383 1478 raso
1446 1419 1807 1498 deturpabat.
1906 1421 2049 1481 Erat
2106 1419 2279 1481 Esius

265 1499 550 1560 Proculus
587 1509 755 1579 patre
795 1501 1164 1580 primipilari,
1224 1501 1299 1562 ob
1347 1505 1648 1580 egregiam
1693 1505 1963 1584 corporis
2020 1505 2277 1582 amplitu-

178 1579 190 1582 “
268 1582 468 1643 dinem·
505 1593 564 1644 et
608 1585 867 1662 speciem
913 1583 1270 1646 Colosseros
1309 1585 1525 1655 dictus;
1585 1586 1737 1647 hunc
1782 1587 2135 1666 spectaculis
2180 1586 2277 1647 de-

181 1683 244 1722 15
267 1677 516 1728 tractum
572 1676 821 1747 repente
886 1676 946 1728 et
1001 1669 1059 1728 in
1108 1669 1381 1730 harenam
1431 1668 1736 1731 deductum
1781 1671 1993 1732 Threci
2035 1679 2093 1730 et
2142 1688 2280 1732 mox

263 1751 660 1830 hoplomacho
723 1754 1132 1832 comparavits
1167 1753 1376 1833 bisque
1431 1755 1714 1814 victorem
1774 1754 2095 1830 constringi
2152 1756 2279 1813 sine

259 1851 431 1895 mora
460 1837 625 1895 iussit
656 1845 714 1895 et
751 1837 957 1914 pannis
990 1836 1236 1898 obsitum
1277 1839 1508 1896 vicatim
1544 1837 1890 1898 circumduci
1922 1855 1991 1898 ac
2028 1838 2276 1898 mulieri-

259 1919 374 1978 bus
415 1919 677 1996 ostendi,
723 1918 930 1980 deinde
971 1921 1237 1999 iugulari.
1325 1919 1533 1981 Nullus
1576 1921 1825 2001 denique
1859 1930 1971 1982 tam
2010 1920 2276 1982 abiectae

245 2002 626 2082 ⁶condicionis
655 2012 884 2083 tamque
925 2014 1220 2066 extremae
1263 2005 1438 2066 sortis
1481 2005 1619 2082 fuit,
1680 2007 1841 2066 cuius
1881 2023 1999 2066 non
2026 2022 2273 2066 commo-

181 2101 239 2140 20
261 2086 354 2147 dis
393 2085 766 2148 obtrectaret.
853 2086 1200 2149 Nemorensi
1252 2091 1413 2167 regi,
1466 2089 1621 2169 quod
1666 2088 1876 2150 multos
1932 2091 2043 2149 iam
2094 2106 2275 2149 annos

259 2179 571 2250 poteretur
627 2171 994 2248 sacerdotio,
1037 2172 1409 2233 ‘validiorem
1466 2172 1857 2233 adversarium
1917 2172 2271 2260 subornavit.

259 2252 408 2314 Cum
459 2253 706 2332 quodam
759 2253 851 2314 die
903 2257 1154 2316 muneris
1207 2255 1505 2316 essedario
1545 2255 1753 2332 Porio,
1813 2254 1891 2316 ob
1930 2272 2275 2334 prosperam

257 2355 517 2417 pugnam
560 2331 792 2398 servum
833 2356 996 2399 suum
1038 2341 1485 2416 manumittenti,
1537 2339 1848 2400 studiosius
1890 2338 2150 2418 plausum
2182 2357 2271 2397 es-

257 2431 385 2497 set,
441 2423 522 2482 ita
564 2423 851 2501 proripuit
896 2441 962 2482 se
1002 2423 1397 2502 spectaculis,
1461 2432 1522 2484 ut
1564 2422 1788 2483 calcata
1835 2422 2041 2483 lacinia
2095 2429 2273 2498 togae

179 2526 238 2566 25
258 2523 555 2585 praeceps
589 2523 698 2586 per
727 2505 944 2585 gradus
973 2507 1113 2584 iret,
1159 2506 1616 2585 indignabundus
1648 2515 1706 2566 et
1744 2507 2039 2567 clamitans
2080 2504 2269 2566 domi-

255 2606 408 2650 num
441 2591 710 2668 ,centium
745 2588 1048 2669 populum
1095 2608 1175 2651 ex
1208 2609 1282 2651 re
1317 2588 1633 2652 levissima
1657 2591 1805 2670 plus
1842 2589 2100 2652 honoris
2132 2587 2269 2669 yla-

256 2672 518 2734 diatori.
563 2673 922 2734 tribuentem
994 2691 1178 2755 quam
1247 2675 1629 2740 consecratis
1680 2673 2090 2759 ‚principibus
2167 2677 2277 2732 aut

247 2757 580 2835 praesenti
605 2755 747 2818 sibi.
1857 2789 1869 2799 -
2152 2817 2173 2832 ,

397 2839 712 2901 Pudicitiae
757 2859 949 2921 neque
981 2859 1121 2901 suae
1152 2860 1341 2922 neque
1372 2841 1597 2904 alienae
1638 2841 1925 2920 pepercit.
1995 2838 2071 2898 M.
2100 2838 2267 2917 Lepi-
2286 2849 2356 2904 36

177 2924 424 3002 eodum,
488 2924 841 2986 Mnesterem
882 2925 1316 3004 pantomimum,
1364 2924 1655 3005 'quosdam
1710 2921 1948 2982 obsides
1995 2921 2271 2981 dilexisse

251 3009 444 3069 fertur
485 3009 834 3071 commercio
881 3009 1056 3068 mutui
1107 3010 1312 3088 stupri.
1400 3007 1673 3070 Valerius
1717 3004 2008 3080 Catullus,
2064 3021 2269 3064 consu-

251 3092 363 3152 lari
405 3092 620 3153 familia
647 3093 904 3169 iuvenis,
965 3101 1282 3172 stupratum
1315 3111 1348 3154 a
1382 3111 1447 3152 se
1482 3110 1553 3152 ac
1586 3091 1770 3151 latera
1813 3089 1922 3149 sibi
1965 3087 2270 3148 contuber-

252 3177 353 3236 nio
391 3178 515 3236 eius
557 3176 790 3237 defessa
838 3177 1008 3237 etiam
1053 3176 1409 3237 vociferatus
1453 3185 1562 3235 est.
1650 3175 1842 3254 Super
1880 3188 2143 3234 sororum
2185 3173 2271 3230 in-

253 3268 421 3320 cesta
477 3269 536 3320 et
590 3259 947 3321 notissimum
988 3262 1330 3340 prostitutae
1372 3259 1677 3336 Pyrallidis
1719 3274 1970 3319 amorem
2021 3273 2135 3316 non
2185 3264 2270 3315 te-

179 3363 234 3406 ss
252 3361 418 3404 mere
447 3344 564 3404 ulla
593 3343 928 3405 inlustriore
957 3343 1170 3405 femina
1205 3344 1505 3413 abstinuit;
1566 3361 1707 3423 quas
1758 3342 2097 3421 plerumque
2142 3356 2269 3399 cum
2383 3423 2389 3428 .

250 3429 473 3488 maritis
504 3427 577 3489 ad
607 3445 846 3489 caenam
878 3435 1119 3488 vocatas
1147 3435 1501 3507 praeterque
1530 3426 1716 3506 pedes
1753 3443 1891 3486 suos
1922 3423 2268 3486 transeuntis

249 3511 570 3590 diligenter
598 3529 668 3571 ac
710 3511 867 3572 lente
895 3512 1269 3572 mercantium
1307 3528 1470 3571 more
1512 3509 1938 3586 considerabat,
1971 3511 2141 3568 etiam
2183 3504 2266 3565 fa-

249 3596 402 3657 ciem
431 3613 603 3656 manu
639 3594 948 3674 adlevans,
1005 3596 1057 3654 si
1087 3612 1234 3675 quae
1266 3593 1491 3674 pudore
1529 3593 1956 3661 submitterent;
1998 3589 2265 3669 quotiens
