2700 4234
2649 17 2652 196 ι

518 290 639 354 208
688 303 747 352 c.
775 301 1076 352 sunrom
1101 299 1362 360 ritmo.
1396 299 1490 346 DE
1515 299 1682 346 vrrA
1709 297 2082 348 CAESARUM
2103 300 2240 346 mn.
2266 302 2388 348 vn.

522 461 820 522 auctore?
859 456 1259 536 responderit;
1300 463 1474 534 atque
1507 456 1566 514 in
1601 454 1788 514 forum
1821 473 2005 535 usque
2052 457 2372 534 processit.
2430 455 2516 518 Ibi
2649 429 2651 510 ἶ

522 547 767 624 equites,
798 541 1007 621 quibus
1035 539 1298 601 mandata
1322 537 1536 600 caedes
1553 548 1694 616 erat,
1713 557 1840 599 cum
1862 556 1970 618 per
1990 539 2282 618 publicum
2304 539 2516 602 dimota

524 643 880 708 paganorum
906 623 1069 686 turba
1100 641 1285 704 equos
1310 623 1670 700 adegissent,
1693 624 1822 683 viso
1850 623 2057 702 procul
2081 639 2179 702 eo,
2207 641 2516 703 parumper

522 714 882 779 restiterunt;
922 709 1053 769 dein
1085 724 1313 769 rursum
1342 709 1560 768 incitati
1602 705 1892 767 desertum
1927 725 1960 767 a
1997 707 2116 767 suis
2155 707 2512 769 contrucida-

523 805 671 856 runt.
2539 803 2564 842 ι

438 885 511 938 20
652 879 794 939 Sunt
818 879 915 957 qui
944 876 1189 953 tradant,
1220 875 1291 937 ad
1322 877 1564 956 primum
1589 876 1883 935 tumultum
1928 873 2323 953 proclamasse
2359 893 2512 934 euin:

528 962 693 1038 Quid
732 962 923 1042 aqitis
964 960 1449 1022 commilitones?
1489 977 1600 1038 eqo
1640 965 1847 1020 vester
1886 975 2053 1033 sum,
2115 964 2175 1018 et
2209 976 2326 1020 vos
2367 957 2516 1018 mei!

526 1047 853 1108 donativum
878 1047 1047 1106 etiam
1071 1044 1414 1124 pollicitum.
1484 1043 1690 1104 Plures
1713 1052 1901 1103 autem
1925 1042 2320 1121 prodiderunt,
2354 1051 2517 1121 optu-

526 1132 669 1192 lisse
690 1130 841 1190 ultro
866 1128 1118 1206 iugulum
1142 1137 1199 1186 et
1220 1134 1290 1188 ut
1308 1127 1427 1188 hoc
1450 1133 1722 1206 aqerent,
1752 1144 1831 1188 ac
1847 1125 2130 1205 ferirent,
2157 1125 2408 1206 quando
2430 1125 2522 1186 ita

526 1213 871 1290 videretur,
912 1213 1217 1274 hortatum.
1280 1209 1430 1271 Illud
1479 1213 1678 1270 mirum
1721 1209 2024 1272 admodum
2066 1211 2269 1286 fuerit,
2328 1227 2518 1289 neque
2541 1221 2589 1262 1⁰

530 1298 919 1378 praesentium
962 1312 1307 1374 quemquam
1361 1311 1536 1373 opem
1567 1295 1900 1374 imperatori
1951 1295 2108 1355 ferre
2155 1303 2420 1354 conatum
2463 1302 2524 1352 et

528 1399 730 1442 omnes
756 1381 855 1458 qui
879 1380 1301 1440 arcessirentur
1330 1379 1631 1458 sprevisse
1655 1380 1926 1455 nuntium,
1957 1387 2210 1457 excepta
2229 1377 2522 1440 Germani-

530 1467 824 1526 cianorum
845 1464 1247 1524 vexillatione.
1305 1462 1351 1523 Ii
1377 1461 1452 1523 ob
1481 1481 1693 1524 recens
1717 1463 1979 1523 meritum
2016 1462 2173 1541 quod
2199 1481 2267 1523 se
2300 1479 2526 1540 aegros

530 1559 590 1610 et
626 1547 911 1608 invalidos
945 1564 1306 1624 magnopere
1349 1547 1631 1624 fovisset,
1690 1549 1746 1606 iii
1783 1547 2052 1607 auxilium
2085 1545 2528 1622 advolaverunt,

532 1632 636 1694 sed
660 1633 865 1710 serius,
890 1633 1097 1692 itinere
1124 1630 1295 1692 devio
1320 1649 1428 1710 per
1444 1631 1824 1708 ignorantiam
1847 1631 2111 1692 locorum
2133 1629 2429 1691 retardati.
2551 1646 2599 1687 15

659 1715 956 1794 Iugulatus
979 1725 1069 1775 est
1092 1715 1165 1776 ad
1188 1715 1375 1776 lacum
1402 1713 1558 1777 Curti
1583 1733 1654 1775 ac
1677 1715 1917 1776 relictus
1938 1716 2016 1776 ita
2037 1717 2116 1774 uti
2139 1723 2297 1792 erat,
2333 1712 2530 1774 donec

532 1803 841 1880 gregarius
862 1799 1029 1858 miles
1052 1817 1085 1858 a
1108 1799 1551 1860 frumentatione
1589 1799 1824 1859 rediens
1856 1799 2088 1859 abiecto
2127 1817 2308 1858 onere
2353 1805 2534 1876 caput

534 1886 595 1945 ei
615 1884 955 1962 amputavit;
984 1891 1042 1942 et
1064 1883 1333 1959 quoniam
1359 1882 1573 1960 capillo
1599 1884 1860 1961 arripere
1887 1901 2002 1944 non
2029 1890 2278 1961 poterat,
2311 1883 2369 1940 in
2396 1898 2533 1958 gre-

531 1969 701 2028 mium
724 1964 969 2041 addidit,
995 1981 1133 2024 mox
1157 1967 1376 2026 inserto
1400 1983 1507 2044 pei·
1533 1984 1602 2027 os
1626 1967 1848 2045 pollice
1887 1965 1958 2026 ad
1981 1965 2266 2027 Othonem
2302 1964 2533 2025 detulit.

532 2050 641 2111 Ille
662 2049 797 2110 lixis
824 2048 1237 2128 calonibusque
1262 2048 1516 2126 donavit,
1541 2053 1636 2129 qui
1667 2049 1830 2110 hasta
1855 2050 2120 2110 suffixum
2145 2067 2263 2110 non
2284 2050 2417 2109 sine
2450 2047 2535 2108 lu·
2557 2066 2604 2106 20
2650 2057 2651 2098 ὲ

534 2133 721 2195 dibrio
746 2135 963 2194 circum
987 2142 1175 2193 castra
1203 2142 1522 2211 portarunt,
1543 2133 1934 2194 adclamantes
1957 2133 2294 2194 identidem:
2321 2131 2542 2194 Galba
2650 2141 2651 2152 *

536 2217 801 2296 Cupido,
832 2215 1080 2296 fruaris
1096 2200 1313 2278 ’ἐκείατο
1340 2219 1490 2278 tua!
1543 2219 1788 2278 maxime
1823 2218 2024 2278 irritati
2059 2217 2133 2279 ad
2159 2217 2334 2277 talem
2370 2219 2541 2278 ioco-

533 2321 659 2364 rum
681 2301 1075 2381 petulantiam,
1099 2300 1255 2380 quod
1278 2310 1414 2362 ante
1439 2319 1660 2380 paucos
1683 2301 1808 2361 dies
1831 2304 2056 2362 exierat
2079 2303 2135 2361 iii
2153 2301 2392 2379 vulgus,
2417 2302 2542 2362 lau·
2650 2349 2651 2374 i

537 2386 690 2447 danti
724 2385 946 2446 cuidam
968 2385 1209 2446 formam
1240 2403 1398 2444 suain
1425 2395 1487 2444 ut
1520 2385 1706 2446 adhuc
1740 2385 2018 2447 floridam‘
2035 2395 2094 2447 et
2118 2394 2403 2463 vegetam
2445 2403 2542 2444 re-

538 2468 848 2548 spondisse
875 2487 1003 2528 euin
1021 2490 1035 2528 :
1052 2459 1195 2528 Ἔτι
1214 2461 1329 2547 μοὶ
1345 2463 1542 2548 μένος
1565 2460 1855 2548 ἔμπεδόν
1877 2465 2078 2532 ἐστιν.
2136 2469 2230 2530 Ab
2252 2471 2305 2530 is
2327 2469 2543 2530 Patro·
2563 2487 2609 2525 2⁵

536 2552 618 2612 bii
642 2551 958 2611 Neroniani
982 2551 1222 2612 libertus
1248 2562 1476 2613 centum
1499 2555 1690 2614 aureis
1711 2553 2069 2634 redemptum
2108 2571 2181 2615 eo
2209 2552 2348 2614 loco
2371 2599 2392 2631 ,
2445 2552 2546 2613 ubi

536 2638 697 2696 iussu
722 2633 942 2695 Galbae
966 2634 1424 2698 animadversum
1445 2639 1502 2696 iii
1527 2645 1828 2715 patronum
1853 2657 2012 2698 suum
2040 2638 2261 2716 fuerat,
2295 2637 2548 2698 abiecit.

540 2720 687 2779 Sero
710 2718 939 2779 tandem
960 2718 1330 2798 dispensator
1355 2720 1610 2799 Argivus
1636 2730 1695 2782 et
1717 2721 1833 2783 hoc
1869 2731 1930 2782 et
1967 2731 2226 2782 ceterum
2269 2729 2551 2785 truncum

540 2805 597 2862 in
628 2804 869 2881 privatis
894 2805 1019 2862 eius
1043 2803 1225 2864 hortis
1248 2803 1488 2866 Aurelia
1510 2808 1601 2866 via
1624 2805 1959 2884 sepulturae
1983 2805 2159 2870 dedit.

452 2895 522 2950 21
666 2887 893 2948 Statura
939 2887 1043 2947 fuit
1084 2890 1231 2948 iusta
1250 2932 1267 2964 ,
1315 2890 1506 2966 capite
1558 2889 1910 2967 praecalvo,
1979 2889 2164 2950 oculis
2221 2889 2621 2966 caeruleis,³o

540 2970 762 3032 adunco
786 2987 959 3048 naso,
990 2970 1252 3031 manibus
1285 2971 1646 3053 pedibusque
1685 2973 1973 3034 articulari
2007 2973 2212 3033 morbo
2247 2972 2558 3035 distortis-

538 3057 713 3132 simis,
738 3064 799 3115 nt
822 3073 1011 3134 neque
1040 3054 1301 3115 calceum
1324 3059 1558 3134 perpeti
1588 3075 1700 3116 nec
1733 3056 1970 3118 libellos
2001 3057 2286 3118 evolvere
2319 3067 2432 3118 aut
2467 3068 2556 3118 te-

537 3157 679 3198 nere
704 3140 934 3200 omnino
968 3138 1212 3199 valeret.
1285 3138 1651 3202 Excreverat
1684 3142 1854 3202 etiam
1885 3142 1940 3200 in
1977 3140 2312 3201 dexteriore
2347 3141 2562 3203 latere

541 3224 665 3281 eius
686 3241 843 3299 caro,
878 3220 1434 3303 praependebatque
1467 3223 1614 3285 adeo
1649 3235 1710 3284 ut
1741 3243 1923 3303 aegre
1953 3225 2138 3286 fascia
2171 3224 2560 3304 substringe-

452 3306 714 3366 fflretur.
768 3305 894 3366 Cibi
919 3305 1145 3386 plurimi
1167 3307 1425 3385 traditur,
1461 3326 1632 3387 quem
1652 3317 1918 3388 tempore
1941 3308 2185 3369 hiberno
2203 3309 2384 3368 etiam
2409 3319 2560 3369 ante
2581 3328 2633 3371 as

538 3388 729 3448 lucem
765 3408 982 3468 capere
1010 3401 1351 3468 consuerat,
1385 3393 1535 3452 inter
1571 3411 1808 3452 caenam
1837 3403 1981 3454 ve'ro
2021 3411 2207 3472 usque
2241 3409 2314 3454 eo
2359 3393 2563 3454 abun-

541 3471 745 3547 dantiS,
770 3481 830 3531 ut
864 3483 1181 3549 congestas
1205 3491 1386 3552 super
1404 3494 1602 3536 manus
1625 3475 1902 3555 reliquias
1925 3477 2284 3537 circumferri
2303 3475 2566 3537 iuberet

541 3556 858 3632 spargique
882 3554 953 3615 ad
976 3555 1160 3633 pedes
1184 3558 1483 3619 stantibus·
1542 3559 1818 3620 Libidinis
1842 3563 1900 3620 iii
1927 3579 2120 3621 mares
2155 3560 2412 3638 pronior
2431 3607 2452 3639 ,
2501 3571 2570 3622 et
