2700 4234
453 243 570 304 176
631 253 691 303 c,
726 253 1030 302 θυι-Τοῖσι
1061 252 1313 313 TRANQ.
1344 253 1442 300 nu.
1476 253 1643 300 vrrs
1675 251 2044 302 cssssssnu
2075 253 2214 300 Lm.
2249 213 2357 302 vr.-

450 407 804 484 cohortibus,
850 405 1031 466 curuli
1076 405 1340 466 residens
1384 406 1534 486 apud
1569 415 1762 468 rostra
1791 407 2191 486 triumphantis
2234 407 2455 485 habitu,

446 493 596 552 inter
637 492 803 568 signa
848 490 1111 550 militaria
1156 498 1329 568 atque
1372 491 1617 560 vexilla;
1675 498 1733 549 et
1781 492 1964 568 primo
2010 509 2117 570 per
2169 491 2453 552 devexum

447 575 730 656 pulpitum
743 573 1082 635 subeuntem
1099 572 1323 633 admisit
1338 573 1410 633 ad
1426 592 1615 651 genua
1632 573 2074 653 adlevatumque
2091 575 2295 636 dextra
2312 593 2452 635 exo·

447 659 704 719 sculatus
746 666 869 734 est,
917 657 1049 717 dein
1093 659 1357 737 precanti
1394 659 1540 718 tiara
1583 657 1828 718 deducta
1874 657 2134 719 diadema
2176 661 2452 739 inposuit,

444 742 627 804 verba
672 741 958 823 supplicis
1001 743 1379 819 interpretata
1425 743 1722 820 praetorio
1766 743 1893 801 viro
1938 743 2276 803 multitudini
2318 761 2450 823 pro·
2477 764 2501 803 ε
2670 795 2671 798 ,

444 828 767 896 nuntiante;
813 824 1153 906 perductum
1182 824 1316 884 inde
1344 826 1400 884 in
1432 824 1715 886 theatrum
1761 843 1831 885 ac
1876 845 2076 886 rursus
2123 827 2451 907 supplican-
2669 855 2672 920 4

446 919 561 970 tem
594 911 750 970 iuxta
782 927 847 970 se
880 909 1064 970 latere
1106 909 1312 969 dextro
1358 908 1709 968 conlocavit.
1803 908 1891 969 Ob
1939 928 2088 989 quae
2139 912 2454 989 imperator
2670 925 2671 928 ’

362 1009 433 1064 14
449 994 862 1070 consalutatus,
896 992 1097 1053 laurea
1126 992 1183 1050 in
1216 990 1561 1072 Capitolium
1595 992 1730 1070 lata,
1761 991 1956 1052 Ianum
1985 994 2272 1070 geminum
2299 995 2452 1054 clau-

447 1080 541 1156 sit,
573 1087 688 1138 tam
719 1077 878 1137 nullo
910 1094 1078 1155 quam
1112 1075 1346 1135 residuo
1376 1074 1556 1136 bello.

575 1160 923 1222 Consulatus
950 1169 1219 1239 quattuor
1244 1160 1470 1237 gessit:
1505 1161 1746 1238 primum
1792 1159 2194 1238 bimenstrem,
2245 1173 2526 1221 secun-10

449 1246 579 1306 dum
612 1255 670 1305 et
699 1245 1069 1304 novissimum
1101 1252 1477 1319 semenstres,
1509 1244 1736 1303 tertium
1759 1243 2302 1321 quadrimenstrem;
2333 1263 2450 1305 me-

448 1329 577 1390 dios
620 1329 763 1388 duos
808 1329 1191 1404 continuavit,
1244 1327 1504 1406 reliquos
1542 1326 1692 1387 inter
1733 1345 1917 1387 annua
1959 1329 2146 1406 spatia
2187 1329 2451 1390 variavit.

294 1487 301 1492 ,
366 1413 514 1479 15111
546 1415 685 1472 iuris
718 1412 971 1473 dictione
1004 1410 1488 1490 postulatoribus,
1519 1412 1626 1470 nisi
1655 1411 1920 1489 sequenti
1951 1410 2044 1472 die
2065 1431 2134 1472 ac
2154 1430 2262 1490 per
2285 1411 2451 1472 libel-

448 1497 562 1575 los,
594 1514 709 1557 non
744 1505 967 1557 temere
994 1494 1314 1575 respondit.
1389 1493 1802 1572 cognoscendi
1833 1511 2052 1556 morem
2086 1514 2214 1556 eum
2248 1497 2452 1574 tenuit,

447 1591 507 1642 ut
542 1581 827 1642 continuis
860 1578 1186 1641 actionibus
1218 1581 1448 1640 omissis
1478 1576 1811 1656 singillatim
1843 1597 2110 1658 quaeque
2140 1599 2248 1661 per
2287 1581 2454 1640 vices
2477 1596 2525 1636 1⁵

450 1674 675 1744 ageret.
767 1665 1050 1741 Quotiens
1084 1671 1273 1724 autem
1306 1663 1378 1724 ad
1409 1661 1842 1723 consultandum
1871 1663 2214 1742 secederet,
2259 1683 2454 1742 neque

449 1753 504 1810 in
538 1766 837 1810 commune
871 1749 1177 1826 quicquam
1210 1765 1402 1826 neque
1450 1746 1753 1826 propalam
1796 1745 2191 1824 deliberabat,
2247 1748 2352 1808 sed
2394 1757 2454 1808 et

451 1834 816 1912 conscriptas
872 1831 945 1892 ab
1006 1848 1120 1891 uno
1179 1849 1416 1910 quoque
1470 1832 1786 1890 sententias
1838 1831 2048 1892 tacitus
2101 1849 2171 1892 ac
2217 1841 2451 1892 secreto

447 1919 677 1995 legens,
720 1915 876 1996 quod
905 1915 1017 1995 ipsi
1047 1913 1310 1975 libuisset
1342 1913 1587 1995 perinde
1621 1924 1793 1992 atque
1827 1914 2087 1993 pluribus
2116 1915 2266 1976 idem
2290 1914 2449 1975 vide-

446 2009 609 2062 retur
641 1997 1067 2080 pronuntiabat.
2473 2025 2526 2064 20
2667 1999 2672 2048 l

574 2083 639 2144 In
670 2086 885 2144 curiam
912 2083 1309 2142 libertinorum
1344 2083 1500 2142 filios
1531 2083 1625 2142 diu
1657 2099 1771 2142 non
1817 2082 2068 2154 admisit;
2117 2083 2382 2143 admissis
2421 2101 2454 2142 a
2599 2147 2609 2154 ,
2670 2085 2671 2156 1

450 2168 744 2250 prioribus
800 2167 1160 2248 principibus
1201 2166 1459 2226 honores
1511 2167 1840 2244 denegavit.
1930 2166 2310 2244 Candidatos‚
2355 2168 2453 2244 qui

449 2271 625 2332 supra
653 2270 949 2312 numerum
979 2259 1197 2327 essent,
1228 2252 1286 2309 in
1319 2251 1585 2311 solatium
1616 2250 1906 2310 dilationis
1940 2268 2008 2311 ac
2038 2268 2235 2311 morae
2267 2251 2452 2328 legio·
2670 2275 2671 2330 l

449 2337 618 2397 nibus
650 2337 1007 2416 praeposuit.
1098 2333 1472 2395 Consulatum
1516 2337 1572 2394 in
1620 2351 1798 2394 senos
1842 2333 2182 2414 plerumque
2219 2352 2454 2394 menses

452 2420 627 2481 dedit.
684 2419 1093 2497 Defunctoque
1126 2418 1283 2478 circa
1314 2418 1407 2478 Kl.
1437 2417 1556 2478 Ian.
1595 2417 1782 2478 altero
1816 2437 1850 2478 e
1889 2418 2240 2496 consulibus,
2272 2419 2450 2478 nemi·
2473 2436 2528 2476 25

448 2521 581 2564 nem
612 2501 919 2579 substituit,
950 2501 1285 2581 improbans
1317 2502 1648 2581 exemplum
1683 2511 1852 2562 vetus
1885 2501 2085 2563 Canini
2113 2502 2305 2563 Rebili
2336 2518 2453 2562 uno

452 2587 545 2646 die
575 2586 850 2646 consulis.
911 2585 1299 2664 Triumphalia
1323 2595 1658 2647 ornamenta
1684 2589 1856 2646 etiam
1880 2588 2246 2666 quaestoriae
2270 2586 2454 2664 digni-

453 2671 586 2731 tatis
618 2679 676 2730 et
707 2669 1003 2730 nonnullis
1051 2687 1127 2729 ex
1158 2672 1420 2747 equestri
1459 2669 1660 2731 ordine
1706 2669 1936 2747 tribuit,
1976 2689 2088 2731 nec
2133 2673 2333 2750 utique
2379 2669 2456 2728 de

452 2773 627 2816 causa
673 2754 919 2814 militari.
998 2753 1093 2832 ,De
1142 2753 1478 2832 quibusdam
1518 2755 1693 2814 rebus
1733 2755 2030 2815 orationes
2071 2754 2144 2815 ad
2191 2762 2456 2815 senatum
2670 2829 2671 2832 Ἴ

450 2840 692 2915 missas,
724 2839 1043 2918 praeterito
1080 2838 1407 2916 quaestoris
1440 2839 1675 2914 officio,
1711 2856 1819 2917 per
1848 2840 2146 2899 consulem
2199 2837 2451 2917 plerum·
2473 2848 2528 2889 ³⁰
2670 2839 2671 2842 ’

370 2941 437 2996 16
456 2941 567 3004 que
598 2921 900 2983 recitabat.
986 2921 1253 2983 Formam
1288 2922 1680 2982 aedificiorum
1713 2922 1872 2982 urbis
1906 2939 2114 2984 novam
2149 2924 2454 3000 excogita·
2669 2847 2672 3042 Ῑ

453 3009 551 3084 vit,
586 3016 643 3066 et
670 3015 729 3066 ut
762 3015 894 3068 ante
924 3005 1139 3066 insulas
1167 3023 1238 3066 ac
1278 3005 1481 3067 domos
1524 3008 1782 3085 porticus
1822 3015 2052 3085 essent,
2098 3006 2169 3067 de
2214 3023 2457 3086 quarum

454 3090 682 3151 solariis
740 3089 1005 3151 incendia
1072 3097 1438 3160 arcerentur;
1494 3107 1710 3168 easque
1755 3091 1981 3169 sumptu
2026 3107 2132 3150 suo
2179 3091 2454 3150 extruxit.

450 3173 781 3236 Destinarat
814 3176 986 3236 etiam
1026 3171 1185 3234 Ostia
1232 3183 1400 3233 tenus
1439 3175 1666 3234 moenia
1706 3191 2054 3253 promovere
2103 3183 2275 3254 atque
2317 3173 2455 3234 inde

454 3255 614 3317 fossa
646 3276 804 3336 mare
834 3259 1021 3318 veteri
1053 3257 1181 3316 urbi
1210 3255 1505 3318 inducere.
2027 3331 2034 3335 ,
2471 3280 2526 3320 ss

578 3341 757 3402 Multa
798 3342 902 3401 sub
948 3358 1020 3400 eo
1058 3349 1117 3400 et
1158 3340 1556 3402 animadversa
1599 3357 1808 3402 severe
1867 3349 1926 3402 et
1987 3342 2282 3418 coercita,
2341 3361 2456 3404 nec

453 3425 637 3484 minus
668 3425 950 3485 instituta:
986 3423 1273 3486 adhibitus
1303 3424 1622 3504 sumptibus
1651 3424 1887 3496 modus;
1932 3424 2200 3503 publicae
2231 3444 2456 3488 caenae

454 3506 526 3566 ad
560 3507 855 3587 sportulas
885 3506 1187 3594 redactae}
1230 3508 1594 3568 interdictum
1626 3526 1701 3569 ne
1744 3508 1878 3591 quid
1919 3510 1977 3569 in
2016 3510 2250 3589 popinis
2299 3511 2456 3572 cocti

2595 3849 2672 4002 ψ
