2700 4234
896 289 1317 338 PRAEFATIO.
1921 295 2022 344 XV

192 450 440 524 ligendis
476 450 641 505 rebus
672 447 875 504 eximia
898 465 967 504 ac
992 449 1158 520 plane
1190 448 1498 520 singularis
1523 449 1661 507 fides
1691 457 1748 506 ct
1775 451 2016 525 diligen-

196 537 289 605 tia,
337 535 394 590 in
448 530 875 588 conscribendis
916 531 1215 604 prudentia
1277 538 1334 587 et
1387 534 1686 592 verborum
1735 535 2016 607 elegantia

194 636 337 676 rara.
426 617 510 672 De
542 614 905 684 fontibus,
942 621 1003 671 ut
1030 630 1173 669 nuuc
1202 615 1502 686 loquimur,
1533 616 1788 673 Suetonii
1825 625 2017 677 nostra

194 699 459 758 memoria
498 697 656 754 multi
700 703 941 768 egerunt
965 699 1057 753 vel
1090 698 1331 753 omnium
1363 699 1452 755 vel
1495 699 1838 770 singularum
1870 703 2016 759 vita-

195 803 309 842 rum
328 825 344 855 ,
390 791 449 839 ut
480 780 817 851 Schweiger
850 779 1098 850 Gelbery
1129 781 1347 838 Krause
1387 782 1548 838 Prutz
1592 782 1782 855 Egger
1823 785 2016 841 Hirzcl

196 869 589 935 Wicdemann,
620 879 760 936 quos
784 864 1017 920 honoris
1040 878 1210 920 causa
1232 865 1481 936 appello,
1513 866 1618 922 scd
1644 865 1790 922 iuter
1822 883 2016 924 omnes

199 951 490 1021 convenit,
539 948 747 1018 ubique
796 948 1033 1003 idoneos
1085 954 1335 1004 secutum
1387 955 1682 1019 auctores,
1725 967 2014 1023 numquam

200 1035 470 1103 consilio,
499 1031 797 1088 rarissime
838 1046 1038 1086 errore
1080 1031 1223 1087 falsa
1264 1031 1586 1088 tradidisse.
1671 1034 2015 1104 Frequenter

200 1118 501 1190 scriptores
552 1132 583 1171 a
618 1131 683 1170 se
716 1115 1003 1170 consultos
1034 1114 1349 1170 nominatim
1381 1115 1577 1185 affert,
1617 1115 1761 1172 Acta
1796 1132 2015 1189 quoque

202 1201 387 1273 pepuli
420 1206 477 1254 et
506 1205 772 1266 senatus,
804 1196 959 1268 ipsas
982 1195 1293 1254 'Caesarum
1324 1198 1596 1269 epistolas
1632 1201 2011 1271 autographas

203 1301 253 1354 p.
289 1287 371 1352 76,
399 1289 483 1340 22.
537 1286 653 1344 197,
688 1287 717 1337 1
754 1279 827 1336 ad
864 1296 1001 1350 quas
1046 1279 1157 1351 ipsi
1200 1281 1384 1337 aditus
1430 1282 1690 1352 patebat,
1741 1283 2010 1355 inspexit,

210 1381 277 1420 ne
302 1365 506 1422 libellis
542 1365 763 1436 quidem
807 1363 931 1418 siue
976 1364 1194 1419 nomine
1224 1363 1470 1434 vulgatis
1512 1364 1850 1437 famosisque
1882 1382 2012 1422 vcr-

208 1449 397 1504 siculis
428 1448 728 1520 neg-lectis,
762 1446 865 1502 sed
899 1446 1137 1517 optimos
1168 1463 1423 1519 quosque
1454 1454 1714 1504 auctores
1753 1455 1810 1504 et
1840 1466 2013 1520 quan-

207 1539 309 1587 tum
339 1532 457 1588 fleri
497 1530 685 1605 potuit
726 1530 896 1586 rebus
934 1530 1115 1599 gestis
1160 1532 1426 1601 aequales
1465 1537 1710 1587 secutus.
1799 1530 2013 1598 Quanta

206 1631 328 1671 cura
351 1615 405 1670 in
429 1613 768 1671 diversitate
796 1612 1127 1668 tradentium
1154 1614 1247 1668 vel
1276 1612 1512 1668 minutas
1547 1630 1640 1668 res
1673 1616 2014 1680 tractaverit,

208 1699 450 1771 exemplo
496 1712 636 1753 esse
676 1701 861 1766 potest
914 1712 967 1766 p.
1016 1700 1116 1753 121
1164 1712 1249 1765 sq.
1284 1695 1592 1767 disputatio
1627 1695 1698 1750 de
1746 1697 1876 1752 loco
1919 1697 2017 1753 ubi

207 1781 260 1836 C.
294 1780 546 1852 Caligula
578 1783 741 1834 natus
777 1778 869 1833 sit.
948 1776 1123 1843 Quam
1154 1778 1457 1849 diligenter
1489 1778 1786 1850 primarios
1819 1786 2015 1836 aucto-

207 1881 294 1919 res
321 1865 476 1935 sequi
496 1864 706 1932 soleat,
739 1861 1071 1918 documento
1097 1868 1183 1918 est
1204 1861 1332 1917 Divi
1354 1862 1596 1933 Augusti
1626 1863 1799 1918 iudex
1829 1880 2012 1919 rerum

208 1965 237 2002 a
294 1964 356 2002 se
394 1953 710 2017 gestarum,
770 1959 931 2015 quem
976 1951 1379 2002 monumentum
1418 1945 1774 2015 Ancyrauum
1819 1947 2011 2005 dicere

208 2030 607 2098 consuevimus,
641 2043 751 2086 non
784 2027 949 2084 modo
981 2035 1436 2084 commemoratus
1467 2045 1520 2100 p.
1534 2035 1627 2100 85,
1658 2035 1748 2099 29,
1778 2031 1880 2087 sed
1910 2046 2014 2103 per

209 2118 365 2169 tetam
393 2111 640 2185 Augusti
675 2111 845 2167 vitam
890 2111 1131 2167 collatus
1176 2117 1231 2166 et
1275 2112 1332 2166 in
1375 2127 1532 2167 usum
1573 2127 1916 2182 conversus,
1951 2120 2013 2168 ut

208 2211 306 2251 non
335 2213 459 2254 raro
495 2196 595 2253 vel
631 2195 825 2250 eadem
852 2195 1023 2251 verba
1053 2194 1453 2264 remanseriut,
1485 2202 1542 2251 ut
1573 2212 1626 2267 p.
1661 2201 1764 2266 46,
1794 2202 1884 2256 32.
1919 2201 2010 2265 47,

210 2285 428 2340 13—17.
474 2285 565 2347 57,
600 2282 851 2348 37—58,
879 2283 931 2337 7.
1018 2277 1432 2349 Nonnumquam
1461 2278 1684 2334 nimium
1713 2278 2011 2334 brevitatis

206 2363 429 2420 studium
458 2361 651 2419 fraudi
682 2360 805 2430 ruit,
838 2367 897 2416 ut
928 2377 1069 2432 quae
1100 2361 1347 2418 discerni
1382 2367 1438 2417 ct
1463 2367 1723 2433 poterant
1754 2368 1808 2417 et
1837 2361 2012 2417 debe-

204 2446 325 2501 bant
351 2447 406 2502 in
442 2462 615 2502 unum
644 2444 1027 2515 coniungeret.
1115 2445 1198 2500 De
1226 2444 1299 2500 iis
1329 2445 1640 2514 historicis,
1673 2461 1904 2516 quorum
1939 2444 2013 2499 li-

203 2529 288 2584 bri
317 2536 548 2585 aetatem
578 2528 849 2597 tulerunt,
878 2528 1154 2584 Velleium
1184 2529 1481 2599 losephum
1501 2528 1848 2584 Plutarchum
1880 2544 2012 2584 uus-

205 2629 359 2682 qnam
388 2611 742 2668 consuluisse
773 2611 1015 2680 videtur,
1051 2611 1295 2668 Tacitum
1334 2612 1386 2667 si
1419 2628 1522 2684 per
1551 2617 1786 2668 aetatem
1816 2612 2011 2683 legere

209 2696 377 2768 potuit
419 2703 477 2751 et
520 2694 697 2766 legit,
739 2694 797 2750 id
850 2695 999 2766 quod
1040 2713 1095 2767 p.
1128 2701 1267 2764 186,
1312 2701 1400 2756 26.
1443 2701 1574 2764 196,
1627 2699 1693 2754 37
1737 2694 2012 2751 credibile

208 2773 345 2850 w),
374 2785 531 2837 certe
564 2779 761 2834 ducem
792 2793 974 2849 neque
1006 2778 1063 2834 in
1079 2779 1291 2835 Tiberii
1319 2779 1490 2834 rebus
1522 2777 1830 2845 tradendis,
1865 2777 2015 2846 quod

210 2861 425 2918 Sievers
481 2862 749 2934 putabat,
800 2877 981 2932 neque
1038 2861 1094 2917 in
1138 2859 1452 2917 rebellione
1501 2860 1663 2916 trium
1705 2858 2014 2931 principum

207 2947 504 3002 enarranda
538 2950 770 3001 secutus
802 2950 907 3001 est.

316 3029 376 3084 ln
404 3027 806 3102 componendis
840 3029 1009 3084 rebus
1053 3045 1177 3084 eum
1210 3030 1330 3085 fere
1361 3045 1570 3085 morem
1599 3034 1782 3098 tenet,
1825 3033 1886 3082 ut
1923 3043 2016 3082 re-

210 3112 387 3180 petitis
443 3129 515 3169 ex
580 3111 911 3183 antiquitate
972 3111 1216 3167 familiae
1277 3114 1369 3169 vel
1433 3112 1620 3183 gentis
1679 3109 2016 3180 originibus,

209 3192 372 3263 ipsius
398 3195 780 3268 imperatoris,
814 3195 971 3250 cuius
994 3196 1165 3252 vitam
1194 3195 1411 3266 scribit,
1441 3194 1737 3267 pueritiam
1767 3193 2017 3250 virilem·-

333 3342 386 3402 4)
422 3342 583 3392 Multa
618 3303 798 3410 parurn
836 3343 1025 3394 idonea
1053 3343 1200 3392 affert
1216 3343 1413 3393 Krause
1442 3343 1507 3392 de
1531 3340 1760 3392 Suetonii
1791 3339 2016 3392 fontibus

210 3419 256 3468 p.
292 3408 340 3456 4.
370 3409 419 3461 5.
452 3412 533 3462 70.
580 3412 746 3462 Berol.
789 3410 939 3462 1831.
1013 3411 1143 3462 Male
1180 3420 1229 3460 et
1266 3409 1491 3461 Niebuhr
1517 3412 1569 3460 in
1605 3405 1860 3478 praelectt.
1891 3407 2011 3460 hist.

125 3531 128 3542 Ι
210 3471 345 3527 Rom.
380 3475 411 3528 3
446 3495 497 3544 p.
530 3479 639 3531 204
674 3480 847 3545 (aliter
878 3495 931 3545 p.
974 3480 1065 3544 28)
1115 3487 1165 3530 et
1204 3479 1488 3530 Boetticher
1523 3480 1575 3528 in
1614 3481 1775 3530 lexico
1813 3478 2016 3528 Tacitco

210 3554 257 3602 p·
295 3541 437 3595 XXII
470 3547 699 3598 Tacitum
737 3556 977 3615 putarant
1006 3558 1123 3615 post
1152 3548 1449 3599 Suetonium
1485 3548 1768 3614 scripsisse.
