2700 4234
677 326 830 375 xxu
1359 318 1776 370 PRAEFATIO.

807 481 1183 539 Posteriorum
1218 482 1314 553 qui
1357 483 1503 537 hunc
1536 478 2002 554 pretiosissimum
2047 479 2247 535 librum
2288 485 2493 537 tracta-

682 566 830 624 verit
867 566 1136 622 neminem
1182 565 1332 621 novi.
1421 564 1620 619 Actum
1654 562 1827 633 igitur
1870 562 2061 633 egisse
2092 577 2201 618 non
2230 562 2492 633 videbor,

683 651 832 723 quod
875 664 978 721 per
1023 648 1371 704 caniculares
1411 647 1583 703 ferias
1632 662 1682 703 a.
1728 651 1860 706 1855
1915 645 2161 701 Parisios
2203 646 2492 717 profectus

680 735 826 790 bunc
860 732 1060 788 librum
1091 730 1383 801 diligentia
1421 734 1676 801 quantum
1719 728 1840 784 fleri
1880 729 2061 801 potuit
2094 728 2325 784 maxima
2357 738 2494 785 con-

679 816 800 872 tuli.
891 813 1008 880 Qua
1049 814 1104 869 in
1146 830 1208 869 re
1251 830 1589 885 magnopere
1628 830 1716 868 me
1756 810 1897 867 iuvit
1938 811 2493 869 bibliothecariorum

679 915 745 956 ac
780 897 1085 970 praecipue
1114 897 1407 954 Ernesti
1448 898 1685 953 Renan
1729 896 2073 965 humanitas,
2120 896 2494 952 contuberna-

677 982 750 1038 lis
785 981 892 1036 mei
917 980 1235 1037 amicissimi
1271 980 1577 1036 Eduardi
1604 978 1941 1037 Wolfflin
1980 978 2232 1034 comitas.
2281 978 2495 1045 Quodsi

677 1063 877 1120 iterum
904 1064 1110 1120 collato
1135 1063 1461 1120 Memmiano
1489 1064 1637 1119 libro
1662 1061 1986 1118 Suetoniani
2018 1061 2209 1132 operis
2234 1063 2495 1117 emenda-

679 1147 890 1204 tionem
913 1160 1245 1219 promovere
1267 1146 1402 1203 mibi
1430 1146 1687 1217 contigit,
1717 1145 1803 1201 his
1827 1144 1966 1201 viris
1992 1142 2114 1201 eius
2143 1145 2227 1200 rei
2258 1145 2492 1201 maxima

679 1232 862 1302 gratia
893 1231 1145 1286 habenda
1183 1236 1286 1287 est.

806 1314 878 1370 Ut
899 1314 968 1369 de
1004 1320 1234 1369 externa
1265 1313 1460 1386 specie
1489 1312 1618 1368 libri
1646 1326 1824 1384 pauca
1856 1311 2053 1379 dicam,
2084 1310 2376 1366 distinctus
2408 1317 2497 1366 est

678 1397 849 1453 hodie
881 1412 1110 1452 numero
1139 1402 1275 1457 6115
1308 1403 1367 1452 et
1396 1396 1615 1451 ‘Codex
1645 1393 2023 1450 Memmianus'
2058 1411 2089 1449 a
2119 1394 2492 1450 bibliotheca-

677 1480 780 1536 riis
825 1480 1159 1552 inscriptus‚
1197 1486 1258 1535 nt
1295 1479 1411 1535 illia
1456 1479 1676 1550 quidem
1711 1479 1781 1533 de
1827 1476 1961 1532 libri
2000 1477 2221 1546 origine
2266 1482 2323 1531 et
2359 1492 2495 1549 pro-

676 1570 846 1620 ventu
879 1563 1100 1619 dubium
1133 1564 1306 1619 fuisse
1347 1578 1456 1618 non
1488 1562 1755 1633 potuerit.
1819 1558 2049 1616 Constat
2078 1559 2231 1615 foliis
2269 1566 2494 1631 quater-

677 1647 851 1703 nariis
899 1645 1255 1718 pergamenis
1298 1651 1400 1705 126
1444 1661 1547 1716 per
1580 1643 1975 1715 quaterniones
2016 1642 2396 1716 complicatis,
2438 1648 2497 1697 et

676 1728 754 1785 ita
789 1729 1010 1802 quidem
1040 1736 1100 1783 ut
1125 1729 1439 1801 bibliopegi
1474 1735 1705 1800 stupore
1734 1726 1785 1781 is
1818 1726 2109 1796 quaternio
2140 1726 2233 1797 qui
2264 1726 2321 1780 in
2350 1726 2495 1781 Divo

678 1811 934 1883 Augusto
975 1829 1029 1882 p.
1064 1816 1164 1881 52,
1193 1817 1457 1879 33—69,
1487 1816 1557 1870 36
1586 1810 1758 1865 verba
1790 1808 2041 1864 continet
2070 1812 2232 1863 titulus
2262 1809 2500 1864 restituit

681 1901 737 1950 et
769 1909 911 1964 quae
948 1899 1253 1965 sequuntur
1287 1908 1463 1963 usque
1498 1894 1566 1947 ad
1595 1906 1729 1948 vasa
1762 1890 2043 1947 Corinthia
2077 1898 2209 1962 pest
2237 1893 2376 1948 duos
2408 1891 2482 1947 in·

678 1981 980 2047 sequentes
1031 1974 1425 2046 quaterniones
1480 1975 1789 2031 collocatus
1834 1973 1924 2029 sit.
2016 1974 2197 2030 Titulo
2247 1976 2497 2045 primore

619 2090 628 2099 ·
681 2065 870 2128 caret,
915 2059 1018 2114 sed
1047 2058 1246 2114 falsum
1280 2065 1366 2115 est
1397 2058 1455 2113 id
1484 2058 1633 2129 quod
1662 2058 1896 2113 Thomas
1932 2057 2216 2114 Bentleius
2246 2058 2496 2114 tradide-

680 2148 799 2211 rat,
857 2158 928 2197 ne
987 2141 1288 2197 maiuscula
1344 2140 1563 2213 quidem
1612 2140 1799 2198 littera
1855 2140 2107 2213 incipere
2163 2141 2498 2197 vocabulum

683 2224 920 2281 omnium
960 2224 1192 2297 primum
1222 2226 1371 2298 quod
1412 2230 1500 2280 est
1526 2224 1760 2279 Annum.
1851 2223 2103 2294 Quinque
2146 2224 2289 2279 enim
2318 2224 2495 2280 verba

672 2309 892 2364 Annum
944 2323 1114 2379 ayens
1155 2314 1377 2365 sextum
1409 2309 1674 2363 decimum
1702 2312 1927 2378 patrem
1968 2308 2191 2377 liquore
2236 2308 2406 2363 rubro
2440 2315 2499 2363 et

673 2391 998 2447 maiusculis
1029 2392 1236 2448 litteris
1279 2390 1489 2463 scripta
1520 2396 1647 2447 sunt
1674 2396 1731 2445 et
1761 2390 2017 2462 principe
2047 2390 2267 2460 quidem
2307 2391 2495 2448 littera

673 2474 726 2530 A
769 2473 1109 2546 reliquarum
1156 2475 1502 2531 altitudinem
1551 2473 1885 2544 aliquantum
1924 2480 2251 2546 superante;
2307 2479 2367 2528 ut
2399 2474 2495 2529 vel

673 2559 780 2614 hac
822 2573 886 2612 re
917 2557 1167 2627 eluceat,
1215 2574 1324 2612 non
1358 2558 1417 2612 in
1444 2559 1553 2613 hoc
1583 2557 1709 2628 ipso
1740 2557 1997 2629 exemplo
2034 2556 2302 2613 iacturam
2333 2556 2496 2635 primi

677 2640 1064 2712 quaternionis
1094 2640 1295 2696 factam
1341 2656 1487 2695 esse.
1578 2639 1871 2711 Scriptura
1906 2640 2121 2696 saeculi
2153 2639 2304 2696 vnn
2335 2640 2497 2695 lucu-

677 2722 828 2779 lenta
875 2729 987 2790 est,
1048 2723 1395 2795 compendiis
1443 2723 1731 2779 admodum
1785 2722 1982 2794 paucis
2038 2722 2321 2795 impedita.
2380 2724 2496 2779 Va-

675 2804 792 2863 rias
821 2821 1010 2862 manus
1045 2806 1451 2863 emendatrices
1492 2812 1771 2878 expertus.
1788 2812 1909 2876 est,
1958 2821 2100 2878 quae
2132 2806 2220 2861 vel
2268 2823 2339 2861 ex
2381 2806 2495 2862 alio

678 2890 935 2959 exemplo
977 2890 1069 2944 vel
1112 2890 1480 2959 coniectando
1520 2888 1811 2961 pristinam
1860 2888 2193 2961 scripturam
2242 2889 2496 2945 immuta-

679 2976 820 3027 rent.
876 2970 1127 3027 Scribam
1163 2972 1324 3027 initio
1357 2971 1585 3041 legendi
1612 2972 1749 3027 satis
1781 2971 2092 3043 imperitum
2125 2964 2310 3043 primo
2347 2972 2496 3028 libro

677 3053 920 3128 produnt
951 3055 1221 3113 vocabula
1263 3054 1483 3125 integra
1531 3054 1876 3125 compendiis
1909 3054 2329 3127 superscripta,
2375 3072 2497 3110 cum

677 3144 851 3209 super
883 3137 936 3193 L.
969 3138 1111 3195 lucio
1138 3138 1229 3194 vel
1260 3139 1413 3208 lucii,
1458 3153 1628 3209 super
1673 3138 1741 3193 Μ.
1777 3152 2003 3193 marcus
2042 3138 2135 3193 vel
2183 3141 2364 3193 marci
2404 3139 2497 3194 vel

681 3236 909 3291 marco,
943 3238 1115 3293 super
1161 3222 1217 3275 Ρ.
1256 3222 1315 3280 R.
1357 3222 1552 3292 populi
1580 3223 1823 3290 romani,
1869 3220 2170 3292 aliquando
2215 3236 2385 3294 super
2432 3221 2492 3275 C.

681 3306 896 3359 curtius
938 3304 1180 3361 additum
1219 3304 1308 3360 sit.
1398 3304 1809 3375 Nonnumquam
1855 3303 2271 3374 grammaticum
2326 3322 2497 3376 agere

681 3394 914 3443 conatus
951 3394 1070 3459 est,
1104 3394 1164 3443 ut
1190 3405 1245 3459 p.
1280 3393 1343 3458 4,
1389 3393 1457 3447 32
1490 3387 1588 3443 ubi
1630 3388 1703 3445 ad
1734 3388 2061 3444 vocabulum
2095 3388 2241 3460 quod
2272 3394 2361 3445 est
2390 3404 2495 3443 nu-

681 3471 846 3525 tantis
877 3470 932 3525 in
962 3472 1210 3542 margine
1246 3468 1535 3527 adnotavit
1570 3471 1766 3542 ubique
1802 3473 2083 3527 suetonius
2126 3473 2495 3528 accusativum

682 3550 811 3609 111·
841 3553 1215 3610 declinatzbm‘s
1237 3554 1519 3626 pluralem
1549 3554 1606 3607 in
1636 3556 1684 3609 is
1702 3556 1881 3626 ponit.

2694 390 2700 623 A
