2700 4234
846 332 1264 381 PRAEFATIO.
1737 334 1960 383 LXXIX

115 496 184 553 ab
219 512 268 551 a.
311 497 454 553 1472
499 490 804 563 impressas
852 491 991 548 Hain
1033 497 1320 547 enumerat
1366 508 1453 548 no.
1486 498 1625 561 6382
1654 510 1779 564 sqq.
1874 495 1955 551 De

116 576 472 635 emendanda
506 576 651 631 bene
685 582 1005 631 meruerunt
1032 576 1307 631 Robertus
1325 575 1641 647 Stephanus
1656 572 1729 650 ⁸⁵)
1746 594 1795 633 a.
1820 583 1955 637 1529

116 669 171 717 et
198 659 532 717 Fridericus
563 658 1010 731 Lindeubrogius
1047 676 1096 714 a.
1130 664 1294 727 1602,
1345 665 1581 731 uterque
1626 660 1857 717 Parisiis
1900 666 1957 717 et

115 744 392 802 Parisinis
423 742 697 800 subsidiis
731 758 904 798 usus.·
975 742 1044 797 Et
1071 743 1331 816 plurima,
1368 743 1477 799 nisi
1516 743 1697 799 emnia
1733 744 1955 815 fallunt,

115 828 304 885 codici
342 826 524 897 Regio
555 830 694 886 7920
723 825 880 881 Saec.
909 826 1001 883 Xl.
1034 828 1369 897 debuerunt,
1400 844 1559 898 quem
1590 843 1701 899 ego
1734 844 1953 900 quoque

112 910 523 969 benevolentia
572 910 823 966 lucebi
864 909 1138 966 Hunzik
1162 928 1234 966 er
1282 910 1715 981 diligentissime
1770 913 1917 968 eolla

117 1004 229 1051 tum
265 994 462 1051 habui.
554 992 690 1049 Eius
723 993 852 1049 libri
881 1000 1028 1050 tanta
1063 1001 1152 1049 est
1179 994 1558 1065 praestantia,
1604 1001 1665 1049 ut
1698 996 1790 1051 vel
1821 1001 1952 1067 post

121 1080 468 1151 Stephanum
529 1083 588 1132 et
640 1077 1112 1148 Lindenbrogium
1149 1079 1419 1134 bonarum
1464 1078 1765 1134 lectionum
1817 1077 1951 1133 mihi

122 1178 348 1234 quoque
399 1160 758 1233 spicilegium
782 1161 1048 1228 ,relictum
1093 1161 1264 1216 suerit
1293 1162 1717 1233 haudquaquam
1750 1162 1952 1233 paeni-

122 1248 372 1301 tendum.
435 1243 556 1301 Non
589 1244 726 1299 nulli
757 1244 882 1299 usui
918 1245 1023 1299 fuit
1049 1250 1104 1300 et
1125 1244 1565 1315 Lindenbrogie,
1588 1253 1648 1301 ut
1666 1246 1950 1318 suspicor,

129 1336 186 1385 et
215 1327 356 1383 mihi
387 1328 526 1383 alter
561 1328 743 1384 codex
770 1327 1054 1383 Parisinus
1083 1333 1219 1388 7921
1251 1329 1411 1385 Saec.
1444 1328 1563 1384 XV.
1596 1331 1950 1399 chartaceus,

128 1414 196 1469 ab
235 1412 438 1467 eodem
471 1412 644 1467 amico
669 1408 1044 1476 examinatus;
1075 1412 1177 1467 sed
1206 1412 1256 1467 is
1276 1418 1524 1467 veterum
1558 1406 1949 1486 editionum⁶⁸)

126 1502 235 1552 tam
281 1493 486 1550 similis
527 1500 639 1563 est,
687 1501 747 1549 ut
791 1495 1133 1551 emendantis
1183 1495 1423 1552 studium
1465 1512 1655 1568 parum
1701 1496 1946 1553 adiuvet.

129 1579 488 1649 Eandemque
526 1577 818 1634 Leidensis
861 1577 1076 1634 codicis
1109 1579 1383 1635 rationem
1430 1596 1557 1635 esse
1591 1580 1661 1637 ab
1691 1580 1949 1635 Ritsche-

126 1665 202 1721 lio
236 1662 454 1719 certior
485 1662 668 1718 faetus
704 1678 853 1727 sum3
901 1678 1022 1718 nam
1055 1663 1126 1719 de
1159 1662 1443 1717 Theodori
1474 1662 1946 1731 Boendermakeri

2664 822 2666 837 —
2662 736 2664 753 Δ-
2631 700 2664 725 ‚¹
2626 590 2662 675 ¹5³)-
2644 399 2660 577 ‚*..·—..
2606 0 2656 385 -Λ--Λῌ-ᾸΑ

129 1746 482 1804 Ultraiectini
517 1746 774 1817 exemplo
811 1746 948 1801 nihil
986 1746 1056 1801 ad
1089 1746 1474 1801 Terentianum
1505 1745 1674 1802 vitam
1689 1745 1763 1800 W
1769 1750 1948 1800 ester·
2046 1768 2053 1781 ·

125 1830 324 1887 hovius
363 1829 572 1885 attulit.
663 1827 920 1885 Ceterum
953 1830 1043 1885 hic
1077 1829 1340 1887 brevitati
1378 1845 1447 1885 eo
1500 1829 1679 1901 magis
1720 1829 1949 1885 studere

10 1892 12 1921 ³
125 1916 337 1985 licebit,
373 1913 526 1985 quod
551 1913 701 1968 etde
731 1929 937 1969 summa
972 1930 1035 1969 re
1063 1914 1261 1991 critica
1293 1919 1350 1968 et
1379 1914 1449 1970 de
1473 1913 1712 1983 singulis
1742 1912 1951 1985 pleris-

128 2015 231 2069 que
263 1996 560 2071 copiosius
595 1997 836 2068 exposui
873 1997 928 2052 in
955 1998 1147 2054 Museo
1177 1998 1443 2053 Rhenano
1480 2003 1547 2056 12
1576 2006 1632 2070 ρ’.
1658 2003 1793 2067 174,
1836 2012 1949 2067 quo

129 2083 411 2139 studiosos
449 2081 696 2137 lectores
729 2082 954 2151 delego.
1025 2081 1338 2137 Meminerit
1370 2081 1544 2152 igitur
1581 2080 1675 2152 qui
1704 2083 1813 2138 hoc
1848 2098 1950 2136 ex-

129 2167 358 2237 emplum
391 2180 519 2219 cum
554 2164 839 2235 prioribus
873 2165 1134 2221 conferre
1161 2166 1337 2235 volet,
1368 2182 1631 2235 nusquam
1668 2164 1949 2221 Parisino·

14 2284 16 2301 .
129 2266 241 2305 rum
274 2247 536 2306 codicum
581 2265 646 2304 ac
675 2248 979 2320 praecipue
1013 2248 1340 2305 vetustioris
1384 2248 1770 2305 auctoritatem
1806 2264 1951 2317 ame

17 2339 19 2345 ²
131 2334 402 2388 desertam
435 2346 572 2387 esse
597 2331 705 2387 nisi
737 2333 953 2389 lectore
987 2333 1218 2389 monite.

249 2421 386 2487 292,
421 2422 456 2473 2
487 2417 678 2471 serviit
705 2431 812 2487 ego
847 2432 948 2487 pro
981 2418 1150 2472 servit
1180 2418 1274 2473 vel
1307 2418 1529 2472 servivit
1564 2414 1573 2487 Ι
1611 2421 1644 2477 7
1674 2415 1745 2471 sit
1770 2413 1949 2469 Aldus

133 2514 179 2554 a.
207 2504 338 2560 1517
372 2515 483 2573 pro
510 2504 594 2554 est
629 2492 640 2576 Ι
679 2504 710 2559 7
748 2499 827 2554 ad
854 2500 1126 2555 dominum
1155 2500 1469 2557 Romanum
1498 2501 1596 2556 Iac
1610 2497 1948 2555 Gronovius.

136 2582 336 2639 adduci
375 2582 619 2639 Romam
654 2582 831 2655 ntique
868 2584 1057 2639 venire
1097 2584 1393 2657 Schopen,
1439 2585 1544 2640 cfr.
1596 2601 1651 2655 p.
1687 2588 1822 2653 265,
1862 2587 1948 2639 20.

140 2664 342 2723 Gellius
373 2674 432 2739 5,
466 2669 558 2737 14,
591 2670 661 2727 26
699 2659 710 2743 Ι
747 2673 813 2730 17
843 2682 1026 2723 vocem
1055 2669 1293 2724 divinam
1324 2669 1571 2725 Muretus
1608 2685 1659 2724 a.
1686 2675 1820 2727 1555
1845 2680 1951 2738 pro
2041 2656 2051 2665 ”

136 2763 310 2805 vocem
341 2751 470 2807 dum
510 2755 566 2805 et
593 2750 686 2806 vel
716 2766 846 2807 voce
876 2752 1058 2807 divina
1098 2744 1108 2831 Ι
1148 2759 1216 2812 18
1242 2753 1467 2809 Philum
1496 2767 1605 2822 ego
1637 2768 1743 2823 pro
1779 2751 1949 2820 firum

137 2832 225 2887 vel
251 2830 464 2903 furium
501 2824 516 2913 1
557 2840 623 2895 19
651 2834 722 2888 ab
750 2834 902 2891 hisce
930 2835 1128 2892 Aldus.
1217 2837 1304 2893 Ad
1337 2838 1588 2893 lacunam
1620 2832 1949 2905 explendam

133 2921 360 2986 propter
400 2915 528 2994 (vel
577 2914 673 2992 ob)
718 2935 934 2975 morum
986 2921 1338 2991 eleyontt‘am:
1392 2918 1565 2975 Redis
1619 2915 1949 2984 addiderim,

143 2997 239 3053 cfr.
267 3000 403 3057 Mus.
436 3002 613 3058 Rhcn.
655 3008 722 3060 12
761 3020 815 3075 p.
851 3008 953 3064 187
1005 2997 1016 3081 Ι
1061 3009 1132 3063 23
1158 3003 1439 3060 Mortuus!
1470 2998 1795 3075 Stymphale
1836 3014 1947 3070 ego

276 3177 369 3243 65)
419 3182 552 3233 Nam
606 3184 741 3246 quod
793 3184 846 3233 in
897 3184 1073 3235 Museo
1129 3184 1374 3234 Rhenano
1432 3181 1495 3231 12
1542 3200 1592 3249 p.
1646 3182 1745 3233 174
1796 3182 1947 3231 mode

149 3246 422 3311 suspicatus
460 3264 602 3301 eram
626 3252 790 3302 videri
813 3252 1080 3302 Erasmum
1110 3252 1233 3303 nihil
1267 3253 1367 3302 nisi
1402 3250 1646 3317 Stephani
1678 3250 1950 3301 editionem

145 3314 410 3379 repetisse,
455 3319 511 3368 id
543 3327 721 3385 postea
761 3321 832 3371 ita
863 3336 920 3371 se
947 3320 1134 3372 habere
1171 3322 1403 3388 cognovi.
1481 3318 1768 3386 Stephanus
1814 3318 1946 3368 enim

148 3392 208 3427 ex
255 3386 409 3435 veteri
457 3388 634 3437 codice
673 3388 857 3439 Donati
898 3398 1232 3440 commentum
1282 3389 1455 3439 multis
1496 3388 1619 3439 locis
1661 3388 1947 3453 castigavit,

147 3444 378 3503 Erasmus
408 3456 630 3521 paucula
662 3458 814 3508 modo
847 3466 896 3508 et
933 3475 998 3508 ex
1027 3459 1234 3525 ingenio
1270 3458 1498 3508 mutavit.

277 3518 366 3583 66)
426 3521 620 3582 Quibus
669 3526 722 3576 in
775 3526 1097 3578 conferendis
1151 3542 1234 3577 me
1291 3528 1593 3577 adiuverunt
1644 3524 1948 3575 amicissime

39 3630 41 3639 ,
145 3582 412 3640 Ioannes
439 3591 686 3647 Zfindel
719 3594 910 3646 Bernas
937 3604 986 3646 et
1008 3595 1334 3647 Gustavus
1354 3594 1606 3644 Becker
1622 3594 1945 3644 Lubeeensis.
