2700 4234
537 262 660 327 240
707 275 768 323 c.
796 274 1098 323 smt'rom
1130 274 1388 334 TRANQ.
1416 275 1511 321 nn
1542 274 1715 322 vrrA
1746 274 2114 323 cansarum
2135 275 2275 322 mn.
2302 276 2457 324 v111.

535 448 696 507 nam,
747 430 955 510 partim
993 427 1180 489 subici
1215 446 1286 489 ac
1326 430 1529 487 venire
1558 430 1893 507 imperavit,
1940 430 2147 506 partim
2188 430 2243 487 in
2288 433 2541 508 asperri-

535 532 660 573 mas
692 513 1005 573 insularum
1035 511 1224 572 avehi.
1294 512 1489 591 thue
1518 513 1690 573 etiam
1724 511 1931 571 similia
1974 512 2325 591 quandoque
2375 531 2540 573 ausu-

535 615 637 657 ros
669 607 960 676 perpetuo
997 604 1326 672 coerceret,
1360 596 1541 655 vetuit
1568 598 1719 655 inter
1750 604 1949 655 cetera
1980 594 2053 653 de
2086 596 2290 655 eadem
2322 615 2391 656 re
2416 598 2539 677 plu·

535 680 695 741 ribus
725 680 958 758 legibus
989 681 1118 757 agi,
1154 681 1437 758 quaerive
1468 678 1543 739 de
1576 680 1910 757 cuiusquam
1942 677 2349 740 defunctorum
2391 690 2540 742 statu

537 764 688 825 ultra
721 774 918 825 certos
948 780 1148 825 annos.
2073 798 2085 803 -
2559 789 2583 827 ⁵

477 854 518 911 9
661 848 1061 909 Pontificatum
1091 848 1397 908 maximum
1425 848 1559 907 ideo
1596 866 1661 907 se
1696 847 2003 927 professus
2034 849 2313 925 accipere
2344 857 2403 907 ut
2431 867 2533 927 pu-

534 949 630 992 ras
661 940 928 993 servaret
955 948 1186 1008 manus,
1219 930 1389 990 iidem
1422 933 1741 1009 praestitit,
1772 949 1885 991 nec
1918 939 2123 990 auctor
2161 930 2409 1009 posthac
2440 950 2533 991 cu-

534 1016 798 1095 iusquam
841 1016 1004 1075 necis
1049 1032 1158 1074 nec
1207 1015 1516 1090 conscius,
1575 1016 1837 1093 quamvis
1891 1014 2174 1073 interdum
2217 1015 2538 1075 ulciscendi

537 1116 710 1159 causa
747 1116 862 1159 non
899 1098 1160 1173 deesset,
1209 1096 1314 1156 sed
1333 1098 1685 1175 periturum
1714 1115 1784 1158 sc
1802 1098 2019 1176 potius
2050 1114 2235 1177 quam
2258 1099 2537 1175 perditu-

533 1202 671 1243 rum
693 1182 978 1242 adiurans.
1027 1181 1188 1263 Duos
1214 1182 1443 1259 patricii
1465 1183 1702 1258 generis
1728 1182 2033 1241 convictos
2061 1182 2120 1239 in
2146 1181 2539 1258 adfectatione
2566 1206 2607 1247 ιο

535 1267 793 1345 imperii,
839 1264 976 1324 nihil
1021 1263 1265 1343 amplius
1307 1260 1477 1343 quam
1516 1273 1577 1324 ut
1618 1264 1971 1341 desisterent
2022 1266 2267 1342 monuit,
2316 1264 2541 1325 docens

531 1348 952 1427 principatum
976 1347 1118 1427 fato
1151 1347 1318 1424 dari,
1351 1351 1402 1408 si
1437 1348 1571 1428 quid
1602 1358 1913 1427 praeterea
1946 1348 2371 1426 desiderarent,
2402 1367 2543 1429 pro-

533 1432 764 1492 mittens
811 1451 876 1492 se
924 1435 1292 1502 tributurum;
1337 1442 1399 1492 et
1445 1433 1751 1492 confestim
1784 1432 2017 1511 quidem
2053 1431 2123 1492 ad
2154 1432 2394 1493 alterius
2426 1452 2543 1494 ma-

535 1525 706 1593 trem,
741 1535 889 1595 quae
921 1517 1127 1596 procul
1169 1515 1407 1594 aberat,
1456 1533 1735 1576 cursores
1776 1533 1915 1575 suos
1956 1518 2141 1592 misit,
2188 1518 2284 1593 qui
2334 1519 2546 1577 anxiae

538 1598 758 1659 salvum
785 1600 962 1661 lilium
993 1601 1348 1678 nuntiarent,
1393 1608 1650 1660 ceterum
1677 1602 1842 1678 ipsos
1887 1616 2003 1659 non
2045 1598 2233 1659 solum
2273 1600 2612 1663 familiarius

539 1700 757 1745 caenae
802 1684 1086 1761 adhibuit,
1131 1684 1236 1744 sed
1271 1692 1328 1743 et
1373 1684 1701 1763 insequenti
1750 1683 1843 1743 die
1884 1684 2270 1761 gladiatorum
2310 1694 2543 1763 specta-

537 1766 670 1826 culo
701 1768 858 1829 circa
889 1786 954 1827 se
981 1786 1057 1827 ex
1101 1766 1375 1829 industria
1423 1767 1747 1827 conlocatis
1800 1767 1997 1827 oblata
2037 1767 2146 1827 sibi
2190 1767 2547 1829 ferramenta

534 1853 906 1927 pugnantium
958 1851 1320 1929 inspicienda
1375 1852 1655 1930 porrexit.
1760 1850 1985 1911 Dicitur
2039 1852 2247 1928 etiam,
2304 1854 2546 1929 cognita

533 1933 828 2011 utriusque
849 1934 1137 2010 genitura,
1162 1934 1477 1995 imminere
1501 1933 1803 1995 ambobus
1819 1934 2167 2013 periculum
2181 1935 2544 2014 adfirmasse,

531 2031 743 2075 cerum
772 2016 1145 2097 quandoque
1174 2023 1231 2077 et
1258 2016 1341 2077 ab
1373 2017 1501 2078 alio
1518 2042 1550 2089 ,·
1582 2020 1733 2077 sicut
1766 2020 1979 2078 evenit.
2562 2040 2610 2079 «ιο

660 2098 922 2161 Fratrem
952 2100 1208 2161 insidiari
1245 2101 1355 2161 sibi
1384 2119 1498 2162 uon
1530 2101 1911 2179 desinentem,
1948 2102 2053 2162 sed
2076 2119 2266 2180 paene
2296 2121 2373 2163 ex
2401 2121 2545 2182 pro-

533 2182 694 2244 fesso
725 2185 1130 2245 sollicitantem
1160 2186 1477 2263 exercitus,
1509 2186 1879 2247 meditantem
1924 2187 2152 2263 fugam,
2198 2204 2392 2265 neque
2437 2205 2545 2248 oc-

535 2266 734 2329 cidere
767 2287 961 2348 ueque
992 2286 1287 2348 seponere
1316 2288 1389 2329 ac
1428 2288 1502 2329 ne
1544 2272 1601 2328 in
1640 2272 1865 2329 minore
1904 2270 2134 2348 quidem
2176 2269 2403 2331 honore
2440 2271 2545 2332 ha-

532 2348 676 2410 bere
713 2354 1007 2431 sustinuit,
1042 2353 1177 2430 sed,
1214 2361 1274 2413 ut
1302 2372 1335 2414 a
1370 2355 1556 2433 primo
1585 2354 1812 2431 imperii
1856 2352 1986 2431 die,
2033 2364 2364 2415 consortem
2406 2373 2547 2416 suc·

533 2450 950 2513 cessoremque
981 2438 1182 2497 testari
1214 2441 1635 2516 perseveravit,
1666 2452 2089 2516 nonnumquam
2122 2447 2360 2499 secreto
2399 2458 2515 2518 pre
2560 2464 2607 2503 2⁵

532 2514 694 2575 cibus
741 2526 798 2575 et
839 2518 1093 2579 lacrimis
1131 2536 1336 2597 orans,
1382 2527 1452 2581 ut
1488 2520 1735 2583 tandem
1774 2526 1983 2582 mutuo
2028 2538 2182 2601 crya
2224 2538 2296 2582 sc
2328 2523 2543 2586 animo

447 2609 516 2662 lo
531 2600 716 2660 vellet
743 2618 896 2662 esse.
960 2602 1119 2662 Inter
1154 2602 1302 2663 haec
1333 2614 1521 2665 morte
1551 2615 1903 2685 praeventus
1934 2614 2059 2683 est,
2102 2606 2321 2666 maiore
2355 2606 2571 2683 Ιιοῐιιί-ο

530 2703 658 2744 num
695 2684 900 2745 damno
933 2703 1099 2764 quam
1129 2704 1255 2746 suo.

658 2769 1027 2847 Spectaculis
1058 2769 1358 2849 absolutis,
1393 2774 1451 2830 in
1484 2789 1725 2851 quorum
1758 2773 1869 2833 fine
1894 2772 2116 2851 populo
2144 2790 2343 2834 coram
2364 2775 2541 2835 uber·

529 2855 626 2913 tim
658 2852 922 2931 fleverat,
955 2854 1200 2916 Sabinos
1232 2858 1377 2935 petit
1406 2856 1699 2934 aliquanto
1730 2856 1967 2933 tristior,
2004 2856 2159 2935 quod
2182 2858 2541 2918 sacrificanti
2562 2884 2615 2926 30

480 2986 489 2990 -
529 2937 720 2997 hostia
753 2938 1057 3015 aufugerat
1103 2938 1377 3018 quodque
1418 2948 1765 3018 tempestate
1812 2956 2021 2999 serena
2064 2949 2351 3002 tonuerat.
2392 2942 2538 3025 ‘De-

529 3021 660 3081 inde
695 3020 764 3081 ad
800 3025 1040 3101 primam
1067 3024 1253 3083 statim
1281 3025 1637 3083 mansionem
1670 3024 1879 3084 febrim
1909 3032 2182 3101 nanctus,
2230 3042 2359 3085 cum
2400 3025 2539 3085 inde

529 3104 742 3165 lectica
771 3108 1202 3185 transferretur,
1241 3109 1583 3187 suspexisse
1616 3107 1823 3168 dicitur
1852 3108 2085 3167 dimotis
2128 3108 2362 3187 pallulis
2394 3128 2531 3169 cae-

527 3186 660 3263 lum,
695 3188 1044 3270 multumque
1077 3201 1431 3270 conquestus
1470 3192 1631 3270 eripi
1656 3191 1781 3253 sibi
1808 3191 2001 3253 vitam
2032 3192 2392 3265 inmerenti;
2427 3212 2533 3254 nc-

525 3285 642 3346 quc
671 3271 828 3329 enim
859 3280 1079 3335 extare
1105 3274 1298 3335 ullum
1328 3294 1505 3337 suum
1524 3274 1763 3354 factum
1777 3276 2233 3355 paenitendum,
2270 3284 2531 3356 caecepto
2556 3299 2613 3340 35

527 3352 670 3411 dum
701 3359 887 3415 taxat
911 3374 1054 3417 uno.
1128 3356 1194 3417 Id
1235 3359 1406 3439 quale
1450 3360 1653 3438 fuerit,
1700 3378 1889 3439 neque
1931 3363 2062 3440 ipse
2102 3369 2237 3421 tunc
2278 3361 2533 3442 prodidit

525 3454 716 3515 neque
751 3438 1016 3516 cuiquam
1043 3440 1220 3515 ¹facile
1261 3453 1581 3504 succurrat.
1646 3444 1889 3521 Quidam
1928 3446 2233 3524 opinantur
2282 3463 2528 3506 consue-

523 3518 776 3580 tudinem
806 3522 1206 3603 recordatum,
1245 3543 1413 3603 quam
1454 3546 1582 3587 cum
1617 3529 1813 3589 fratris
1852 3543 2038 3588 uxore
2082 3526 2384 3600 habuerit3
2428 3528 2531 3590 sed
