<?xml version="1.0" encoding="UTF-8"?>
<!DOCTYPE html PUBLIC "-//W3C//DTD XHTML 1.0 Transitional//EN"
    "http://www.w3.org/TR/xhtml1/DTD/xhtml1-transitional.dtd">
<html xmlns="http://www.w3.org/1999/xhtml" xml:lang="en" lang="en">
 <head>
  <title>
</title>
<meta http-equiv="Content-Type" content="text/html;charset=utf-8" />
  <meta name='ocr-system' content='tesseract 3.04.00' />
  <meta name='ocr-capabilities' content='ocr_page ocr_carea ocr_par ocr_line ocrx_word'/>
</head>
<body>
  <div class='ocr_page' id='page_1' title='image "./csuetonitranqui05rothgoog_0349.png"; bbox 0 0 2700 4234; ppageno 0'>
   <div class='ocr_carea' id='block_1_1' title="bbox 946 296 2193 381">
    <p class='ocr_par' dir='ltr' id='par_1_1' title="bbox 946 296 2193 381">
     <span class='ocr_line' id='line_1_1' title="bbox 946 296 2193 381; baseline 0.008 -32"><span class='ocrx_word' id='word_1_1' title='bbox 946 302 1156 353; x_wconf 76' lang='lat' dir='ltr'>mvus</span> <span class='ocrx_word' id='word_1_2' title='bbox 1191 304 1416 353; x_wconf 75' lang='lat' dir='ltr'>rrrus.</span> <span class='ocrx_word' id='word_1_3' title='bbox 2070 296 2193 381; x_wconf 72' lang='lat'>239</span> 
     </span>
    </p>
   </div>
   <div class='ocr_carea' id='block_1_2' title="bbox 48 453 2193 3636">
    <p class='ocr_par' dir='ltr' id='par_1_2' title="bbox 195 453 2193 704">
     <span class='ocr_line' id='line_1_2' title="bbox 197 453 2193 538; baseline 0.004 -23"><span class='ocrx_word' id='word_1_4' title='bbox 197 456 558 537; x_wconf 77' lang='lat' dir='ltr'>principibus</span> <span class='ocrx_word' id='word_1_5' title='bbox 589 456 758 516; x_wconf 90' lang='lat' dir='ltr'>aliter</span> <span class='ocrx_word' id='word_1_6' title='bbox 785 457 824 499; x_wconf 72' lang='lat'>²¹¹</span> <span class='ocrx_word' id='word_1_7' title='bbox 853 473 970 516; x_wconf 89' lang='lat' dir='ltr'>non</span> <span class='ocrx_word' id='word_1_8' title='bbox 999 453 1314 535; x_wconf 87' lang='lat' dir='ltr'>haberent,</span> <span class='ocrx_word' id='word_1_9' title='bbox 1364 477 1533 538; x_wconf 89' lang='lat' dir='ltr'>quam</span> <span class='ocrx_word' id='word_1_10' title='bbox 1573 462 1621 520; x_wconf 90' lang='lat' dir='ltr'>si</span> <span class='ocrx_word' id='word_1_11' title='bbox 1664 461 1865 522; x_wconf 86' lang='lat' dir='ltr'>eadem</span> <span class='ocrx_word' id='word_1_12' title='bbox 1907 462 2089 523; x_wconf 86' lang='lat' dir='ltr'>isdem</span> <span class='ocrx_word' id='word_1_13' title='bbox 2132 474 2193 525; x_wconf 87' lang='lat' dir='ltr'>et</span> 
     </span>
     <span class='ocr_line' id='line_1_3' title="bbox 195 540 2187 621; baseline 0.004 -21"><span class='ocrx_word' id='word_1_14' title='bbox 195 542 310 621; x_wconf 89' lang='lat' dir='ltr'>ipsi</span> <span class='ocrx_word' id='word_1_15' title='bbox 343 540 662 618; x_wconf 80' lang='lat' dir='ltr'><strong>dedissent,</strong></span> <span class='ocrx_word' id='word_1_16' title='bbox 696 542 914 618; x_wconf 86' lang='lat' dir='ltr'>primus</span> <span class='ocrx_word' id='word_1_17' title='bbox 943 542 1256 619; x_wconf 88' lang='lat' dir='ltr'>praeterita</span> <span class='ocrx_word' id='word_1_18' title='bbox 1288 545 1478 603; x_wconf 86' lang='lat' dir='ltr'>omnia</span> <span class='ocrx_word' id='word_1_19' title='bbox 1517 560 1631 605; x_wconf 88' lang='lat' dir='ltr'>uno</span> <span class='ocrx_word' id='word_1_20' title='bbox 1668 547 2025 607; x_wconf 83' lang='lat' dir='ltr'>confirmavit</span> <span class='ocrx_word' id='word_1_21' title='bbox 2072 548 2187 607; x_wconf 86' lang='lat' dir='ltr'>edi-</span> 
     </span>
     <span class='ocr_line' id='line_1_4' title="bbox 199 625 2187 704; baseline 0.004 -19"><span class='ocrx_word' id='word_1_22' title='bbox 199 634 322 701; x_wconf 89' lang='lat' dir='ltr'>cto,</span> <span class='ocrx_word' id='word_1_23' title='bbox 351 642 464 684; x_wconf 89' lang='lat' dir='ltr'>nec</span> <span class='ocrx_word' id='word_1_24' title='bbox 497 642 530 683; x_wconf 90' lang='lat' dir='ltr'>a</span> <span class='ocrx_word' id='word_1_25' title='bbox 563 642 628 684; x_wconf 88' lang='lat' dir='ltr'>se</span> <span class='ocrx_word' id='word_1_26' title='bbox 661 626 784 701; x_wconf 88' lang='lat' dir='ltr'>peti</span> <span class='ocrx_word' id='word_1_27' title='bbox 814 641 1025 703; x_wconf 87' lang='lat' dir='ltr'>passus</span> <span class='ocrx_word' id='word_1_28' title='bbox 1055 633 1164 685; x_wconf 89' lang='lat' dir='ltr'>est.</span> <span class='ocrx_word' id='word_1_29' title='bbox 1237 625 1302 704; x_wconf 79' lang='lat' dir='ltr'>In</span> <span class='ocrx_word' id='word_1_30' title='bbox 1333 629 1549 688; x_wconf 86' lang='lat' dir='ltr'>ceteris</span> <span class='ocrx_word' id='word_1_31' title='bbox 1576 646 1721 689; x_wconf 83' lang='lat' dir='ltr'>vero</span> <span class='ocrx_word' id='word_1_32' title='bbox 1751 629 2055 689; x_wconf 81' lang='lat' dir='ltr'>desideriis</span> <span class='ocrx_word' id='word_1_33' title='bbox 2084 631 2187 692; x_wconf 93' lang='lat' dir='ltr'>ho·</span> 
     </span>
    </p>

    <p class='ocr_par' dir='ltr' id='par_1_3' title="bbox 48 708 2190 1207">
     <span class='ocr_line' id='line_1_5' title="bbox 48 708 2187 820; baseline 0.003 -52"><span class='ocrx_word' id='word_1_34' title='bbox 48 714 59 820; x_wconf 50' lang='grc' dir='ltr'>ἰ</span> <span class='ocrx_word' id='word_1_35' title='bbox 189 711 404 769; x_wconf 89' lang='lat' dir='ltr'>minum</span> <span class='ocrx_word' id='word_1_36' title='bbox 443 708 891 769; x_wconf 77' lang='lat' dir='ltr'>obstinatissime</span> <span class='ocrx_word' id='word_1_37' title='bbox 933 709 1144 786; x_wconf 88' lang='lat' dir='ltr'>tenuit,</span> <span class='ocrx_word' id='word_1_38' title='bbox 1201 726 1276 771; x_wconf 85' lang='lat' dir='ltr'>ne</span> <span class='ocrx_word' id='word_1_39' title='bbox 1323 728 1495 789; x_wconf 90' lang='lat' dir='ltr'>quem</span> <span class='ocrx_word' id='word_1_40' title='bbox 1532 712 1658 772; x_wconf 87' lang='lat' dir='ltr'>sine</span> <span class='ocrx_word' id='word_1_41' title='bbox 1701 731 1809 792; x_wconf 91' lang='lat' dir='ltr'>spe</span> <span class='ocrx_word' id='word_1_42' title='bbox 1849 712 2187 784; x_wconf 86' lang='lat' dir='ltr'>dimitteret;</span> 
     </span>
     <span class='ocr_line' id='line_1_6' title="bbox 151 790 2190 877; baseline 0.004 -28"><span class='ocrx_word' id='word_1_43' title='bbox 151 794 333 872; x_wconf 73' lang='lat' dir='ltr'>squin</span> <span class='ocrx_word' id='word_1_44' title='bbox 375 801 434 851; x_wconf 90' lang='lat' dir='ltr'>et</span> <span class='ocrx_word' id='word_1_45' title='bbox 477 790 914 851; x_wconf 86' lang='lat' dir='ltr'>admonentibus</span> <span class='ocrx_word' id='word_1_46' title='bbox 961 790 1328 870; x_wconf 75' lang='lat' dir='ltr'>domesticiS,</span> <span class='ocrx_word' id='word_1_47' title='bbox 1387 798 1550 874; x_wconf 70' lang='lat' dir='ltr'>quasi</span> <span class='ocrx_word' id='word_1_48' title='bbox 1589 794 1753 874; x_wconf 86' lang='lat' dir='ltr'>plura</span> <span class='ocrx_word' id='word_1_49' title='bbox 1810 796 2190 877; x_wconf 79' lang='lat' dir='ltr'>polliceretur</span> 
     </span>
     <span class='ocr_line' id='line_1_7' title="bbox 190 881 2186 961; baseline 0.003 -24"><span class='ocrx_word' id='word_1_50' title='bbox 190 895 364 956; x_wconf 85' lang='lat' dir='ltr'>quam</span> <span class='ocrx_word' id='word_1_51' title='bbox 398 884 708 955; x_wconf 48' lang='lat' dir='ltr'>praestare,</span> <span class='ocrx_word' id='word_1_52' title='bbox 731 884 965 953; x_wconf 89' lang='lat' dir='ltr'>posset,</span> <span class='ocrx_word' id='word_1_53' title='bbox 1006 889 1134 937; x_wconf 80' lang='lat' dir='ltr'>mm</span> <span class='ocrx_word' id='word_1_54' title='bbox 1162 884 1453 954; x_wconf 79' lang='lat' dir='ltr'>oportere</span> <span class='ocrx_word' id='word_1_55' title='bbox 1478 881 1557 939; x_wconf 88' lang='lat' dir='ltr'>ait</span> <span class='ocrx_word' id='word_1_56' title='bbox 1585 897 1947 961; x_wconf 82' lang='lat' dir='ltr'>quemquam</span> <span class='ocrx_word' id='word_1_57' title='bbox 1980 898 2023 941; x_wconf 84' lang='grc' dir='ltr'><em>α</em></span> <span class='ocrx_word' id='word_1_58' title='bbox 2052 898 2186 941; x_wconf 76' lang='lat' dir='ltr'>ser-</span> 
     </span>
     <span class='ocr_line' id='line_1_8' title="bbox 186 958 2187 1042; baseline 0.003 -22"><span class='ocrx_word' id='word_1_59' title='bbox 186 978 374 1021; x_wconf 79' lang='lat' dir='ltr'>mone</span> <span class='ocrx_word' id='word_1_60' title='bbox 394 958 705 1037; x_wconf 53' lang='lat' dir='ltr'>praecipis</span> <span class='ocrx_word' id='word_1_61' title='bbox 736 959 974 1021; x_wconf 74' lang='lat' dir='ltr'>tristem</span> <span class='ocrx_word' id='word_1_62' title='bbox 1014 959 1333 1021; x_wconf 74' lang='lat' dir='ltr'>discedere</span> <span class='ocrx_word' id='word_1_63' title='bbox 1343 986 1375 1032; x_wconf 92' lang='lat'>,·</span> <span class='ocrx_word' id='word_1_64' title='bbox 1406 972 1581 1042; x_wconf 83' lang='lat' dir='ltr'>atque</span> <span class='ocrx_word' id='word_1_65' title='bbox 1626 966 1797 1025; x_wconf 89' lang='lat' dir='ltr'>etiam</span> <span class='ocrx_word' id='word_1_66' title='bbox 1842 965 2187 1026; x_wconf 87' lang='lat' dir='ltr'>recordatus</span> 
     </span>
     <span class='ocr_line' id='line_1_9' title="bbox 188 1043 2185 1127; baseline 0.003 -24"><span class='ocrx_word' id='word_1_67' title='bbox 188 1043 477 1125; x_wconf 88' lang='lat' dir='ltr'>quondam</span> <span class='ocrx_word' id='word_1_68' title='bbox 509 1061 687 1121; x_wconf 88' lang='lat' dir='ltr'>super</span> <span class='ocrx_word' id='word_1_69' title='bbox 723 1061 982 1120; x_wconf 85' lang='lat' dir='ltr'>caenam,</span> <span class='ocrx_word' id='word_1_70' title='bbox 1017 1044 1174 1123; x_wconf 90' lang='lat' dir='ltr'>quod</span> <span class='ocrx_word' id='word_1_71' title='bbox 1205 1044 1344 1105; x_wconf 86' lang='lat' dir='ltr'>nihil</span> <span class='ocrx_word' id='word_1_72' title='bbox 1378 1048 1643 1125; x_wconf 82' lang='lat' dir='ltr'>cuiquam</span> <span class='ocrx_word' id='word_1_73' title='bbox 1671 1056 1798 1109; x_wconf 88' lang='lat' dir='ltr'>toto</span> <span class='ocrx_word' id='word_1_74' title='bbox 1824 1048 1917 1109; x_wconf 91' lang='lat' dir='ltr'>die</span> <span class='ocrx_word' id='word_1_75' title='bbox 1942 1052 2185 1127; x_wconf 87' lang='lat' dir='ltr'>praesti-</span> 
     </span>
     <span class='ocr_line' id='line_1_10' title="bbox 185 1126 2185 1207; baseline 0.004 -20"><span class='ocrx_word' id='word_1_76' title='bbox 185 1131 388 1205; x_wconf 86' lang='lat' dir='ltr'>tisset,</span> <span class='ocrx_word' id='word_1_77' title='bbox 416 1126 850 1187; x_wconf 81' lang='lat' dir='ltr'>memorabilem</span> <span class='ocrx_word' id='word_1_78' title='bbox 877 1126 1032 1189; x_wconf 89' lang='lat' dir='ltr'>illam</span> <span class='ocrx_word' id='word_1_79' title='bbox 1059 1130 1383 1207; x_wconf 89' lang='lat' dir='ltr'>meritoque</span> <span class='ocrx_word' id='word_1_80' title='bbox 1412 1130 1697 1191; x_wconf 87' lang='lat' dir='ltr'>laudatam</span> <span class='ocrx_word' id='word_1_81' title='bbox 1727 1149 1937 1193; x_wconf 85' lang='lat' dir='ltr'>vocem</span> <span class='ocrx_word' id='word_1_82' title='bbox 1977 1132 2185 1195; x_wconf 82' lang='lat' dir='ltr'>edidit:</span> 
     </span>
    </p>

    <p class='ocr_par' dir='ltr' id='par_1_4' title="bbox 113 1209 905 1288">
     <span class='ocr_line' id='line_1_11' title="bbox 113 1209 905 1288; baseline 0.005 -21"><span class='ocrx_word' id='word_1_83' title='bbox 113 1226 167 1268; x_wconf 73' lang='grc' dir='ltr'>ιο</span> <span class='ocrx_word' id='word_1_84' title='bbox 187 1210 417 1286; x_wconf 67' lang='lat' dir='ltr'>Amaci,</span> <span class='ocrx_word' id='word_1_85' title='bbox 452 1209 609 1269; x_wconf 80' lang='lat' dir='ltr'>diem</span> <span class='ocrx_word' id='word_1_86' title='bbox 631 1210 905 1288; x_wconf 76' lang='lat' dir='ltr'>perdidi.</span> 
     </span>
    </p>

    <p class='ocr_par' dir='ltr' id='par_1_5' title="bbox 183 1293 2185 1631">
     <span class='ocr_line' id='line_1_12' title="bbox 319 1293 2185 1378; baseline 0.002 -22"><span class='ocrx_word' id='word_1_87' title='bbox 319 1293 602 1373; x_wconf 85' lang='lat' dir='ltr'>Populum</span> <span class='ocrx_word' id='word_1_88' title='bbox 631 1296 688 1353; x_wconf 89' lang='lat' dir='ltr'>in</span> <span class='ocrx_word' id='word_1_89' title='bbox 721 1296 921 1373; x_wconf 88' lang='lat' dir='ltr'>primis</span> <span class='ocrx_word' id='word_1_90' title='bbox 964 1298 1292 1355; x_wconf 86' lang='lat' dir='ltr'>universum</span> <span class='ocrx_word' id='word_1_91' title='bbox 1335 1304 1491 1357; x_wconf 86' lang='lat' dir='ltr'>tanta</span> <span class='ocrx_word' id='word_1_92' title='bbox 1535 1316 1639 1378; x_wconf 90' lang='lat' dir='ltr'>per</span> <span class='ocrx_word' id='word_1_93' title='bbox 1682 1300 1868 1359; x_wconf 88' lang='lat' dir='ltr'>omnis</span> <span class='ocrx_word' id='word_1_94' title='bbox 1920 1303 2185 1361; x_wconf 86' lang='lat' dir='ltr'>occasio-</span> 
     </span>
     <span class='ocr_line' id='line_1_13' title="bbox 183 1378 2184 1461; baseline 0.003 -22"><span class='ocrx_word' id='word_1_95' title='bbox 183 1398 298 1440; x_wconf 87' lang='lat' dir='ltr'>nes</span> <span class='ocrx_word' id='word_1_96' title='bbox 333 1378 603 1438; x_wconf 85' lang='lat' dir='ltr'>comitate</span> <span class='ocrx_word' id='word_1_97' title='bbox 633 1381 928 1456; x_wconf 82' lang='lat' dir='ltr'>tractavit,</span> <span class='ocrx_word' id='word_1_98' title='bbox 953 1388 1014 1437; x_wconf 88' lang='lat' dir='ltr'>ut</span> <span class='ocrx_word' id='word_1_99' title='bbox 1045 1381 1355 1459; x_wconf 87' lang='lat' dir='ltr'>proposito</span> <span class='ocrx_word' id='word_1_100' title='bbox 1387 1380 1733 1457; x_wconf 79' lang='lat' dir='ltr'>gladiatorio</span> <span class='ocrx_word' id='word_1_101' title='bbox 1763 1401 2035 1461; x_wconf 81' lang='lat' dir='ltr'>munere,</span> <span class='ocrx_word' id='word_1_102' title='bbox 2062 1402 2184 1445; x_wconf 79' lang='lat' dir='ltr'>non</span> 
     </span>
     <span class='ocr_line' id='line_1_14' title="bbox 187 1461 2183 1547; baseline 0.002 -22"><span class='ocrx_word' id='word_1_103' title='bbox 187 1462 281 1525; x_wconf 81' lang='lat' dir='ltr'>ad</span> <span class='ocrx_word' id='word_1_104' title='bbox 310 1480 508 1539; x_wconf 76' lang='lat' dir='ltr'>suum,</span> <span class='ocrx_word' id='word_1_105' title='bbox 537 1462 650 1523; x_wconf 77' lang='lat' dir='ltr'>sed</span> <span class='ocrx_word' id='word_1_106' title='bbox 680 1462 770 1523; x_wconf 78' lang='lat' dir='ltr'>ad</span> <span class='ocrx_word' id='word_1_107' title='bbox 792 1462 1202 1541; x_wconf 74' lang='lat' dir='ltr'>spectantium</span> <span class='ocrx_word' id='word_1_108' title='bbox 1237 1461 1567 1526; x_wconf 73' lang='lat' dir='ltr'>arbitrium</span> <span class='ocrx_word' id='word_1_109' title='bbox 1615 1466 1893 1527; x_wconf 88' lang='lat' dir='ltr'>editurum</span> <span class='ocrx_word' id='word_1_110' title='bbox 1936 1486 2001 1527; x_wconf 91' lang='lat' dir='ltr'>se</span> <span class='ocrx_word' id='word_1_111' title='bbox 2050 1485 2183 1547; x_wconf 89' lang='lat' dir='ltr'>pro·</span> 
     </span>
     <span class='ocr_line' id='line_1_15' title="bbox 184 1546 2185 1631; baseline 0.001 -22"><span class='ocrx_word' id='word_1_112' title='bbox 184 1550 385 1609; x_wconf 88' lang='lat' dir='ltr'>fessus</span> <span class='ocrx_word' id='word_1_113' title='bbox 421 1548 522 1615; x_wconf 87' lang='lat' dir='ltr'>sit;</span> <span class='ocrx_word' id='word_1_114' title='bbox 555 1555 614 1605; x_wconf 91' lang='lat' dir='ltr'>et</span> <span class='ocrx_word' id='word_1_115' title='bbox 645 1546 817 1625; x_wconf 88' lang='lat' dir='ltr'>plane</span> <span class='ocrx_word' id='word_1_116' title='bbox 850 1548 926 1607; x_wconf 89' lang='lat' dir='ltr'>ita</span> <span class='ocrx_word' id='word_1_117' title='bbox 957 1546 1120 1607; x_wconf 81' lang='lat' dir='ltr'>fecit.</span> <span class='ocrx_word' id='word_1_118' title='bbox 1177 1546 1324 1607; x_wconf 90' lang='lat' dir='ltr'>Nam</span> <span class='ocrx_word' id='word_1_119' title='bbox 1366 1565 1556 1627; x_wconf 88' lang='lat' dir='ltr'>neque</span> <span class='ocrx_word' id='word_1_120' title='bbox 1600 1552 1837 1627; x_wconf 80' lang='lat' dir='ltr'>negavit</span> <span class='ocrx_word' id='word_1_121' title='bbox 1880 1552 2185 1631; x_wconf 89' lang='lat' dir='ltr'>quicquam</span> 
     </span>
    </p>

    <p class='ocr_par' dir='ltr' id='par_1_6' title="bbox 113 1627 2185 2049">
     <span class='ocr_line' id='line_1_16' title="bbox 113 1627 2181 1711; baseline 0 -20"><span class='ocrx_word' id='word_1_122' title='bbox 113 1650 166 1691; x_wconf 81' lang='lat'>15</span> <span class='ocrx_word' id='word_1_123' title='bbox 192 1631 524 1711; x_wconf 86' lang='lat' dir='ltr'>petentibus</span> <span class='ocrx_word' id='word_1_124' title='bbox 555 1638 614 1690; x_wconf 89' lang='lat' dir='ltr'>et</span> <span class='ocrx_word' id='word_1_125' title='bbox 641 1639 701 1691; x_wconf 89' lang='lat' dir='ltr'>ut</span> <span class='ocrx_word' id='word_1_126' title='bbox 735 1649 881 1709; x_wconf 89' lang='lat' dir='ltr'>quae</span> <span class='ocrx_word' id='word_1_127' title='bbox 930 1627 1154 1690; x_wconf 87' lang='lat' dir='ltr'>vellent</span> <span class='ocrx_word' id='word_1_128' title='bbox 1196 1639 1465 1711; x_wconf 88' lang='lat' dir='ltr'>peterent</span> <span class='ocrx_word' id='word_1_129' title='bbox 1500 1631 1653 1692; x_wconf 86' lang='lat' dir='ltr'>ultro</span> <span class='ocrx_word' id='word_1_130' title='bbox 1696 1632 2031 1693; x_wconf 83' lang='lat' dir='ltr'>adhortatus</span> <span class='ocrx_word' id='word_1_131' title='bbox 2072 1644 2181 1693; x_wconf 89' lang='lat' dir='ltr'>est.</span> 
     </span>
     <span class='ocr_line' id='line_1_17' title="bbox 189 1713 2183 1796; baseline 0.002 -21"><span class='ocrx_word' id='word_1_132' title='bbox 189 1718 346 1791; x_wconf 82' lang='lat' dir='ltr'>Quin</span> <span class='ocrx_word' id='word_1_133' title='bbox 384 1723 442 1774; x_wconf 88' lang='lat' dir='ltr'>et</span> <span class='ocrx_word' id='word_1_134' title='bbox 469 1714 714 1774; x_wconf 84' lang='lat' dir='ltr'>studium</span> <span class='ocrx_word' id='word_1_135' title='bbox 745 1723 1065 1775; x_wconf 87' lang='lat' dir='ltr'>armaturae</span> <span class='ocrx_word' id='word_1_136' title='bbox 1097 1713 1385 1775; x_wconf 84' lang='lat' dir='ltr'>Threcum</span> <span class='ocrx_word' id='word_1_137' title='bbox 1427 1732 1573 1794; x_wconf 88' lang='lat' dir='ltr'>prae</span> <span class='ocrx_word' id='word_1_138' title='bbox 1614 1734 1681 1776; x_wconf 87' lang='lat' dir='ltr'>se</span> <span class='ocrx_word' id='word_1_139' title='bbox 1722 1717 1956 1793; x_wconf 88' lang='lat' dir='ltr'>ferens,</span> <span class='ocrx_word' id='word_1_140' title='bbox 2002 1734 2183 1796; x_wconf 88' lang='lat' dir='ltr'>saepe</span> 
     </span>
     <span class='ocr_line' id='line_1_18' title="bbox 191 1798 2185 1879; baseline 0.001 -20"><span class='ocrx_word' id='word_1_141' title='bbox 191 1819 323 1859; x_wconf 89' lang='lat' dir='ltr'>cum</span> <span class='ocrx_word' id='word_1_142' title='bbox 356 1798 576 1879; x_wconf 89' lang='lat' dir='ltr'>populo</span> <span class='ocrx_word' id='word_1_143' title='bbox 606 1807 664 1858; x_wconf 91' lang='lat' dir='ltr'>et</span> <span class='ocrx_word' id='word_1_144' title='bbox 688 1816 840 1859; x_wconf 84' lang='lat' dir='ltr'>voce</span> <span class='ocrx_word' id='word_1_145' title='bbox 876 1807 938 1857; x_wconf 89' lang='lat' dir='ltr'>et</span> <span class='ocrx_word' id='word_1_146' title='bbox 963 1806 1136 1875; x_wconf 83' lang='lat' dir='ltr'>gestu</span> <span class='ocrx_word' id='word_1_147' title='bbox 1165 1808 1225 1858; x_wconf 90' lang='lat' dir='ltr'>ut</span> <span class='ocrx_word' id='word_1_148' title='bbox 1253 1799 1443 1860; x_wconf 81' lang='lat' dir='ltr'>fautor</span> <span class='ocrx_word' id='word_1_149' title='bbox 1474 1800 1777 1861; x_wconf 83' lang='lat' dir='ltr'>cavillatus</span> <span class='ocrx_word' id='word_1_150' title='bbox 1808 1809 1931 1877; x_wconf 85' lang='lat' dir='ltr'>est,</span> <span class='ocrx_word' id='word_1_151' title='bbox 1984 1819 2185 1861; x_wconf 86' lang='lat' dir='ltr'>verum</span> 
     </span>
     <span class='ocr_line' id='line_1_19' title="bbox 187 1881 2183 1964; baseline 0.001 -20"><span class='ocrx_word' id='word_1_152' title='bbox 187 1885 489 1945; x_wconf 88' lang='lat' dir='ltr'>maiestate</span> <span class='ocrx_word' id='word_1_153' title='bbox 525 1883 687 1943; x_wconf 85' lang='lat' dir='ltr'>salva</span> <span class='ocrx_word' id='word_1_154' title='bbox 718 1901 830 1942; x_wconf 88' lang='lat' dir='ltr'>nec</span> <span class='ocrx_word' id='word_1_155' title='bbox 857 1884 1042 1942; x_wconf 90' lang='lat' dir='ltr'>minus</span> <span class='ocrx_word' id='word_1_156' title='bbox 1075 1884 1387 1961; x_wconf 87' lang='lat' dir='ltr'>aequitate.</span> <span class='ocrx_word' id='word_1_157' title='bbox 1468 1881 1559 1943; x_wconf 89' lang='lat' dir='ltr'>Ne</span> <span class='ocrx_word' id='word_1_158' title='bbox 1602 1884 1740 1963; x_wconf 88' lang='lat' dir='ltr'>quid</span> <span class='ocrx_word' id='word_1_159' title='bbox 1783 1884 2183 1964; x_wconf 84' lang='lat' dir='ltr'>popularitatis</span> 
     </span>
     <span class='ocr_line' id='line_1_20' title="bbox 188 1965 2183 2049; baseline 0.001 -22"><span class='ocrx_word' id='word_1_160' title='bbox 188 1966 696 2047; x_wconf 76' lang='lat' dir='ltr'>praetermitteret,</span> <span class='ocrx_word' id='word_1_161' title='bbox 727 1984 1150 2045; x_wconf 79' lang='lat' dir='ltr'>nonnumquam</span> <span class='ocrx_word' id='word_1_162' title='bbox 1181 1968 1237 2027; x_wconf 88' lang='lat' dir='ltr'>in</span> <span class='ocrx_word' id='word_1_163' title='bbox 1267 1965 1509 2027; x_wconf 84' lang='lat' dir='ltr'>thermis</span> <span class='ocrx_word' id='word_1_164' title='bbox 1554 1968 1673 2027; x_wconf 89' lang='lat' dir='ltr'>suis</span> <span class='ocrx_word' id='word_1_165' title='bbox 1716 1967 1965 2029; x_wconf 85' lang='lat' dir='ltr'>admissa</span> <span class='ocrx_word' id='word_1_166' title='bbox 2006 1968 2183 2049; x_wconf 88' lang='lat' dir='ltr'>plebe</span> 
     </span>
    </p>

    <p class='ocr_par' dir='ltr' id='par_1_7' title="bbox 110 2052 350 2113">
     <span class='ocr_line' id='line_1_21' title="bbox 110 2052 350 2113; baseline 0.013 -7"><span class='ocrx_word' id='word_1_167' title='bbox 110 2052 350 2113; x_wconf 73' lang='lat' dir='ltr'>zelavit.</span> 
     </span>
    </p>

    <p class='ocr_par' dir='ltr' id='par_1_8' title="bbox 183 2126 2183 2465">
     <span class='ocr_line' id='line_1_22' title="bbox 317 2126 2181 2210; baseline 0.002 -17"><span class='ocrx_word' id='word_1_168' title='bbox 317 2134 612 2209; x_wconf 84' lang='lat' dir='ltr'>Quaedam</span> <span class='ocrx_word' id='word_1_169' title='bbox 641 2132 746 2195; x_wconf 89' lang='lat' dir='ltr'>sub</span> <span class='ocrx_word' id='word_1_170' title='bbox 777 2152 852 2194; x_wconf 89' lang='lat' dir='ltr'>eo</span> <span class='ocrx_word' id='word_1_171' title='bbox 887 2135 1124 2194; x_wconf 83' lang='lat' dir='ltr'>fortuita</span> <span class='ocrx_word' id='word_1_172' title='bbox 1151 2151 1224 2194; x_wconf 90' lang='lat' dir='ltr'>ac</span> <span class='ocrx_word' id='word_1_173' title='bbox 1254 2135 1439 2195; x_wconf 87' lang='lat' dir='ltr'>tristia</span> <span class='ocrx_word' id='word_1_174' title='bbox 1468 2126 1840 2210; x_wconf 84' lang='lat' dir='ltr'>acciderunt,</span> <span class='ocrx_word' id='word_1_175' title='bbox 1875 2144 1935 2194; x_wconf 88' lang='lat' dir='ltr'>ut</span> <span class='ocrx_word' id='word_1_176' title='bbox 1968 2136 2181 2197; x_wconf 85' lang='lat' dir='ltr'>confla—</span> 
     </span>
     <span class='ocr_line' id='line_1_23' title="bbox 185 2216 2183 2298; baseline 0 -19"><span class='ocrx_word' id='word_1_177' title='bbox 185 2220 378 2297; x_wconf 79' lang='lat' dir='ltr'>gratio</span> <span class='ocrx_word' id='word_1_178' title='bbox 411 2219 616 2279; x_wconf 84' lang='lat' dir='ltr'>Vesvii</span> <span class='ocrx_word' id='word_1_179' title='bbox 657 2220 866 2279; x_wconf 88' lang='lat' dir='ltr'>montis</span> <span class='ocrx_word' id='word_1_180' title='bbox 896 2219 955 2277; x_wconf 89' lang='lat' dir='ltr'>in</span> <span class='ocrx_word' id='word_1_181' title='bbox 987 2216 1335 2297; x_wconf 83' lang='lat' dir='ltr'>Campania,</span> <span class='ocrx_word' id='word_1_182' title='bbox 1372 2226 1430 2277; x_wconf 89' lang='lat' dir='ltr'>et</span> <span class='ocrx_word' id='word_1_183' title='bbox 1459 2217 1785 2278; x_wconf 85' lang='lat' dir='ltr'>incendium</span> <span class='ocrx_word' id='word_1_184' title='bbox 1812 2218 2035 2279; x_wconf 86' lang='lat' dir='ltr'>Romae</span> <span class='ocrx_word' id='word_1_185' title='bbox 2076 2238 2183 2298; x_wconf 90' lang='lat' dir='ltr'>per</span> 
     </span>
     <span class='ocr_line' id='line_1_24' title="bbox 183 2299 2183 2381; baseline -0.001 -18"><span class='ocrx_word' id='word_1_186' title='bbox 183 2301 432 2363; x_wconf 89' lang='lat' dir='ltr'>triduum</span> <span class='ocrx_word' id='word_1_187' title='bbox 457 2301 813 2381; x_wconf 86' lang='lat' dir='ltr'>totidemque</span> <span class='ocrx_word' id='word_1_188' title='bbox 840 2311 1065 2378; x_wconf 85' lang='lat' dir='ltr'>noctes,</span> <span class='ocrx_word' id='word_1_189' title='bbox 1093 2302 1228 2362; x_wconf 90' lang='lat' dir='ltr'>item</span> <span class='ocrx_word' id='word_1_190' title='bbox 1255 2299 1587 2380; x_wconf 84' lang='lat' dir='ltr'>pestilentia</span> <span class='ocrx_word' id='word_1_191' title='bbox 1612 2310 1819 2379; x_wconf 86' lang='lat' dir='ltr'>quanta</span> <span class='ocrx_word' id='word_1_192' title='bbox 1836 2310 2183 2362; x_wconf 87' lang='lat' dir='ltr'>nontemere</span> 
     </span>
     <span class='ocr_line' id='line_1_25' title="bbox 186 2384 2181 2465; baseline -0.001 -19"><span class='ocrx_word' id='word_1_193' title='bbox 186 2386 357 2447; x_wconf 87' lang='lat' dir='ltr'>alias.</span> <span class='ocrx_word' id='word_1_194' title='bbox 436 2386 501 2445; x_wconf 91' lang='lat' dir='ltr'>In</span> <span class='ocrx_word' id='word_1_195' title='bbox 529 2386 600 2445; x_wconf 91' lang='lat' dir='ltr'>iis</span> <span class='ocrx_word' id='word_1_196' title='bbox 637 2395 722 2445; x_wconf 88' lang='lat' dir='ltr'>tot</span> <span class='ocrx_word' id='word_1_197' title='bbox 751 2386 1014 2463; x_wconf 76' lang='lat' dir='ltr'>adversis</span> <span class='ocrx_word' id='word_1_198' title='bbox 1047 2403 1114 2445; x_wconf 91' lang='lat' dir='ltr'>ac</span> <span class='ocrx_word' id='word_1_199' title='bbox 1144 2384 1357 2445; x_wconf 86' lang='lat' dir='ltr'>talibus</span> <span class='ocrx_word' id='word_1_200' title='bbox 1390 2401 1507 2443; x_wconf 89' lang='lat' dir='ltr'>non</span> <span class='ocrx_word' id='word_1_201' title='bbox 1533 2385 1705 2445; x_wconf 91' lang='lat' dir='ltr'>modo</span> <span class='ocrx_word' id='word_1_202' title='bbox 1742 2386 2023 2465; x_wconf 88' lang='lat' dir='ltr'>principis</span> <span class='ocrx_word' id='word_1_203' title='bbox 2062 2385 2181 2445; x_wconf 89' lang='lat' dir='ltr'>sol·</span> 
     </span>
    </p>

    <p class='ocr_par' dir='ltr' id='par_1_9' title="bbox 105 2468 2185 2883">
     <span class='ocr_line' id='line_1_26' title="bbox 105 2468 2183 2549; baseline -0.001 -17"><span class='ocrx_word' id='word_1_204' title='bbox 105 2482 162 2523; x_wconf 81' lang='lat'>2⁵</span> <span class='ocrx_word' id='word_1_205' title='bbox 185 2470 542 2532; x_wconf 87' lang='lat' dir='ltr'>licitudinem</span> <span class='ocrx_word' id='word_1_206' title='bbox 578 2470 684 2531; x_wconf 90' lang='lat' dir='ltr'>sed</span> <span class='ocrx_word' id='word_1_207' title='bbox 709 2478 767 2529; x_wconf 89' lang='lat' dir='ltr'>et</span> <span class='ocrx_word' id='word_1_208' title='bbox 797 2471 1054 2549; x_wconf 89' lang='lat' dir='ltr'>parentis</span> <span class='ocrx_word' id='word_1_209' title='bbox 1087 2469 1353 2529; x_wconf 83' lang='lat' dir='ltr'>affectum</span> <span class='ocrx_word' id='word_1_210' title='bbox 1403 2468 1629 2529; x_wconf 87' lang='lat' dir='ltr'>unicum</span> <span class='ocrx_word' id='word_1_211' title='bbox 1670 2469 1987 2547; x_wconf 83' lang='lat' dir='ltr'>praestitit,</span> <span class='ocrx_word' id='word_1_212' title='bbox 2033 2487 2183 2529; x_wconf 88' lang='lat' dir='ltr'>nunc</span> 
     </span>
     <span class='ocr_line' id='line_1_27' title="bbox 187 2551 2185 2633; baseline -0.001 -18"><span class='ocrx_word' id='word_1_213' title='bbox 187 2554 552 2615; x_wconf 87' lang='lat' dir='ltr'>consolando</span> <span class='ocrx_word' id='word_1_214' title='bbox 583 2572 692 2633; x_wconf 89' lang='lat' dir='ltr'>per</span> <span class='ocrx_word' id='word_1_215' title='bbox 721 2553 934 2630; x_wconf 88' lang='lat' dir='ltr'>edicta,</span> <span class='ocrx_word' id='word_1_216' title='bbox 965 2570 1116 2613; x_wconf 88' lang='lat' dir='ltr'>nunc</span> <span class='ocrx_word' id='word_1_217' title='bbox 1149 2551 1486 2631; x_wconf 89' lang='lat' dir='ltr'>opitulando</span> <span class='ocrx_word' id='word_1_218' title='bbox 1518 2561 1799 2631; x_wconf 87' lang='lat' dir='ltr'>quatenus</span> <span class='ocrx_word' id='word_1_219' title='bbox 1842 2561 2185 2632; x_wconf 88' lang='lat' dir='ltr'>suppeteret</span> 
     </span>
     <span class='ocr_line' id='line_1_28' title="bbox 175 2633 2181 2716; baseline -0.001 -16"><span class='ocrx_word' id='word_1_220' title='bbox 175 2638 455 2715; x_wconf 57' lang='lat' dir='ltr'>facultas.</span> <span class='ocrx_word' id='word_1_221' title='bbox 529 2636 847 2699; x_wconf 85' lang='lat' dir='ltr'>Curatores</span> <span class='ocrx_word' id='word_1_222' title='bbox 882 2636 1274 2700; x_wconf 87' lang='lat' dir='ltr'>restituendae</span> <span class='ocrx_word' id='word_1_223' title='bbox 1319 2633 1667 2716; x_wconf 85' lang='lat' dir='ltr'>Campaniae</span> <span class='ocrx_word' id='word_1_224' title='bbox 1716 2656 1749 2696; x_wconf 89' lang='lat' dir='ltr'>e</span> <span class='ocrx_word' id='word_1_225' title='bbox 1795 2636 2181 2698; x_wconf 85' lang='lat' dir='ltr'>consularium</span> 
     </span>
     <span class='ocr_line' id='line_1_29' title="bbox 183 2720 2183 2799; baseline -0.001 -18"><span class='ocrx_word' id='word_1_226' title='bbox 183 2739 428 2781; x_wconf 89' lang='lat' dir='ltr'>numero</span> <span class='ocrx_word' id='word_1_227' title='bbox 461 2731 620 2781; x_wconf 85' lang='lat' dir='ltr'>sorte</span> <span class='ocrx_word' id='word_1_228' title='bbox 669 2721 852 2790; x_wconf 87' lang='lat' dir='ltr'>duxit;</span> <span class='ocrx_word' id='word_1_229' title='bbox 895 2720 1048 2780; x_wconf 87' lang='lat' dir='ltr'>bona</span> <span class='ocrx_word' id='word_1_230' title='bbox 1088 2737 1508 2799; x_wconf 90' lang='lat' dir='ltr'>oppressorum</span> <span class='ocrx_word' id='word_1_231' title='bbox 1548 2722 1605 2779; x_wconf 88' lang='lat' dir='ltr'>in</span> <span class='ocrx_word' id='word_1_232' title='bbox 1635 2721 1893 2795; x_wconf 86' lang='lat' dir='ltr'>Vesvio,</span> <span class='ocrx_word' id='word_1_233' title='bbox 1942 2737 2183 2799; x_wconf 90' lang='lat' dir='ltr'>quorum</span> 
     </span>
     <span class='ocr_line' id='line_1_30' title="bbox 183 2803 2181 2883; baseline -0.001 -18"><span class='ocrx_word' id='word_1_234' title='bbox 183 2805 442 2865; x_wconf 87' lang='lat' dir='ltr'>heredes</span> <span class='ocrx_word' id='word_1_235' title='bbox 473 2823 590 2865; x_wconf 87' lang='lat' dir='ltr'>non</span> <span class='ocrx_word' id='word_1_236' title='bbox 618 2804 913 2883; x_wconf 83' lang='lat' dir='ltr'>extabant,</span> <span class='ocrx_word' id='word_1_237' title='bbox 943 2804 1291 2863; x_wconf 87' lang='lat' dir='ltr'>restitutioni</span> <span class='ocrx_word' id='word_1_238' title='bbox 1319 2803 1661 2863; x_wconf 84' lang='lat' dir='ltr'>afflictarum</span> <span class='ocrx_word' id='word_1_239' title='bbox 1694 2804 2003 2862; x_wconf 83' lang='lat' dir='ltr'>civitatium</span> <span class='ocrx_word' id='word_1_240' title='bbox 2026 2806 2181 2863; x_wconf 86' lang='lat' dir='ltr'>attri-</span> 
     </span>
    </p>

    <p class='ocr_par' dir='ltr' id='par_1_10' title="bbox 107 2884 2183 3300">
     <span class='ocr_line' id='line_1_31' title="bbox 107 2884 2183 2965; baseline -0.001 -16"><span class='ocrx_word' id='word_1_241' title='bbox 107 2902 162 2943; x_wconf 75' lang='grc'>30</span> <span class='ocrx_word' id='word_1_242' title='bbox 185 2890 330 2950; x_wconf 89' lang='lat' dir='ltr'>buit.</span> <span class='ocrx_word' id='word_1_243' title='bbox 396 2888 574 2950; x_wconf 87' lang='lat' dir='ltr'>Urbis</span> <span class='ocrx_word' id='word_1_244' title='bbox 607 2889 876 2949; x_wconf 88' lang='lat' dir='ltr'>incendio</span> <span class='ocrx_word' id='word_1_245' title='bbox 911 2886 1070 2949; x_wconf 74' lang='lat' dir='ltr'>nihil</span> <span class='ocrx_word' id='word_1_246' title='bbox 1091 2884 1342 2965; x_wconf 79' lang='lat' dir='ltr'>publice</span> <span class='ocrx_word' id='word_1_247' title='bbox 1369 2886 1618 2965; x_wconf 73' lang='lat' dir='ltr'>perisse</span> <span class='ocrx_word' id='word_1_248' title='bbox 1658 2894 1929 2963; x_wconf 88' lang='lat' dir='ltr'>testatus,</span> <span class='ocrx_word' id='word_1_249' title='bbox 1976 2896 2183 2947; x_wconf 88' lang='lat' dir='ltr'>cuncta</span> 
     </span>
     <span class='ocr_line' id='line_1_32' title="bbox 184 2969 2183 3054; baseline -0.003 -20"><span class='ocrx_word' id='word_1_250' title='bbox 184 2974 616 3054; x_wconf 87' lang='lat' dir='ltr'>praetoriorum</span> <span class='ocrx_word' id='word_1_251' title='bbox 639 2988 872 3033; x_wconf 88' lang='lat' dir='ltr'>suorum</span> <span class='ocrx_word' id='word_1_252' title='bbox 891 2978 1226 3033; x_wconf 85' lang='lat' dir='ltr'>ornamenta</span> <span class='ocrx_word' id='word_1_253' title='bbox 1255 2970 1535 3050; x_wconf 89' lang='lat' dir='ltr'>operibus</span> <span class='ocrx_word' id='word_1_254' title='bbox 1574 2988 1645 3030; x_wconf 89' lang='lat' dir='ltr'>ac</span> <span class='ocrx_word' id='word_1_255' title='bbox 1677 2969 1910 3047; x_wconf 90' lang='lat' dir='ltr'>templis</span> <span class='ocrx_word' id='word_1_256' title='bbox 1936 2969 2183 3029; x_wconf 87' lang='lat' dir='ltr'>destina-</span> 
     </span>
     <span class='ocr_line' id='line_1_33' title="bbox 181 3052 2183 3136; baseline -0.003 -19"><span class='ocrx_word' id='word_1_257' title='bbox 181 3060 270 3117; x_wconf 80' lang='lat' dir='ltr'>vit</span> <span class='ocrx_word' id='word_1_258' title='bbox 292 3060 752 3136; x_wconf 81' lang='lat' dir='ltr'>praeposuitque</span> <span class='ocrx_word' id='word_1_259' title='bbox 783 3054 1099 3135; x_wconf 89' lang='lat' dir='ltr'>compluris</span> <span class='ocrx_word' id='word_1_260' title='bbox 1131 3071 1207 3114; x_wconf 87' lang='lat' dir='ltr'>ex</span> <span class='ocrx_word' id='word_1_261' title='bbox 1235 3054 1498 3132; x_wconf 87' lang='lat' dir='ltr'>equestri</span> <span class='ocrx_word' id='word_1_262' title='bbox 1520 3052 1743 3131; x_wconf 83' lang='lat' dir='ltr'>ordine,</span> <span class='ocrx_word' id='word_1_263' title='bbox 1776 3070 1890 3132; x_wconf 92' lang='lat' dir='ltr'>quo</span> <span class='ocrx_word' id='word_1_264' title='bbox 1917 3071 2183 3132; x_wconf 86' lang='lat' dir='ltr'>quaeque</span> 
     </span>
     <span class='ocr_line' id='line_1_34' title="bbox 181 3135 2182 3219; baseline -0.002 -18"><span class='ocrx_word' id='word_1_265' title='bbox 181 3142 464 3201; x_wconf 83' lang='lat' dir='ltr'>maturius</span> <span class='ocrx_word' id='word_1_266' title='bbox 481 3150 924 3219; x_wconf 79' lang='lat' dir='ltr'>peragerentur.</span> <span class='ocrx_word' id='word_1_267' title='bbox 955 3137 1276 3199; x_wconf 86' lang='lat' dir='ltr'>Medendae</span> <span class='ocrx_word' id='word_1_268' title='bbox 1304 3137 1597 3197; x_wconf 86' lang='lat' dir='ltr'>valitudini</span> <span class='ocrx_word' id='word_1_269' title='bbox 1610 3135 2016 3216; x_wconf 85' lang='lat' dir='ltr'>leniendisque</span> <span class='ocrx_word' id='word_1_270' title='bbox 2032 3154 2182 3196; x_wconf 90' lang='lat' dir='ltr'>mor-</span> 
     </span>
     <span class='ocr_line' id='line_1_35' title="bbox 181 3220 2182 3300; baseline -0.002 -16"><span class='ocrx_word' id='word_1_271' title='bbox 181 3225 280 3284; x_wconf 87' lang='lat' dir='ltr'>bis</span> <span class='ocrx_word' id='word_1_272' title='bbox 308 3224 524 3287; x_wconf 85' lang='lat' dir='ltr'>nullam</span> <span class='ocrx_word' id='word_1_273' title='bbox 553 3224 798 3285; x_wconf 84' lang='lat' dir='ltr'>divinam</span> <span class='ocrx_word' id='word_1_274' title='bbox 832 3224 1250 3300; x_wconf 87' lang='lat' dir='ltr'>humanamque</span> <span class='ocrx_word' id='word_1_275' title='bbox 1283 3238 1455 3299; x_wconf 91' lang='lat' dir='ltr'>opem</span> <span class='ocrx_word' id='word_1_276' title='bbox 1502 3238 1621 3281; x_wconf 88' lang='lat' dir='ltr'>non</span> <span class='ocrx_word' id='word_1_277' title='bbox 1666 3220 1952 3299; x_wconf 83' lang='lat' dir='ltr'>adhibuit,</span> <span class='ocrx_word' id='word_1_278' title='bbox 2002 3220 2182 3298; x_wconf 89' lang='lat' dir='ltr'>inqui·</span> 
     </span>
    </p>

    <p class='ocr_par' dir='ltr' id='par_1_11' title="bbox 107 3304 1748 3383">
     <span class='ocr_line' id='line_1_36' title="bbox 107 3304 1748 3383; baseline -0.002 -14"><span class='ocrx_word' id='word_1_279' title='bbox 107 3327 166 3369; x_wconf 75' lang='lat' dir='ltr'>as</span> <span class='ocrx_word' id='word_1_280' title='bbox 186 3311 304 3369; x_wconf 88' lang='lat' dir='ltr'>sito</span> <span class='ocrx_word' id='word_1_281' title='bbox 337 3311 491 3369; x_wconf 88' lang='lat' dir='ltr'>omni</span> <span class='ocrx_word' id='word_1_282' title='bbox 523 3309 942 3369; x_wconf 79' lang='lat' dir='ltr'>sacrificiorum</span> <span class='ocrx_word' id='word_1_283' title='bbox 977 3304 1480 3383; x_wconf 89' lang='lat' dir='ltr'>remediorumque</span> <span class='ocrx_word' id='word_1_284' title='bbox 1506 3322 1748 3383; x_wconf 80' lang='lat' dir='ltr'>genere.</span> 
     </span>
    </p>

    <p class='ocr_par' dir='ltr' id='par_1_12' title="bbox 185 3387 2185 3636">
     <span class='ocr_line' id='line_1_37' title="bbox 307 3387 2183 3471; baseline -0.004 -17"><span class='ocrx_word' id='word_1_285' title='bbox 307 3392 469 3455; x_wconf 88' lang='lat' dir='ltr'>Inter</span> <span class='ocrx_word' id='word_1_286' title='bbox 525 3392 772 3453; x_wconf 85' lang='lat' dir='ltr'>adversa</span> <span class='ocrx_word' id='word_1_287' title='bbox 831 3400 1158 3471; x_wconf 88' lang='lat' dir='ltr'>temporum</span> <span class='ocrx_word' id='word_1_288' title='bbox 1222 3397 1280 3447; x_wconf 91' lang='lat' dir='ltr'>et</span> <span class='ocrx_word' id='word_1_289' title='bbox 1345 3388 1641 3449; x_wconf 88' lang='lat' dir='ltr'>delatores</span> <span class='ocrx_word' id='word_1_290' title='bbox 1701 3387 2183 3469; x_wconf 87' lang='lat' dir='ltr'>mandatoresque</span> 
     </span>
     <span class='ocr_line' id='line_1_38' title="bbox 188 3472 2185 3550; baseline -0.004 -13"><span class='ocrx_word' id='word_1_291' title='bbox 188 3485 356 3537; x_wconf 89' lang='lat' dir='ltr'>erant</span> <span class='ocrx_word' id='word_1_292' title='bbox 400 3494 476 3537; x_wconf 88' lang='lat' dir='ltr'>ex</span> <span class='ocrx_word' id='word_1_293' title='bbox 516 3477 752 3539; x_wconf 85' lang='lat' dir='ltr'>licentia</span> <span class='ocrx_word' id='word_1_294' title='bbox 793 3476 1000 3536; x_wconf 85' lang='lat' dir='ltr'>veteri.</span> <span class='ocrx_word' id='word_1_295' title='bbox 1079 3472 1204 3534; x_wconf 93' lang='lat' dir='ltr'>Hos</span> <span class='ocrx_word' id='word_1_296' title='bbox 1255 3472 1487 3533; x_wconf 89' lang='lat' dir='ltr'>assidue</span> <span class='ocrx_word' id='word_1_297' title='bbox 1532 3474 1589 3532; x_wconf 88' lang='lat' dir='ltr'>in</span> <span class='ocrx_word' id='word_1_298' title='bbox 1633 3473 1767 3535; x_wconf 87' lang='lat' dir='ltr'>foro</span> <span class='ocrx_word' id='word_1_299' title='bbox 1822 3472 2073 3550; x_wconf 79' lang='lat' dir='ltr'>flagellis</span> <span class='ocrx_word' id='word_1_300' title='bbox 2114 3488 2185 3531; x_wconf 88' lang='lat' dir='ltr'>ac</span> 
     </span>
     <span class='ocr_line' id='line_1_39' title="bbox 185 3554 2183 3636; baseline -0.004 -16"><span class='ocrx_word' id='word_1_301' title='bbox 185 3560 438 3621; x_wconf 83' lang='lat' dir='ltr'>fustibus</span> <span class='ocrx_word' id='word_1_302' title='bbox 470 3577 680 3623; x_wconf 84' lang='lat' dir='ltr'>caesos</span> <span class='ocrx_word' id='word_1_303' title='bbox 714 3578 786 3622; x_wconf 91' lang='lat' dir='ltr'>ac</span> <span class='ocrx_word' id='word_1_304' title='bbox 817 3560 1131 3621; x_wconf 86' lang='lat' dir='ltr'>novissime</span> <span class='ocrx_word' id='word_1_305' title='bbox 1161 3554 1463 3618; x_wconf 85' lang='lat' dir='ltr'>traductos</span> <span class='ocrx_word' id='word_1_306' title='bbox 1492 3573 1601 3636; x_wconf 91' lang='lat' dir='ltr'>per</span> <span class='ocrx_word' id='word_1_307' title='bbox 1630 3555 2029 3636; x_wconf 86' lang='lat' dir='ltr'>amphitheatri</span> <span class='ocrx_word' id='word_1_308' title='bbox 2058 3569 2183 3613; x_wconf 85' lang='lat' dir='ltr'>are·</span> 
     </span>
    </p>
   </div>
  </div>
 </body>
</html>
