2700 4234
988 353 1198 401 mvus
1232 353 1617 402 AUGUSTUS.
2178 346 2259 406 75

255 515 314 567 ut
351 509 408 566 in
439 509 716 567 extremis
746 503 948 587 spatiis
979 507 1281 573 subsultim
1313 506 1682 586 decurreret,
1726 503 2015 586 se'gestria
2044 510 2140 570 vel
2172 512 2259 571 lo-

255 590 438 667 dicula
468 592 779 651 involutus.
817 591 1006 652 Animi
1037 591 1268 654 laxandi
1305 609 1480 652 causa
1508 593 1682 652 modo
1715 592 2044 672 piscabatur
2069 593 2259 671 hamo,

250 673 420 734 modo
467 674 601 734 talis
643 684 740 736 aut
782 676 1054 736 ocellatis
1093 676 1456 754 nucibusque
1499 675 1735 737 ludebat
1768 695 1896 736 cum
1932 679 2131 755 pueris
2158 680 2258 738 mi·

248 759 424 834 nutis„
460 763 611 836 qu'os
640 759 794 819 facie
827 769 887 818 et
913 758 1254 838 garrulitate
1285 758 1548 819 amabilis
1579 759 1831 838 undique
1856 761 2258 839 conquirebat,

203 860 228 899 5
250 843 570 920 praecipue
598 843 832 904 Mauros
876 853 934 902 et
965 845 1167 918 Syros.
1225 841 1374 902 Nam
1405 843 1655 922 pumilos
1690 853 1864 922 atque
1899 843 2178 904 distortos
2203 850 2262 904 et

247 927 430 984 omnis
476 927 716 1002 generis
759 927 1047 1008 eiusdem,
1091 936 1151 986 ut
1193 926 1440 987 ludibria
1487 936 1729 987 naturae
1771 927 2022 1006 malique
2056 929 2259 989 ominis

245 1008 620 1070 abhorrebat.
1093 1015 1103 1030 ·

361 1092 775 1170 Eloquentiam
810 1092 1111 1172 studiaque
1146 1093 1409 1153 liberalia
1436 1094 1508 1153 ab
1535 1103 1727 1154 aetate
1757 1096 1937 1173 prima
1963 1103 2019 1153 et
2050 1094 2258 1172 cupide
2275 1103 2345 1160 84

247 1185 304 1234 et
353 1175 820 1236 laboriosissime
865 1179 1149 1237 exercuit.
1235 1177 1544 1238 Mutinensi
1592 1177 1753 1238 bello
1801 1179 1859 1236 in
1903 1187 2058 1239 tanta
2103 1179 2259 1237 mole

175 1271 224 1312 10
244 1277 440 1319 rerum
485 1268 544 1318 et
574 1261 798 1337 legisse
830 1271 888 1320 et
922 1263 1233 1345 scripsisse
1265 1270 1322 1320 et
1356 1261 1721 1322 declamasse
1755 1261 1967 1322 cotidie
1998 1261 2257 1320 traditur.

242 1341 390 1402 Nam
435 1343 718 1422 deinceps
761 1363 953 1422 neque
995 1347 1054 1404 in
1105 1353 1307 1404 senatu
1350 1363 1542 1423 neque
1573 1346 1727 1424 apud
1758 1345 2037 1425 populum
2066 1363 2259 1424 neque

241 1427 394 1506 apud
441 1427 656 1487 milites
691 1427 927 1488 ‘locutus
972 1438 1063 1487 est
1103 1446 1371 1507 umquam
1409 1430 1519 1487 nisi
1548 1429 1815 1490 meditata
1850 1439 1909 1489 et
1932 1431 2260 1508 composita

244 1511 546 1588 oratione,
596 1513 854 1590 quamvis
895 1530 1012 1572 non
1056 1512 1411 1572 deficeretur
1440 1511 1512 1570 ad
1544 1511 1729 1572 subita
1762 1512 2149 1591 extemporali
2174 1513 2259 1572 fa-

244 1595 474 1655 cultate.
540 1594 636 1654 Ac
677 1596 1113 1674 ne'periculum
1155 1596 1471 1655 memoriae
1513 1595 1699 1655 adiret
1728 1605 1822 1655 aut
1849 1599 1905 1654 in
1944 1595 2259 1655 ediscendo

179 1686 226 1726 1⁵
243 1687 469 1757 tempus
511 1678 878 1756 absumeret,
917 1680 1156 1740 instituit
1201 1680 1453 1738 recitare
1499 1681 1705 1738 omnia.
1768 1680 2085 1739 Sermones
2119 1695 2259 1756 quo-

233 1781 352 1842 que
399 1779 529 1822 cum
579 1762 823 1840 singulis
869 1772 1042 1841 atque
1093 1764 1262 1822 etiam
1294 1780 1421 1821 cum
1450 1762 1608 1822 Livia
1647 1781 1749 1822 sua
1780 1764 2089 1840 graviores
2118 1779 2257 1821 non-

243 1847 348 1906 nisi
392 1849 659 1926 scriptos
702 1855 759 1905 et
792 1865 825 1906 e
860 1843 1064 1906 libello
1101 1845 1382 1923 habebat,
1428 1865 1503 1905 ne
1534 1846 1667 1924 plus
1697 1848 1957 1906 minusve
1987 1846 2258 1925 loquere-

241 1939 330 1990 tur
382 1948 458 1989 ex
501 1939 800 2008 tempore.
865 1929 1280 1990 Pronuntiabat
1308 1929 1461 1989 dulci
1490 1939 1549 1989 et
1568 1933 1820 2009 ⁴proprio
1856 1929 2105 2008 quodam
2140 1930 2259 1988 oris

245 2030 411 2091 sono,
444 2014 742 2092 dabatque
775 2013 1006 2075 assidue
1038 2014 1340 2093 phonasco
1376 2031 1646 2092 operam;
1683 2015 1787 2074 sed
1814 2030 2259 2092 nonnumquam,

182 2098 540 2159 ²⁰infirmatis
585 2097 881 2176 faucibus,
926 2099 1241 2177 praeconis
1273 2114 1427 2156 voce
1458 2097 1530 2158 ad
1572 2099 1850 2176 populum
1883 2099 2261 2159 concionatus

246 2190 347 2240 est.

363 2265 548 2328 Multa
584 2266 726 2324 varii
759 2266 996 2342 generis
1027 2281 1205 2343 prosa
1241 2265 1506 2324 oratione
1540 2265 1904 2340 composuit,
1947 2279 2024 2321 ex
2052 2262 2374 2348 quibus85·

248 2348 514 2410 nonnulla
551 2351 610 2407 in
647 2358 818 2409 coetu
847 2347 1208 2409 familiarium
1239 2348 1399 2412 velut
1428 2349 1484 2407 in
1516 2347 1801 2408 auditorio
1837 2347 2137 2421 recitavit,
2184 2347 2259 2403 si-

253 2441 340 2491 cut
383 2433 728 2511 Rescripta
773 2431 972 2494 Bruto
1002 2431 1096 2492 'de
1137 2430 1406 2507 Catone,
1450 2449 1598 2510 quae
1641 2429 1932 2501 volumina
1981 2447 2108 2488 cum
2150 2429 2262 2487 iam

187 2521 235 2561 ²5
253 2517 442 2577 senior
475 2535 560 2577 ex
589 2535 796 2594 magna
830 2525 995 2596 parte
1027 2515 1291 2592 legisset,
1311 2515 1585 2592 fatigatus
1603 2513 1837 2575 Tiberio
1868 2513 2099 2573 tradidit
2129 2529 2259 2590 per·

251 2599 523 2677 legenda;
575 2602 710 2681 item
741 2599 1146 2661 Hortationes
1188 2598 1275 2660 ad
1304 2597 1801 2679 philosophiam,
1848 2607 1906 2658 et
1948 2597 2138 2676 aliqua
2166 2593 2265 2654 De

253 2683 379 2744 vita
413 2703 572 2760 sua,
619 2703 788 2764 quam
820 2682 1102 2745 tredecim
1132 2683 1329 2760 libris,
1370 2681 1721 2744 Cantabrico
1752 2692 1921 2744 tenus
1955 2681 2116 2741 bello
2148 2697 2262 2739 nec

257 2766 425 2845 ultra,
459 2769 758 2848 exposuit.
825 2768 1063 2829 Poetica
1092 2768 1409 2827 summatim
1440 2769 1646 2844 attigit.
1706 2767 1869 2827 Unus
1899 2764 2052 2824 liber
2084 2772 2260 2840 extat,

259 2852 500 2930 scriptus
549 2852 618 2912 ab
651 2871 724 2913 eo
754 2852 1108 2912 hexametris
1137 2851 1435 2927 versibus,
1484 2851 1645 2910 cuius
1684 2857 1742 2908 et
1779 2854 2174 2926 argumentum
2206 2855 2263 2905 et

194 2932 242 2973 ³⁰
258 2935 445 2994 titulus
488 2945 580 2996 est
610 2935 878 3008 Sicilim
923 2943 1082 2995 extat
1125 2934 1274 2995 alter
1314 2951 1501 3012 aeque
1536 2931 1797 2994 modicus
1826 2929 2259 3010 Epiyramma-

260 3021 405 3094 tum,
449 3036 599 3098 quae
641 3021 769 3079 fere
807 3029 1074 3097 tempore
1113 3018 1328 3078 balinei
1372 3016 1769 3078 meditabatur.
1839 3015 1985 3076 Nam
2026 3023 2259 3090 tragoe-

261 3097 399 3160 diam
430 3121 642 3180 magno
677 3105 893 3182 impetu
925 3120 1202 3178 exorsus,
1249 3120 1365 3162 non
1410 3101 1745 3161 succedenti
1796 3099 1960 3177 stilo,
2007 3095 2261 3158 abolevit

264 3185 782 3265 quaerentibusque
841 3187 1073 3263 amicis,
1128 3185 1395 3264 quidnam
1440 3184 1593 3245 Aiax
1644 3193 1882 3262 ageret,
1937 3180 2259 3266 respondit,

267 3264 495 3328 Aiacem
527 3288 688 3330 suum
718 3271 776 3330 iri
809 3287 1134 3350 spongeam
1161 3268 1514 3329 incubuisse.

201 3357 250 3400 ⁸5
385 3351 576 3414 Genus
615 3353 930 3433 eloquendi
971 3360 1207 3413 secutus
1239 3362 1328 3412 est
1360 3351 1603 3430 elegans
1634 3361 1693 3413 et
1721 3360 2136 3430 temperatum,
2178 3351 2258 3409 vi·
2275 3359 2343 3414 86

267 3435 392 3492 tatis
419 3437 822 3498 sententiarum
852 3437 1090 3518 ineptiis
1116 3445 1286 3516 atque
1319 3439 1702 3498 concinnitate
1724 3444 1781 3495 et
1801 3433 2262 3496 reconditorum

265 3515 616 3600 verborum,
652 3531 712 3582 ut
743 3523 872 3602 ipse
904 3521 1076 3599 dicit,
1105 3518 1454 3598 foetoribus
1466 3545 1497 3591 ,·
1548 3522 2036 3599 praecipuamque
2068 3533 2261 3576 curam

268 3596 448 3680 (luxit,
479 3621 705 3666 sensum
733 3607 903 3668 animi
933 3623 1100 3684 quam
1132 3605 1496 3682 apertissime
1528 3605 1877 3682 exprimere.
1941 3599 2111 3675 Quod
2144 3615 2259 3676 quo
