2700 4234
587 278 704 338 144
759 287 822 338 c.
851 289 1152 338 sumom
1189 289 1449 349 TRANQ.
1482 289 1577 336 DE
1606 288 1771 335 vrrA
1804 287 2183 358 anSARtm
2210 287 2341 334 ΜΒ.
2366 287 2479 338 1111.

581 460 765 525 quam
793 460 988 523 neque
1013 441 1168 504 mali
1186 441 1459 522 feceris!
1511 442 1771 503 Threces
1817 440 2107 520 quosdam
2137 439 2419 503 Germanis
2448 456 2547 498 cor·

581 529 743 606 poris
787 526 1122 588 custodibus
1163 527 1521 606 praeposuit.
1605 525 2038 602 Myr-millenum
2090 533 2395 586 armaturas
2433 522 2548 582 reci·

581 610 679 671 dit.
769 608 1050 671 Columbo
1105 613 1346 686 victori,
1413 610 1623 670 leviter
1669 619 1859 670 tamen
1900 611 2145 686 saucio,
2208 623 2469 669 venenum
2508 607 2548 663 in

582 695 813 774 plagam
862 692 1103 771 addidit,
1165 691 1321 771 quod
1371 711 1448 754 ex
1497 709 1570 754 eo
1624 691 2028 754 Columbinum
2080 692 2418 772 appellavit3
2458 689 2549 768 (sic

585 787 746 838 certe
785 778 935 837 inter
964 776 1076 837 alia
1112 794 1340 837 venena
1378 777 1657 855 scriptum
1708 776 1781 838 ab
1829 794 1901 838 eo
1952 785 2259 856 repertum
2301 774 2412 852 est)
2451 788 2576 851 pra-⁵

583 863 744 922 sinae
769 860 1008 920 factioni
1039 860 1116 920 ita
1157 858 1419 921 addictus
1450 869 1511 942 et
1534 861 1792 939 deditus,
1853 869 1916 921 ut
1956 869 2243 922 caenaret
2269 861 2323 919 in
2367 854 2548 917 stabulo

581 943 810 1005 assidue
840 952 899 1004 et
927 951 1204 1004 maneret.
1276 943 1566 1022 Agitatori
1602 944 1871 1020 Eutycho
1906 945 2325 1006 comissatione
2355 938 2547 1020 quadam

579 1029 637 1087 in
694 1025 1074 1106 apophoretis
1125 1028 1308 1088 vicies
1368 1031 1696 1089 sestertium
1754 1028 2017 1089 contulit.
2110 1027 2354 1088 Incitato
2414 1038 2543 1102 equo,

585 1113 742 1172 cuius
786 1128 961 1171 causa
1003 1110 1187 1189 pridie
1228 1114 1558 1189 circenses,
1619 1131 1693 1172 ne
1721 1114 2179 1191 inquietaretur,
2241 1111 2465 1172 viciniae
2491 1105 2543 1163 si·

581 1194 814 1254 lentium
857 1212 966 1273 per
1010 1193 1220 1253 milites
1272 1195 1532 1256 indicere
1584 1194 1843 1273 solebat,
1898 1204 2148 1276 praeter
2204 1193 2390 1275 equile
2434 1205 2584 1249 mar-10

579 1294 836 1336 moreum
865 1284 926 1336 et
968 1293 1260 1357 praesepe
1311 1278 1626 1340 eburneum
1674 1289 2034 1360 praeterque
2093 1294 2382 1359 purpurea
2418 1277 2537 1348 tegu-

578 1369 767 1420 menta
817 1376 886 1420 ac
933 1360 1164 1421 monilia
1215 1379 1249 1422 e
1293 1365 1571 1440 gemmis,
1638 1362 1863 1424 domum
1904 1365 2081 1424 etiam
2116 1371 2177 1422 et
2226 1360 2470 1422 familiam
2500 1361 2541 1412 ct

581 1442 1002 1522 supellectilem
1033 1438 1218 1522 dedit,
1282 1465 1395 1526 quo
1429 1447 1634 1507 lautius
1664 1449 1891 1508 nomine
1931 1450 2065 1508 eius
2100 1447 2323 1518 invitati
2358 1442 2537 1516 accipe·

581 1535 804 1597 rentum
870 1527 1224 1590 consulatum
1259 1547 1493 1609 quoque
1523 1530 1759 1592 traditur
1792 1531 2146 1593 destinasse.

495 1615 564 1670 56
707 1608 794 1671 Ita
843 1609 1220 1674 bacchantem
1272 1623 1444 1693 atque
1491 1624 1851 1691 grassantem
1900 1632 2020 1676 non
2068 1614 2253 1676 defuit
2294 1609 2539 1692 plerisque
2551 1623 2579 1662 ιε

581 1695 797 1755 animus
851 1695 1078 1756 adoriri.
1167 1697 1284 1758 Sed
1331 1715 1441 1758 una
1490 1698 1788 1778 alteraque
1842 1701 2285 1780 conspiratione
2335 1694 2535 1762 detecta,

581 1777 708 1837 aliis
767 1795 875 1856 per
937 1780 1184 1856 inopiam
1239 1783 1566 1842 occasionis
1622 1782 2062 1862 cunctantibus,
2119 1782 2230 1843 duo
2291 1774 2537 1839 consilium

581 1861 1140 1921 communicaverunt
1178 1863 1701 1944 perfeceruntqne,
1757 1883 1873 1926 non
1914 1868 2047 1928 sine
2093 1863 2430 1928 conscientia
2458 1871 2533 1935 po·

577 1943 1019 2003 tentissimorum
1074 1943 1413 2006 libertorum
1468 1949 2017 2031 praefectorumque
2080 1947 2360 2031 praetori;
2420 1933 2533 2020 ‘1¹¹0d

577 2026 689 2103 ipsi
729 2042 961 2105 quoque
1011 2031 1120 2088 etsi
1167 2027 1316 2089 falso
1360 2032 1417 2090 in
1460 2032 1701 2110 quadam
1755 2036 2163 2097 coniuratione
2208 2030 2363 2114 quasi
2400 2020 2572 2105 parii-²⁰

577 2109 741 2187 cipes
787 2111 1085 2189 nominati,
1150 2122 1459 2192 suspectos
1505 2124 1694 2177 tamen
1746 2137 1812 2178 se
1870 2127 1928 2178 et
1969 2120 2201 2180 invisos
2241 2107 2531 2177 sentiebant·

574 2191 719 2253 Nam
758 2202 817 2253 et
872 2196 1059 2256 statim
1117 2195 1373 2257 seductis
1424 2217 1687 2278 magnam
1744 2202 1889 2263 fecit
1943 2203 2253 2279 invidiam,
2302 2192 2529 2258 destri⁰²⁰

575 2275 770 2353 gladio
823 2278 1112 2340 affirmans
1164 2288 1383 2359 sponte
1426 2300 1497 2344 sc
1541 2285 1917 2364 periturum,
1984 2289 2050 2348 si
2100 2293 2163 2350 et
2210 2284 2334 2348 iuis
2379 2275 2530 2338 mffl'ffss

575 2359 796 2438 diynus
823 2361 1163 2440 videretur,
1224 2383 1336 2436 nec
1380 2370 1632 2429 cessavit
1660 2387 1735 2428 ex
1776 2387 1849 2430 eo
1892 2371 2189 2434 criminari
2222 2369 2440 2431 alterum
2472 2352 2528 2414 81·

573 2444 680 2502 teri
708 2453 878 2521 atque
905 2447 1054 2505 inter
1076 2465 1142 2507 se
1172 2452 1357 2509 omnis
1388 2454 1761 2513 committere.
2537 2451 2569 2492 ²⁵

603 2608 616 2622 .
663 2524 834 2622 ‘Cum
877 2527 1196 2606 placuisset
1228 2531 1499 2596 Palatinis
1545 2535 1693 2596 ludis
1735 2539 2077 2616 spectaculo
2128 2545 2416 2618 egressum
2440 2536 2523 2582 me·

568 2606 712 2667 ridie
751 2607 1021 2688 adgredi,
1082 2615 1294 2692 primas
1339 2616 1450 2678 sibi
1496 2630 1693 2699 partes
1727 2619 1963 2683 Cassius
2006 2621 2273 2686 Chaerea
2314 2612 2525 2676 tribunus

570 2690 828 2753 cohortis
872 2699 1200 2774 praetoriae
1243 2699 1624 2781 depoposcit,
1682 2723 1851 2784 quem
1894 2705 2068 2769 Gaius
2120 2706 2401 2769 seniorem
2442 2691 2525 2749 ίῑῑῙ11
2572 2709 2574 2712 ⁴

567 2783 627 2834 ut
656 2776 890 2837 mollem
915 2787 975 2840 et
1005 2779 1391 2845 effeminatum
1422 2786 1702 2848 denotare
1738 2790 1891 2849 omni
1921 2791 2146 2868 probro
2178 2783 2460 2851 consuerat
2483 2774 2525 2827 et

565 2858 736 2920 modo
769 2863 993 2940 signum
1022 2868 1243 2943 petenti
1281 2867 1615 2948 Priapum
1658 2881 1752 2932 aut
1792 2874 2154 2936 Venerem
2196 2873 2356 2944 dare,
2382 2853 2563 2921 ¹¹¹⁰d⁰⁸⁰

566 2961 642 3003 ex
683 2943 872 3025 aliqua
923 2964 1094 3009 causa
1139 2952 1333 3029 agenti
1381 2955 1600 3031 gratias
1650 2956 2020 3019 osculandam
2074 2973 2294 3020 manum
2342 2946 2519 3009 offffl're

563 3026 865 3089 formatam
895 3042 1350 3114 commotamque
1380 3037 1437 3096 in
1467 3037 1781 3117 obscenum
1808 3041 2055 3104 modum.
2487 3103 2498 3116 ,
2566 3059 2568 3062 ⁴

478 3115 546 3172 57
688 3110 938 3174 Futurae
972 3118 1169 3180 caedis
1216 3116 1393 3181 multa
1433 3121 1698 3203 prodigia
1742 3127 2073 3188 extiterunt.
2143 3117 2427 3201 Olympiae
2462 3121 2514 3166 ⁸1·

561 3194 873 3256 mulacrum
905 3199 1093 3278 Iovis,
1153 3201 1308 3282 quod
1338 3203 1580 3266 dissolvi
1610 3209 2031 3290 transferrique
2058 3213 2297 3274 Romam
2324 3199 2515 3281 placue-

559 3283 697 3375 rat,
743 3288 953 3340 tantum
1014 3284 1348 3347 cachinnum
1406 3301 1648 3369 repente
1705 3292 1911 3372 edidit,
1970 3305 2033 3356 ut
2078 3289 2345 3358 machinis
2388 3259 2564 3340 labe-st!

559 3357 729 3456 factis
772 3364 1016 3461 opifices
1063 3366 1423 3449 diffugerint:
1487 3379 1939 3456 supervenitque
1980 3380 2118 3442 ilico
2162 3373 2376 3460 quidam
2406 3359 2513 3422 033·

559 3459 677 3502 slus
716 3462 976 3526 nomme,
1033 3452 1248 3513 iussum
1293 3474 1360 3515 se
1404 3461 1631 3519 somnio
1670 3460 1963 3524 affirmans
2000 3464 2291 3528 immolare
2333 3453 2509 3513 taurum

556 3523 699 3587 Iovi.
792 3527 1139 3612 Capitolium
1192 3536 1426 3620 Capuae
1480 3541 1566 3603 Id.
1622 3542 1764 3605 Mar.
1825 3540 1899 3606 de
1949 3549 2117 3610 caelo
2175 3529 2508 3640 tactumfss‘v
