2700 4234
945 306 1153 354 mvus
1187 308 1440 356 muns.
2122 302 2200 362 15

310 460 459 523 Cum
503 477 651 537 ergo
694 458 982 521 sublatam
1013 460 1370 522 tribunorum
1405 462 1882 523 intercessionem
1921 464 2202 544 ipsosque
2217 477 2278 531 31
2312 494 2318 499 ·

185 547 330 609 urbe
356 546 613 609 cessisse
638 544 953 604 nuntiatum
980 554 1091 622 est,
1123 546 1460 623 praemissis
1486 545 1791 605 confestim
1819 547 1965 607 clam
1991 549 2197 611 cobor-

183 631 367 708 tibus,
409 648 484 693 ne
521 646 634 707 qua
664 628 922 706 suspicio
954 638 1315 705 moveretur,
1351 639 1410 689 et
1441 629 1783 707 spectaculo
1817 630 2055 708 publico
2092 651 2201 710 per

185 712 703 775 dissimulationem
732 711 989 771 interfuit
1018 722 1077 771 et
1104 713 1377 789 formam,
1417 729 1530 790 qua
1571 712 1762 773 ludum
1793 713 2198 791 gladiatorium

145 820 171 861 ι
188 807 312 861 erat
334 794 765 872 aedificaturus,
798 795 1187 856 consideravit
1210 806 1269 855 et
1294 813 1372 855 ex
1395 796 1810 857 consuetudine
1835 798 2106 859 convivio
2131 818 2198 860 se

182 881 476 960 frequenti
518 877 693 940 dedit.
777 877 927 939 Dein
963 888 1099 958 post
1136 879 1279 939 solis
1310 896 1619 956 occasum,
1661 880 1829 941 mulis
1862 900 1896 940 o
1929 885 2194 960 proximo

184 964 431 1045 pistrino
467 962 539 1023 ad
568 961 896 1023 vehiculum
926 964 1164 1039 iunctis,
1210 963 1658 1023 occultissimum
1689 965 1801 1023 iter
1831 965 2064 1026 modico
2097 984 2194 1027 co-

184 1050 383 1109 mitatu
421 1048 725 1123 ingressus
760 1055 877 1113 est:
931 1056 989 1107 et
1030 1065 1157 1108 cum
1204 1046 1513 1106 luminibus
1538 1048 1808 1108 extinctis
1839 1048 2196 1110 decessisset

185 1134 314 1207 via,
362 1130 455 1190 diu
502 1128 891 1206 errabundus,
937 1130 1165 1191 tandem
1214 1130 1287 1191 ad
1336 1130 1525 1191 lucem
1572 1130 1720 1192 duce
1770 1141 2040 1210 reperto,
2089 1152 2196 1212 per

124 1233 171 1275 ιο
188 1214 633 1290 angustissimos
664 1214 922 1273 tramites
954 1213 1200 1291 pedibus
1231 1215 1449 1282 evasit;
1487 1224 1952 1294 consecutusque
1985 1217 2192 1277 cobor-

189 1300 267 1357 tis
294 1296 367 1357 ad
393 1295 748 1357 Rubiconem
776 1298 1017 1373 flumen,
1050 1298 1146 1376 qui
1176 1298 1517 1375 provinciae
1547 1300 1673 1358 eius
1705 1298 1834 1358 linis
1865 1309 2024 1375 erat,
2056 1318 2192 1379 pau·

188 1380 306 1441 lum
345 1380 630 1456 constitit,
674 1399 741 1441 ac
780 1390 1059 1460 reputans
1091 1390 1362 1459 quantum
1391 1381 1723 1458 moliretur,
1769 1400 2090 1444 conversus
2121 1384 2195 1445 ad

189 1464 494 1543 proximos
537 1460 745 1524 Etiam
784 1483 947 1527 nunc
997 1466 1179 1543 inquit
1227 1464 1480 1545 regredi
1507 1483 1885 1543 possumus,·
1928 1467 2096 1546 quod
2137 1468 2198 1527 si

181 1547 563 1625 ponticulum
624 1548 1056 1609 transierimus
1074 1593 1091 1624 ,
1159 1548 1369 1609 omnia
1429 1549 1624 1608 armis
1688 1549 1934 1628 aqenda
1994 1559 2189 1611 mm.

114 1652 165 1694 15
188 1630 493 1691 Cunctanti
527 1638 811 1691 ostentum
854 1632 969 1692 tale
1001 1632 1212 1692 factum
1248 1640 1357 1691 est.
1446 1632 1687 1707 Quidam
1730 1634 1936 1693 eximia
1979 1636 2194 1711 magni·
2208 1646 2277 1701 32

184 1715 381 1776 tudine
414 1723 473 1774 et
511 1715 699 1776 forma
733 1717 788 1775 in
829 1716 1097 1793 proximo
1129 1714 1341 1775 sedens
1372 1726 1616 1795 repente
1647 1718 1942 1794 apparuit,
1986 1717 2191 1777 harun-

184 1800 319 1859 dine
350 1816 596 1866 cnnens;
642 1797 715 1859 ad
756 1817 927 1878 quem
958 1798 1297 1859 audiendum
1328 1817 1456 1859 cum
1489 1808 1725 1878 praeter
1757 1808 2026 1878 pastores
2067 1800 2190 1880 plu-

180 1884 309 1959 rimi
351 1882 523 1942 etiam
564 1900 641 1943 ex
681 1882 1023 1943 stationibus
1062 1882 1274 1943 milites
1307 1884 1736 1943 concurrissent
1775 1884 2040 1961 interque
2086 1902 2192 1943 eos

182 1975 243 2026 et
274 1974 657 2042 aeneatores,
698 1975 864 2044 rapta
906 1965 979 2025 ab
1012 1984 1125 2027 uno
1170 1965 1305 2027 tuba
1341 1966 1628 2045 prosilivit
1669 1967 1741 2027 ad
1781 1967 1990 2028 flumen
2021 1976 2078 2027 et
2108 1968 2188 2027 in-

112 2069 163 2111 20
181 2048 347 2127 genti
392 2049 594 2126 spiritu
640 2048 948 2111 classicum
991 2067 1239 2110 exorsus
1272 2050 1564 2129 pertendit
1595 2051 1668 2111 ad
1709 2050 1948 2112 alteram
1979 2053 2186 2131 ripam.

181 2132 347 2193 Tunc
391 2130 612 2193 Caesar
652 2130 859 2195 Eatur
898 2134 1105 2212 inquit,
1150 2152 1275 2213 quo
1318 2134 1572 2195 deorum
1615 2141 1856 2195 ostenta
1897 2140 1958 2195 et
1987 2136 2184 2196 inimi·

180 2233 397 2278 corum
440 2215 733 2295 iniquitas
762 2224 966 2278 vocat.
1039 2215 1231 2279 Jacta
1256 2218 1412 2279 -alea
1441 2223 1566 2293 est,
1613 2218 1810 2296 inquit.
1885 2217 2079 2296 Atque
2111 2220 2276 2280 ita-²33

178 2300 431 2359 traiecto
475 2302 765 2377 exercitu,
808 2300 1075 2363 adhibitis
1108 2302 1349 2361 tribunis
1385 2300 1609 2380 plebis,
1659 2302 1757 2379 qui
1801 2301 1952 2379 pulsi
1987 2320 2186 2381 super·

176 2391 496 2459 venerant,
531 2400 639 2460 pro
672 2385 943 2445 contione
968 2384 1137 2445 fidem
1158 2386 1396 2445 militum
1420 2386 1566 2445 flens
1597 2404 1667 2445 ac
1697 2393 1861 2444 veste
1885 2402 1918 2445 a
1943 2394 2188 2462 pectore

5 2506 7 2515 ·
112 2465 431 2527 ndiscissa
464 2467 775 2527 invocavit.
863 2468 1237 2529 Existimetur
1265 2470 1435 2529 etiam
1477 2477 1786 2549 equestres
1817 2486 2026 2529 census
2062 2469 2186 2547 pol·

176 2550 377 2611 licitus
419 2550 691 2627 singulis3
738 2552 893 2630 quod
938 2552 1147 2612 accidit
1186 2554 1460 2633 opinione
1513 2554 1679 2615 falsa.
1765 2552 1910 2613 Nam
1963 2571 2088 2613 cum
2133 2554 2187 2611 in

178 2633 553 2712 adloquendo
612 2634 1089 2713 exhortandoque
1146 2638 1382 2716 saepius
1433 2634 1669 2715 digitum
1721 2635 1928 2697 laevae
1987 2654 2188 2697 manus

180 2726 484 2778 ostentans
524 2717 883 2794 adfirmaret,
938 2737 1005 2778 se
1060 2717 1133 2779 ad
1175 2722 1316 2780 satis
1360 2721 1688 2781 faciendum
1731 2720 2023 2796 omnibus,
2080 2737 2188 2797 per

182 2818 329 2878 quos
351 2801 690 2943 dignitatem
714 2820 873 2863 suam
900 2802 1245 2863 defensurus
1268 2814 1460 2879 esset,
1489 2804 1716 2864 anulum
1740 2819 1974 2881 quoque
1994 2820 2185 2880 aequo

5 2880 8 2897 '
112 2901 161 2942 so
181 2885 367 2944 animo
446 2894 789 2945 etracturum
821 2885 959 2963 sibi,
1004 2895 1261 2947 extrema
1293 2890 1517 2964 contin,
1561 2889 1651 2947 cui
1689 2885 1916 2946 facilius
1949 2895 2074 2946 erat
2105 2887 2186 2945 vi-

179 2966 317 3028 dere
349 2968 778 3030 contionantem
800 2987 969 3048 quam
992 2970 1189 3030 audire
1208 3016 1224 3047 ,
1257 2989 1367 3049 pro
1397 2970 1550 3031 dicto
1575 2970 1835 3048 accepit,
1875 2969 2031 3049 quod
2063 2971 2188 3029 visu

179 3050 616 3131 suspicabatur;
664 3055 1123 3131 promissumque
1167 3056 1254 3113 ius
1296 3054 1594 3114 anulorum
1629 3072 1755 3115 cum
1789 3052 2020 3114 milibus
2051 3070 2186 3130 qua-

179 3133 505 3213 dringenis,
538 3135 688 3197 fama
717 3136 949 3196 distulit.
972 3175 1005 3229 ι

309 3218 473 3278 Ordo
508 3228 567 3279 et
598 3238 813 3281 summa
845 3239 1073 3296 rerum,
1119 3238 1263 3298 quas
1294 3220 1576 3300 deinceps
1604 3223 1829 3297 gessit,
1878 3222 1964 3281 sic
1993 3238 2060 3280 se
2088 3219 2184 3281 ha·
2204 3234 2271 3288 34

111 3316 161 3359 ³5
178 3299 333 3361 bent.
423 3302 699 3363 Picenum
728 3303 1023 3365 Umbriam
1055 3303 1341 3363 Etruriam
1383 3306 1725 3383 occupavit,
1775 3313 1834 3364 et
1864 3304 2042 3365 Lucio
2070 3303 2186 3364 Do-

178 3384 371 3461 mitio,
426 3388 525 3465 qui
564 3405 671 3466 per
712 3386 1006 3447 tumultum
1048 3404 1360 3447 successor
1409 3389 1464 3447 ei
1510 3391 1832 3450 nominatus
1877 3387 2188 3448 Corfinium

181 3468 478 3544 praesidio
506 3469 777 3548 tenebat,
814 3471 869 3529 in
903 3469 1185 3531 dicionem
1218 3472 1459 3531 redacto
1491 3480 1664 3551 atque
1695 3472 1949 3550 dimiss0,
1981 3490 2186 3531 secun-

186 3548 314 3609 dum
347 3553 633 3630 Superum
668 3572 827 3614 mare
862 3553 1221 3614 Brundisium
1252 3554 1530 3632 tetendit,
1577 3574 1694 3635 quo
1719 3556 1992 3618 consules
2020 3554 2184 3614 Pom-
