2700 4234
429 252 511 313 56
599 264 662 313 c·
693 263 995 313 smt’rom
1032 262 1291 323 mano.
1324 264 1421 311 nn
1449 264 1618 311 vrrs
1647 263 2018 313 causamur
2045 266 2186 313 ΗΒ.
2217 266 2294 314 11.

430 418 571 479 ditio
618 435 815 479 coram
862 416 1263 496 pugillarium,
1313 435 1462 495 quos
1503 420 1659 479 taciti
1700 427 1760 477 et
1799 417 2014 479 ibidem
2052 422 2242 479 statim
2275 419 2442 497 lege-

427 511 589 570 rent;
642 503 977 579 notavitque
1033 500 1291 579 aliquos,
1340 500 1498 579 quod
1544 503 1823 580 pecunias
1873 501 2194 563 levioribus
2249 506 2442 563 usuris

342 588 666 647 40mutuati
706 586 984 663 graviore
1024 584 1277 644 l'oenore
1308 584 1725 645 collocassent.
1803 584 1897 645 Ac
1927 588 2176 647 comitiis
2203 586 2441 646 tribuni-

431 672 537 731 ciis
566 672 615 729 si
646 669 923 730 deessent
952 666 1236 729 candidati
1268 677 1606 745 senatores,
1647 687 1726 728 ex
1763 667 2052 748 equitibus
2085 670 2160 731 R.
2197 672 2438 745 creavit,

428 756 509 815 ita
546 762 609 813 ut
649 761 943 833 potestate
986 760 1307 829 transacta,
1351 752 1410 811 in
1454 761 1584 813 utro
1618 752 1837 812 vellent
1886 751 2090 813 ordine
2120 761 2436 815 manerent.
2483 773 2510 813 ε

432 838 577 900 Cum
604 846 793 899 autem
822 837 1089 916 plerique
1121 837 1376 914 equitum
1415 839 1611 897 attrito
1654 835 1828 895 hellis
1872 836 2139 897 civilibus
2167 840 2437 917 patrimo-

432 926 529 984 nio
564 930 834 1001 spectare
865 918 1036 980 ludos
1077 938 1112 979 e
1150 920 1608 997 quattuordecim
1649 937 1764 979 non
1795 919 2072 981 auderent
2102 930 2256 981 metu
2294 938 2438 1000 poe-

430 1025 539 1069 nae
578 1005 909 1083 theatralis,
959 1006 1353 1084 pronuntiavit
1390 1022 1508 1064 non
1546 1006 1733 1065 teneri
1773 1022 1876 1082 ea,
1920 1004 2126 1083 quibus
2166 1005 2308 1084 ipsis
2339 1022 2439 1084 pa-

430 1088 767 1152 rentibusve
804 1096 1083 1166 equester
1113 1105 1322 1148 census
1354 1106 1618 1167 nmquam
1644 1088 1870 1147 fuisset.

558 1172 766 1253 Populi
808 1180 1115 1232 recensum
1159 1173 1394 1233 vicatim
1428 1174 1578 1250 egit,
1616 1189 1688 1233 ac
1727 1190 1800 1231 ne
1845 1170 2015 1251 plebs
2045 1173 2438 1232 frumentatio·
2462 1194 2510 1235 u

430 1276 563 1319 num
593 1275 767 1318 causa
795 1256 1157 1335 frequentius
1188 1255 1260 1315 ab
1300 1258 1556 1333 negotiis
1587 1264 1967 1334 avocaretur,
2016 1264 2107 1316 ter
2145 1258 2203 1316 in
2233 1274 2442 1316 annum

432 1351 767 1422 quaternum
796 1356 1055 1400 mensum
1083 1348 1342 1401 tesseras
1379 1339 1518 1401 dare
1557 1339 1894 1409 destinavit;
1939 1339 2046 1399 sed
2086 1339 2441 1401 desideranti

432 1423 906 1487 consuetudinem
930 1432 1191 1484 veterem
1221 1426 1756 1499 concessitrursus,
1787 1431 1848 1483 ut
1869 1425 1958 1483 sui
1984 1424 2261 1503 cuiusque
2283 1442 2440 1485 men·

430 1513 512 1571 sis
541 1511 859 1589 acciperet.
941 1506 1317 1569 comitiorum
1361 1525 1592 1587 quoque
1633 1509 1932 1586 pristinum
1972 1509 2058 1567 ius
2097 1508 2327 1567 reduxit
2369 1525 2444 1567 ac

430 1591 731 1674 multiplici
762 1609 954 1673 poena
988 1593 1252 1653 coercito
1296 1591 1540 1670 ambitu,
1583 1590 1854 1651 Fabianis
1900 1600 1959 1650 et
1999 1592 2439 1671 Scaptiensibus
2462 1611 2514 1653 ιε

432 1676 738 1739 tribulibus
776 1679 895 1737 suis
924 1676 1018 1737 die
1052 1678 1446 1753 comitiorum,
1489 1694 1562 1735 ne
1590 1675 1726 1754 quid
1755 1693 1788 1735 a
1817 1692 2106 1756 quoquam
2135 1676 2441 1737 candidato

418 1750 859 1839 desiderarent,
898 1759 1127 1837 singula
1154 1760 1309 1820 milia
1338 1776 1618 1820 nummum
1651 1778 1779 1830 ase
1811 1757 2122 1819 dividebat.

555 1845 751 1924 Magni
774 1854 1081 1923 praeterea
1104 1845 1436 1904 existimans
1469 1846 1758 1903 sincerum
1787 1852 1960 1922 atque
1989 1842 2061 1903 ah
2092 1842 2441 1904 omnicollu-

432 1930 606 1991 vione
658 1928 958 2008 peregrini
1009 1945 1081 1987 ac
1132 1928 1364 1988 servilis
1418 1928 1713 2005 sanguinis
1760 1929 2155 2007 incorruptum
2199 1944 2442 1987 servare

432 2011 739 2094 populum,
779 2020 839 2072 et
880 2012 1171 2072 civitatem
1209 2012 1526 2073 Romanam
1565 2012 1903 2091 parcissime
1947 2010 2103 2071 dedit
2149 2020 2208 2070 et
2247 2028 2442 2069 manu·
2462 2026 2520 2067 20

430 2097 687 2158 mittendi
716 2095 945 2169 modum
972 2097 1313 2156 terminavit.
1393 2095 1629 2155 Tiberio
1673 2113 1781 2176 pro
1828 2094 2035 2156 cliente
2065 2092 2291 2155 Graeco
2335 2112 2440 2173 pe-

431 2182 573 2242 tenti
623 2174 959 2259 rescripsit,
1013 2198 1129 2240 non
1183 2180 1350 2240 aliter
1400 2199 1466 2239 se
1509 2178 1798 2257 daturum,
1855 2196 2020 2259 quam
2061 2180 2112 2237 si
2153 2196 2442 2258 praesens

433 2264 543 2325 sibi
568 2264 991 2345 persuasisset,
1034 2282 1202 2343 quam
1226 2267 1406 2325 iustas
1433 2263 1670 2343 petendi
1711 2282 1915 2324 causas
1943 2262 2220 2331 haheret;
2261 2270 2322 2321 et
2351 2260 2442 2320 Li-

432 2350 561 2411 viae
605 2367 711 2428 pro
755 2348 1005 2428 quodam
1050 2348 1353 2409 tributario
1386 2345 1554 2408 Gallo
1599 2350 1830 2425 roganti
1862 2347 2152 2407 civitatem
2180 2346 2441 2423 negavit,

432 2434 835 2493 immunitatem
869 2430 1077 2511 optulit
1107 2432 1430 2508 affirmans,
1475 2430 1702 2492 facilius
1732 2449 1799 2490 se
1834 2448 2136 2510 passurum
2162 2431 2308 2490 fisco
2341 2429 2440 2489 de·
2460 2446 2516 2486 25

432 2516 579 2576 trahi
614 2515 858 2593 aliquid,
890 2532 1056 2593 quam
1090 2515 1337 2576 civitatis
1367 2516 1664 2577 Romanae
1692 2514 1918 2593 vulgari
1944 2514 2248 2576 honorem.
2305 2514 2442 2573 Ser-

434 2617 543 2659 vos
582 2616 699 2658 non
745 2606 1050 2658 contentus
1088 2599 1277 2658 multis
1316 2598 1747 2659 difficultatibus
1787 2618 1819 2658 a
1859 2598 2130 2659 libertate
2154 2606 2231 2665 ,et
2262 2597 2440 2658 multo

434 2681 693 2763 pluribus
722 2701 755 2744 a
784 2681 1052 2743 libertate
1083 2683 1229 2743 iusta
1258 2685 1612 2759 removisse,
1660 2700 1788 2743 cum
1815 2690 1875 2741 et
1901 2682 1975 2743 de
2011 2700 2249 2743 numero
2282 2691 2342 2742 et
2369 2680 2444 2740 de

435 2764 766 2827 conditione
804 2785 873 2829 ac
905 2763 1228 2828 differentia
1265 2784 1468 2829 eorum
1508 2768 1604 2845 qui
1645 2768 2173 2828 manumitterentur
2210 2766 2443 2826 curiose

434 2852 715 2929 cavisset,
762 2850 882 2911 hoc
925 2868 1158 2929 quoque
1201 2852 1442 2928 adiecit,
1495 2869 1570 2911 ne
1609 2851 1834 2910 vinctus
1872 2867 2136 2929 umquam
2177 2858 2515 2910 tortusveso

434 2935 561 3013 quis
589 2933 712 2995 ullo
744 2936 1030 2996 libertatis
1064 2951 1288 3011 genere
1319 2936 1608 2995 civitatem
1639 2935 2078 3014 adipisceretur.

556 3017 742 3079 Etiam
786 3017 1039 3078 habitum
1079 3021 1465 3097 vestitumque
1516 3018 1829 3097 pristinum'
1864 3018 2150 3079 reducere
2207 3016 2443 3095 studuit,

432 3120 503 3163 ac
534 3103 655 3163 visa
687 3101 971 3181 quondam
1002 3119 1111 3182 pro
1143 3104 1415 3162 contione
1449 3101 1797 3181 pullatorum
1826 3102 2024 3180 turba,
2067 3102 2444 3179 indignabun-

432 3184 536 3245 dus
571 3194 629 3244 et
661 3185 987 3247 clamitans:

556 3266 657 3329 En
697 3269 1053 3346 Romanos,
1102 3287 1311 3330 rerum
1354 3268 1666 3346 dominos,
1719 3276 2077 3349 gentemque
2120 3270 2442 3349 togatam!
2462 3280 2514 3322 35

431 3352 727 3428 negotium
756 3352 1037 3415 aedilibus
1066 3352 1253 3429 dedit,
1284 3372 1359 3413 ne
1389 3370 1558 3435 quem
1587 3353 1832 3432 posthac
1856 3362 2195 3433 paterentur
2221 3354 2280 3413 in
2307 3352 2443 3415 foro

436 3434 667 3495 circave
700 3436 811 3497 nisi
843 3437 1051 3515 positis
1078 3436 1331 3496 lacernis
1362 3445 1620 3514 togatum
1651 3438 1998 3499 consistere.

351 3522 419 3577 41
560 3516 989 3580 Liberalitatem
1026 3518 1289 3579 omnibus
1320 3519 1614 3583 ordinibus
1643 3539 1751 3600 per
1791 3521 2136 3583 occasiones
2168 3516 2446 3600 frequen-¹
