2700 4234
492 747 580 832 e.
646 749 1126 832 sUETom
1183 749 1865 838 TRANQUILLI

219 931 458 1032 DE
563 931 1068 1044 VITA,
1140 931 2167 1038 CAESARUM

1007 1123 1282 1188 LIBER
1330 1125 1411 1188 V.

695 1281 1042 1356 mvus
1110 1284 1686 1362 CLAUDIUS.

131 1672 160 1712 5
322 1632 548 1692 Patrem
605 1629 806 1692 Claudi
866 1630 1135 1694 Caesaris
1190 1631 1467 1710 Drusum,
1537 1633 1671 1693 olim
1720 1632 2039 1694 Decimum·
2066 1653 2249 1712 mox]

181 1715 484 1780 Neronem
518 1717 920 1795 praenomine,
975 1715 1171 1793 Livia,
1233 1734 1361 1776 cum
1390 1716 1657 1794 Augusto
1688 1717 1933 1794 gravida
1974 1722 2199 1799 nupsis-

179 1811 311 1878 set,
373 1803 522 1862 intra
569 1818 826 1861 mensem
871 1803 1100 1861 tertium
1154 1802 1419 1880 peperit,
1487 1801 1709 1881 fuitque
1768 1804 2059 1880 suspiciO,
2126 1825 2202 1870 ex

178 1885 394 1946 vitrico
420 1901 528 1963 per
557 1883 1330 1966 adulteriioconsuetudinem
1366 1895 1753 1965 procreatum.
1810 1885 2009 1946 Statim
2037 1899 2199 1950 certe

180 1969 458 2047 vulgatus
488 1977 580 2028 est
609 1986 844 2028 versus:

97 2084 158 2126 10
489 2059 502 2063 ’
603 2055 742 2124 Τοῖς
776 2042 1088 2129 εὐτυχοῦσι
1115 2049 1216 2112 καὶ
1252 2054 1507 2132 τρίμηνα
1536 2053 1761 2114 παιδία.

176 2140 240 2201 Is
272 2135 497 2198 Drusus
545 2137 605 2194 in
641 2145 986 2215 quaesturae
1039 2145 1461 2217 praeturaeque
1513 2138 1737 2197 honore
1785 2137 1900 2197 dux
1947 2140 2198 2219 Raetici,

177 2219 394 2285 deinde
455 2217 778 2281 Germanici
833 2219 975 2280 belli
1035 2219 1329 2280 Oceanum
1391 2221 1922 2299 septemtrionalem
1981 2225 2200 2301 primus

171 2310 574 2369 Romanorum
623 2303 828 2364 ducum
867 2305 1164 2382 navigavit
1206 2312 1483 2384 transque
1524 2303 1789 2365 Rhenum
1828 2305 2021 2366 fossas
2062 2310 2200 2367 novi

179 2401 238 2453 et
283 2389 548 2450 immensi
592 2389 791 2467 operis
835 2387 1068 2464 effecit,
1130 2406 1278 2468 quae
1333 2405 1485 2448 nune
1534 2386 1721 2448 adhuc
1769 2387 2052 2449 Drusinae
2096 2409 2199 2450 vo-

103 2496 154 2537 15
179 2483 411 2536 cantur.
497 2471 739 2532 Hostem
781 2473 953 2536 etiam
994 2472 1333 2550 frequenter
1375 2489 1607 2532 caesum
1654 2490 1725 2532 ac
1768 2474 1994 2551 penitus
2030 2474 2087 2533 in
2118 2476 2201 2534 in-

172 2562 354 2620 timas
409 2555 748 2617 solitudines
806 2565 996 2616 aetum
1047 2574 1164 2617 non
1221 2557 1383 2634 prius
1432 2555 1649 2615 destitit
1709 2557 1967 2636 insequi,
2030 2575 2199 2636 quam

45 2713 54 2720 ‚
170 2643 424 2722 species
454 2639 739 2701 barbarae
783 2639 1070 2716 mulieriS,
1132 2640 1374 2701 humana
1424 2640 1699 2719 amplior,
1758 2642 2043 2702 victorem
2077 2651 2198 2703 ten-

169 2728 325 2788 dere
359 2725 508 2785 ultra
542 2741 811 2784 sermone
845 2723 1046 2784 Latino
1080 2723 1493 2801 prohibuisset.
1558 2725 1716 2798 Quas
1751 2722 1826 2784 ob
1859 2743 1957 2784 res
1989 2725 2199 2785 ovandi

166 2815 266 2872 ius
319 2818 382 2870 et
419 2807 785 2887 triumphalia
830 2816 1163 2868 ornamenta
1206 2809 1496 2887 percepit;
1560 2825 1629 2866 ac
1680 2815 1817 2886 post
1873 2817 2199 2884 praeturam

89 2915 142 2955 20
165 2894 497 2957 confestim
521 2894 662 2953 inito
710 2891 1010 2952 consulatu
1043 2899 1210 2970 atque
1243 2891 1617 2971 expeditione
1647 2892 1930 2969 repetita,
1994 2909 2197 2970 supre-

159 2998 329 3040 mum
363 2977 518 3037 diem
563 2975 768 3036 morbo
803 2975 946 3036 obiit
985 2977 1043 3034 in
1075 2977 1326 3035 *aestivis
1359 2976 1599 3051 eastris,
1662 2993 1811 3055 quae
1844 2992 1921 3034 ex
1949 2990 2022 3033 eo
2057 2975 2196 3035 Sce-

159 3065 364 3124 lerata
399 3070 531 3121 sunt
572 3060 885 3140 appellata.
978 3056 1206 3138 Corpus
1247 3061 1370 3119 eius
1412 3076 1521 3138 per
1563 3059 2001 3136 municipiorum
2038 3057 2197 3118 colo·

159 3152 522 3226 uiarumque
568 3147 886 3225 primores,
946 3143 1396 3222 suscipientibus
1435 3141 1623 3202 obviis
1665 3140 1981 3202 scribarum
2022 3141 2195 3202 decu-

159 3236 287 3310 ris,
354 3231 430 3292 ad
468 3230 669 3291 urbem
710 3229 1017 3290 devectum
1063 3227 1466 3307 sepultumque
1503 3235 1595 3286 est
1634 3227 1693 3286 in
1729 3242 1934 3304 campo
1966 3225 2194 3287 Martio.

85 3332 137 3371 25
163 3316 461 3378 Ceterum
511 3316 806 3382 exercitus
849 3313 1218 3372 honorarium
1265 3313 1319 3371 ei
1360 3309 1631 3371 tumulum
1672 3311 1977 3386 excitavit,
2040 3311 2197 3370 cirea

161 3420 356 3479 quem
386 3401 671 3478 deinceps
699 3406 848 3458 stato
887 3397 979 3456 die
1010 3404 1150 3476 quot
1185 3397 1348 3456 annis
1393 3394 1559 3455 miles
1602 3393 1944 3454 decurreret
1985 3391 2195 3454 Gallia-

160 3504 422 3565 rumque
477 3485 744 3544 civitates
793 3480 1027 3562 publice
1082 3478 1499 3559 supplicarent.
1588 3477 1900 3538 Praeterea
1965 3485 2199 3536 senatus

161 3571 327 3629 inter
361 3570 478 3630 alia
509 3567 810 3646 complura
847 3578 1228 3626 marmoreum
1259 3581 1454 3624 arcum
1492 3581 1619 3623 cum
1653 3560 1915 3703 tropgiis
1946 3559 2041 3618 via
2075 3556 2195 3635 Ap-
