2700 4234
487 253 604 315 190
664 264 724 313 0.
752 261 1050 313 sun'rom
1087 258 1340 319 TRANQ.
1371 258 1469 307 ms
1497 257 1665 307 vrrs
1695 254 2063 304 cansarum
2092 254 2221 301 mn.
2248 251 2335 301 v1.

479 421 634 481 ullos
663 419 946 481 leniorem
978 433 1146 495 quam
1175 415 1270 493 qui
1299 432 1369 475 se
1398 412 1567 475 dictis
1596 420 1693 473 aut
1724 408 2073 471 carminibus
2100 406 2457 469 lacessissent

481 506 762 565 extitisse.
841 499 1020 563 Multa
1069 499 1296 561 Graece
1344 496 1661 576 Latineque
1715 495 2050 575 proscripta
2098 502 2193 554 aut
2240 491 2457 570 vulgata

481 597 643 665 sunt,
675 588 824 647 sicut
847 584 976 645 illa:

734 716 948 797 Νέρων
970 707 1240 799 Ὀρέστης
1263 708 1565 795 ’Λλκμέων
1594 703 2005 793 μητρόκτόνος.

733 845 1102 929 Νεόνυμφον
1130 849 1345 930 Νέρων
1373 849 1533 910 ἰδίαν
1561 845 1781 928 μητέρα
1808 837 2135 908 ἀπέκτεινε.
2469 865 2494 906 ⁸

648 989 786 1061 Quis
813 997 981 1063 negat
1007 990 1227 1045 Aeneae
1253 1003 1491 1061 magnae
1520 989 1590 1045 cle
1614 991 1788 1060 stirpe
1818 987 2137 1045 Neronem?

733 1074 966 1132 Sustulit
988 1074 1078 1129 hic
1107 1077 1365 1138 matrem,
1394 1074 1617 1129 sustulit
1638 1073 1729 1128 ille
1749 1076 1998 1143 patrem.

647 1210 794 1269 Dum
825 1209 990 1263 tendit
1018 1206 1291 1262 citharam
1325 1215 1514 1262 noster
1527 1248 1542 1275 ‚
1572 1206 1705 1262 dum
1735 1221 1955 1262 cornua
1982 1204 2243 1274 Parthus,
2334 1208 2339 1213 “

729 1292 929 1348 Noster
955 1294 1062 1345 erit
1083 1289 1281 1346 Paean
1295 1332 1310 1359 ‚
1338 1292 1430 1346 ille
1456 1290 1878 1347 Hecatebeletes.

647 1425 829 1482 Roma
856 1426 1049 1483 domus
1069 1426 1192 1497 fiet.-
1235 1424 1394 1482 Veios
1422 1427 1681 1499 miqrate,
1711 1422 1983 1495 Quirites,
2472 1432 2515 1474 ιο

734 1508 799 1566 Si
827 1526 940 1567 non
967 1516 1024 1567 et
1060 1508 1219 1565 Veios
1247 1516 1487 1582 occupat
1510 1512 1615 1567 ista
1646 1510 1858 1565 domus.

481 1640 600 1701 Sed
643 1658 833 1719 neque
867 1648 1138 1701 auctores
1175 1641 1441 1719 requisiit
1482 1648 1540 1699 et
1580 1639 1859 1718 quosdam
1909 1658 2021 1719 per
2056 1639 2294 1701 indicem
2319 1634 2455 1695 dela·

480 1735 574 1786 tos
619 1724 690 1785 ad
734 1732 992 1785 senatum
1033 1721 1203 1783 adfici
1243 1726 1521 1801 graviore
1562 1742 1751 1802 poena
1787 1724 2104 1803 prohibuit.
2164 1723 2456 1783 Transeun-

481 1819 596 1869 tem
624 1825 752 1867 eum
780 1806 1036 1867 Isidorus
1068 1804 1321 1882 Cynicus
1350 1810 1408 1867 in
1439 1807 1676 1886 publico
1722 1808 1878 1868 clara
1914 1802 2067 1869 voce
2100 1808 2456 1884 corripuerat,

481 1889 650 1971 quod
675 1887 916 1969 Naupli
946 1890 1118 1951 mala
1150 1890 1300 1951 bene
1328 1891 1693 1967 cantitaret,
1726 1909 1847 1951 sua
1878 1890 2051 1955 bona
2078 1892 2239 1953 male
2267 1889 2515 1965 dispo-1⁵

479 1979 652 2035 neret
667 1998 695 2044 ,·
728 1982 786 2071 et
814 1973 994 2071 Datus
1020 1973 1415 2035 Atellanarum
1447 1975 1651 2036 histrio
1684 1978 1740 2034 in
1774 1978 2007 2037 cantico
2045 1975 2287 2056 quodam
2306 1961 2458 2052 ‘Tyc-

481 2076 628 2119 αινε
661 2075 903 2139 wazso,
946 2056 1208 2137 υγίαινε
1239 2054 1482 2139 μῆτερ]
1525 2060 1601 2119 ita
1632 2059 2169 2138 demonstraverat,
2201 2068 2259 2119 ut
2284 2056 2459 2117 biben-

481 2153 596 2203 tem
624 2152 1028 2221 natantemque
1059 2143 1318 2219 faceret,
1356 2144 1569 2207 exitum
1598 2142 1827 2204 scilicet
1859 2143 2067 2207 Claudi
2095 2142 2458 2223 Agrippinae·

484 2244 595 2307 que
625 2228 994 2304 significans,
1036 2234 1096 2286 et
1136 2227 1195 2285 in
1237 2227 1550 2289 novissima
1582 2227 1841 2289 clausula
1874 2225 2084 2291 Orcus
2111 2227 2288 2290 vobis
2313 2225 2463 2287 ducit

477 2310 673 2391 pedes
711 2319 972 2371 senatum
1012 2319 1184 2387 gestu
1226 2320 1472 2373 notarat.
1556 2310 1908 2372 Histrionem
1961 2322 2023 2373 et
2075 2310 2515 2393 philosophum>

480 2395 640 2455 Nero
675 2392 815 2453 nihi}
851 2393 1094 2472 amplius
1128 2411 1298 2472 quam
1337 2394 1482 2455 urbe
1510 2395 1790 2475 Italiaque
1834 2400 2171 2475 summovit,
2214 2395 2308 2456 vel
2342 2411 2458 2453 con-

483 2485 702 2576 temptu
734 2479 918 2537 omnis
961 2478 1226 2539 infamiae
1269 2478 1365 2539 vel
1398 2498 1473 2539 ne
1503 2478 1738 2541 fatendo
1790 2480 2056 2542 dolorem
2108 2482 2352 2542 irritaret
2389 2477 2457 2535 in-

481 2578 674 2638 genia.

407 2653 469 2705 to
605 2642 805 2705 Talem
837 2644 1160 2724 principem
1191 2645 1369 2725 paulo
1400 2649 1583 2707 minus
1626 2646 2087 2727 quattuordecim
2129 2664 2306 2710 annos
2346 2660 2461 2723 per-

483 2745 694 2808 pessus
735 2737 1017 2789 terrarum
1059 2728 1219 2790 orbis
1261 2730 1489 2791 tandem
1536 2731 1821 2811 destituit,
1868 2734 2089 2794 initium
2136 2726 2518 2793 facientibusaes

484 2811 662 2875 Gallis
699 2812 844 2873 duce
871 2811 1017 2891 Iulio
1051 2813 1317 2891 Vindice,
1351 2816 1447 2894 qui
1481 2823 1597 2876 tum
1629 2833 1754 2877 eam
1786 2818 2145 2896 provinciam
2175 2832 2283 2895 pro
2314 2828 2462 2892 prae-

482 2907 612 2958 tore
643 2896 956 2976 optinebat.

604 2978 964 3042 Praedictum
1011 2999 1044 3042 a
1095 2980 1510 3044 mathematicis
1551 2982 1775 3044 Neroni
1816 2984 1952 3045 olim
1996 2993 2152 3062 erat,
2205 2982 2367 3055 fore,
2412 2983 2465 3034 ut

484 3065 830 3145 quandoque
882 3065 1315 3136 destitueretur;
1374 3066 1526 3127 unde
1577 3067 1677 3129 illa
1730 3085 1845 3129 vox
1894 3069 2020 3129 eius
2067 3064 2460 3129 celeberrima:

494 3132 584 3209 Τὸ
608 3140 870 3227 τέχνιον
899 3136 1072 3229 ἡμᾶς
1099 3144 1474 3229 διαθρέψει,
1494 3168 1624 3229 quo
1655 3154 1871 3213 maiore
1908 3152 2134 3212 scilicet
2165 3149 2332 3209 venia
2358 3160 2462 3205 mc·
2479 3155 2521 3196 ³⁰
2614 3166 2616 3173 ⁴

488 3232 760 3291 ditaretur
793 3234 1240 3295 citharoedicam
1272 3244 1488 3312 artem,
1538 3236 1786 3314 principi
1818 3236 1929 3296 sibi
1962 3244 2218 3313 gratam,
2254 3234 2463 3312 privato

486 3316 892 3375 necessariam.
948 3318 1399 3395 spoponderant
1430 3328 1618 3379 tamen
1659 3319 1885 3399 quidam
1929 3319 2200 3380 destituto
2232 3311 2464 3377 Orientis

488 3398 932 3460 dominationem
951 3446 969 3477 ,
1008 3402 1266 3462 nonnulli
1304 3404 1631 3464 nominatim
1656 3422 1899 3482 regnum
1925 3400 2463 3477 Hierosolymorum,

488 3482 688 3563 plures
731 3484 916 3543 omnis
957 3485 1232 3563 pristinae
1260 3486 1525 3547 fortunae
1555 3490 1994 3549 restitutionem.
2054 3484 2158 3547 Cui
2188 3485 2314 3563 spei
2343 3494 2462 3561 pro·
