2700 4234
629 339 670 406 l
961 284 1022 336 o.
1068 285 1440 338 cAmeuLA.
2084 286 2201 352 129

181 441 320 500 sine
347 439 573 516 iurgiis.
661 438 805 501 Nam
835 458 955 501 vox
997 442 1391 503 comminantis
1428 443 1616 504 audita
1656 436 1890 508 est:’'H
1918 439 1988 530 μ’
2030 439 2204 513 α’νοὶ-

186 511 346 602 ειρ’,
390 509 595 602 ἢέγῶ
634 519 741 585 σέ·
795 524 986 584 donec
1027 533 1335 602 exoratuS,
1388 534 1449 585 ut
1493 527 1819 606 referebat,
1866 541 1925 591 et
1963 535 2021 593 in
2065 551 2200 596 eon-

182 605 518 666 tubernium
577 606 732 667 ultro
801 609 1102 684 invitatu3‚
1183 627 1360 688 super
1420 611 1695 689 templum
1756 611 1890 674 Divi
1954 615 2204 695 Augusti

181 698 374 769 ponte
407 691 781 767 transmisso,
838 691 1115 753 Palatium
1144 691 1604 772 Capitoliumque
1658 697 1966 758 coniunxit.
2040 699 2202 779 Mox,

125 792 155 831 5
187 791 312 853 quo
362 775 606 853 propior
635 785 822 853 esset,
883 778 942 834 in
980 794 1115 837 area
1160 775 1485 855 Capitolina
1531 793 1719 840 novae
1761 778 1965 842 domus
2007 782 2203 846 funda-

175 866 386 918 menta
429 859 590 918 iecit.

320 941 626 1022 Agrippae
668 960 734 1001 se
769 951 1044 1020 nepotem
1085 961 1275 1022 neque
1323 943 1485 1003 credi
1528 961 1717 1023 neque
1762 945 1873 1008 dici
1920 948 1995 1007 ob
2036 951 2285 1026 igno-23

175 1026 471 1086 bilitatem
516 1028 642 1086 eius
681 1025 948 1104 volebat,
993 1027 1519 1106 suscensebatque‚
1575 1030 1625 1088 si
1666 1023 1767 1107 qui
1803 1031 1899 1090 vel
1940 1033 2200 1093 oratione

173 1109 288 1171 vel
333 1110 582 1172 carmine
627 1109 970 1190 imaginibus
1013 1129 1143 1171 eum
1185 1110 1499 1172 Caesarum
1539 1113 1882 1173 insererent.
1970 1115 2200 1176 Praedi-

89 1215 150 1257 ιο
179 1195 370 1255 cahat
408 1203 593 1255 autem
631 1204 870 1256 matrem
911 1213 1070 1257 suam
1109 1213 1183 1254 ex
1225 1196 1486 1273 incesto,
1532 1194 1686 1275 quod
1719 1196 2017 1275 Augustus
2073 1216 2200 1260 cum

171 1278 349 1340 Iulia
396 1278 511 1339 filia
569 1278 920 1358 admisisset,
984 1289 1382 1358 procreatam
1440 1297 1511 1340 ac
1568 1296 1683 1339 non
1740 1290 2041 1343 contentus
2090 1282 2200 1344 hac

175 1362 448 1439 Augusti
490 1363 905 1442 insectatione,
956 1363 1232 1424 Actiacas
1279 1363 1623 1442 Siculasque
1664 1365 1977 1442 victorias,
2023 1374 2083 1425 ut
2112 1366 2197 1426 fu·

174 1455 390 1507 nestas
431 1446 494 1506 P.
525 1448 596 1508 R.
640 1455 700 1506 et
747 1448 1148 1524 calamitosas,
1173 1477 1180 1480 ·
1207 1449 1389 1508 vetuit
1422 1447 1816 1508 sollemnibus
1841 1449 2002 1509 feriis
2042 1448 2196 1510 cele-

176 1531 367 1590 brari.
455 1529 670 1592 Liviam
704 1531 1026 1610 Augustam
1071 1532 1400 1610 proaviam,
1462 1531 1691 1592 Ulixem
1740 1531 2008 1592 stolatum
2040 1531 2195 1592 iden-

95 1628 156 1668 15
177 1614 366 1675 tidem
426 1614 765 1694 appellans,
841 1616 1009 1675 etiam
1064 1615 1443 1692 ignobilitatis
1506 1615 1748 1692 quadam
1808 1613 1878 1674 ad
1942 1623 2197 1675 senatum

177 1697 440 1776 epistula
500 1715 751 1774 arguere
813 1716 988 1759 ausus
1037 1707 1158 1774 est,
1212 1701 1377 1778 quasi
1430 1707 1693 1758 materno
1736 1714 1845 1758 avo
1888 1696 2200 1757 decurione

175 1780 466 1843 Fundano
499 1790 710 1852 ortam;
763 1800 889 1842 cum
933 1781 1182 1860 publicis
1217 1783 1598 1842 monumentis
1640 1789 1861 1842 eertum
1890 1782 1995 1857 sit,
2043 1779 2198 1840 Aufi-

181 1867 341 1926 dium
369 1864 690 1927 Lurconem
730 1866 951 1926 Romae
991 1865 1308 1927 honoribus
1350 1867 1624 1925 functum.
1684 1864 1872 1924 Aviae
1914 1862 2198 1924 Antoniae

183 1957 478 2010 secretum
510 1950 728 2028 petenti
761 1948 1104 2026 denegavit,
1156 1950 1265 2008 nisi
1296 1956 1357 2008 ut
1389 1949 1769 2009 interveniret
1792 1947 1993 2009 Macro
2027 1964 2195 2026 prae-

101 2053 158 2095 20
183 2034 420 2108 fectus,
483 2051 552 2093 ac
588 2049 698 2112 per
732 2033 896 2094 istius
936 2032 1089 2092 modi
1130 2032 1503 2110 indignitates
1544 2042 1603 2093 et
1650 2031 1841 2093 taedia
1886 2049 2059 2092 causa
2099 2047 2197 2090 ex·

183 2118 302 2178 titit
357 2118 593 2193 mortis,
653 2115 786 2177 dato
849 2124 1064 2193 tamen,
1129 2125 1192 2176 ut
1245 2115 1475 2194 quidam
1536 2123 1763 2194 putant,
1820 2123 1879 2174 et
1936 2129 2196 2182 venen03

179 2219 300 2261 nec
338 2200 649 2260 defunctae
696 2200 871 2260 ullum
929 2200 1206 2261 bonorem
1260 2199 1492 2275 habuit,
1555 2200 1977 2278 prospexitque
2023 2214 2058 2256 e
2103 2197 2199 2256 tri·

185 2285 366 2346 clinio
431 2283 728 2344 ardentem
792 2301 1018 2362 rogum.
1107 2282 1370 2344 Fratrem
1434 2281 1727 2343 Tiberium
1788 2281 2196 2360 inopinantem,

184 2377 436 2448 repente
483 2369 738 2428 immisso
779 2368 1008 2428 tribuno
1067 2367 1336 2444 militum,
1391 2366 1711 2433 interemit:
1771 2364 2022 2424 Silanum
2065 2363 2199 2421 item

99 2478 160 2517 25
186 2469 463 2513 socerum
501 2451 575 2512 ad
616 2469 822 2512 necem
869 2450 1270 2530 secandasque
1315 2449 1600 2510 novacula
1651 2450 1852 2510 fauces
1894 2444 2197 2526 compulit:

186 2544 458 2598 causatus
501 2537 558 2596 in
589 2544 868 2615 utroque,
933 2534 1088 2614 quod
1127 2534 1222 2595 hic
1266 2535 1593 2612 ingressum
1627 2551 1695 2594 se
1728 2532 2007 2593 turbatius
2039 2545 2199 2589 mare

183 2638 305 2680 non
333 2629 494 2680 esset
523 2628 757 2680 secutus
783 2638 856 2681 ac
886 2637 995 2698 spe
1027 2617 1353 2697 occupandi
1396 2617 1629 2695 urbem,
1690 2617 1741 2678 si
1781 2615 1919 2695 quid
1950 2613 2058 2673 sibi
2091 2628 2199 2690 per

182 2713 570 2782 tempestates
615 2703 942 2788 accideret,
986 2704 1388 2772 remansisset3
1442 2701 1547 2762 ille
1586 2699 1897 2762 antidotum
1940 2695 2195 2758 oboluis-

185 2796 311 2864 set,
371 2788 532 2867 quasi
578 2786 649 2848 ad
695 2786 1100 2866 praecavenda
1156 2803 1383 2847 venena
1433 2803 1536 2845 sua
1584 2791 1897 2862 sumptum
1961 2797 2087 2840 cum
2139 2785 2199 2838 et

103 2871 421 2937 soSilanus
479 2873 870 2950 inpatientiam
929 2884 1184 2931 nauseae
1238 2871 1482 2929 vitasset
1538 2876 1597 2927 et
1655 2864 1980 2927 molestiam
2040 2861 2195 2922 navi·

183 2954 392 3034 gandi,
453 2963 516 3016 et
542 2954 807 3015 Tiberius
855 2964 1102 3034 propter
1133 2952 1417 3014 assiduam
1448 2959 1509 3012 et
1548 2952 2053 3027 ingravescentem
2081 2952 2193 3003 tus-

184 3040 295 3098 sim
323 3038 743 3101 medicamento
783 3056 922 3099 usus
973 3045 1151 3098 esset.
1238 3035 1384 3096 Nam
1423 3032 1719 3096 Claudium
1750 3039 2013 3112 patruum
2053 3042 2193 3086 non·

184 3123 294 3182 nisi
332 3123 391 3182 in
426 3122 730 3183 ludibrium
758 3122 1101 3182 reservavit.

311 3205 457 3267 Cum
499 3206 761 3267 omnibus
808 3204 1110 3266 sororibus
1147 3206 1266 3264 suis
1309 3200 1783 3264 consuetudinem
1817 3193 1999 3275 stupri
2030 3192 2279 3268 fecit‚24

109 3310 166 3354 ss
185 3288 484 3370 plenoque
555 3291 828 3350 convivio
881 3289 1137 3366 singulas
1191 3287 1341 3348 infra
1400 3305 1466 3346 se
1524 3284 1775 3345 vicissim
1828 3276 2192 3377 conlocabat,

185 3390 373 3434 uxore
432 3392 608 3453 supra
668 3373 932 3435 cubante.
1021 3371 1113 3432 Ex
1173 3374 1244 3432 iis
1281 3370 1591 3431 Drusillam
1633 3368 1869 3428 vitiasse
1911 3363 2195 3440 virgmem

183 3465 588 3536 praetextatus
647 3457 832 3518 adhuc
894 3455 1149 3517 creditur
1195 3463 1367 3534 atque
1416 3455 1585 3514 etiam
1627 3453 1692 3530 in·
1724 3447 2029 3512 concubitu
2070 3443 2195 3504 eius

183 3542 475 3619 quondam
519 3541 921 3618 deprehensus
982 3539 1055 3601 ab
1099 3537 1349 3600 Antonia
1407 3537 1568 3615 avia,
1628 3533 1778 3614 apud
1822 3547 1989 3675 qgam
2030 3523 2195 3586 sim‘ul

283 3645 601 3686 susi-omns.
