2700 4234
847 355 857 363 ,
886 305 1099 353 mvns
1145 276 1526 356 AUGUSTUS·
2123 293 2206 357 67

202 461 459 523 necanda
511 458 875 520 deliberavit.
944 457 1121 519 Certe
1172 479 1300 520 cum
1347 459 1456 520 snb
1508 460 1657 521 idem
1711 469 1938 540 tempus
1979 480 2091 523 una
2131 481 2210 525 ex

208 546 455 608 consciis
482 544 694 604 liberta
720 541 959 603 Phoebe
990 544 1305 622 suspendio
1342 546 1516 604 vitam
1547 545 1786 621 finisset,
1813 544 2112 607 maluisse
2139 564 2210 607 se

204 632 279 690 ait
308 626 585 689 Phoebes
610 633 855 707 patrem
882 626 1101 705 fuisse.
1168 628 1495 705 Relegatae
1525 646 1688 687 usum
1717 630 1836 687 vini
1865 645 2206 711 omnemque

203 712 601 774 delicatiorem
628 712 838 771 cultum
867 710 1078 771 ademit
1105 729 1295 791 neque
1326 712 1470 771 adiri
1497 730 1530 770 a
1562 712 1834 789 quopiam
1863 712 2052 773 libero
2085 732 2206 773 ser-

159 815 183 852 5
204 813 377 872 vove,
404 796 515 855 nisi
546 814 612 854 se
645 795 933 872 consulto,
956 797 1235 873 permisit,
1264 804 1323 855 et
1350 798 1428 855 ita
1457 804 1520 855 nt
1549 797 1764 854 certior
1795 796 1984 873 fieret,
2013 814 2126 876 qua
2158 798 2208 855 is

205 887 419 956 aetate,
456 898 566 957 qua
602 887 849 955 statura,
890 895 1002 957 quo
1036 880 1241 940 colore
1272 888 1454 956 esset,
1493 881 1668 939 etiam
1697 878 1906 957 quihus
1942 884 2208 960 corporis

205 966 359 1025 notis
380 962 478 1025 rel
512 962 895 1023 cicatricibus.
942 962 1081 1022 Post
1110 964 1554 1041 quinquennium
1583 964 1809 1023 demum
1841 980 1917 1023 ex
1944 964 2129 1025 insula
2150 966 2210 1023 in

210 1049 597 1108 continentem
623 1044 1062 1124 lenioribusque
1088 1046 1259 1125 paulo
1292 1046 1728 1107 condicionibus
1746 1047 2036 1108 transtulit
2061 1065 2206 1106 eam.

206 1131 353 1193 Nam
396 1139 463 1189 ut
501 1131 731 1189 omnino
772 1137 1113 1206 revocaret,
1161 1131 1394 1189 exorari
1435 1130 1594 1189 nullo
1639 1130 1810 1189 modo
1845 1132 2064 1208 potuit,
2109 1130 2206 1189 de-

130 1235 189 1275 ιο
212 1214 477 1294 precanti
514 1232 695 1291 saepe
725 1212 787 1273 Ρ.
819 1213 891 1274 R.
938 1222 997 1271 et
1026 1215 1375 1292 pertinacius
1410 1215 1638 1274 instanti
1671 1214 1820 1273 tales
1848 1213 1998 1273 filias
2025 1214 2204 1273 tales-

210 1316 325 1379 que
374 1298 648 1375 coniuges
690 1314 800 1375 pro
834 1298 1105 1356 contione
1143 1298 1497 1375 inprecatus.
1557 1296 1651 1356 Ex
1685 1304 1876 1375 nepte
1894 1296 2038 1358 Iulia
2072 1305 2212 1375 post

210 1377 629 1443 damnationem
656 1380 869 1440 editum
897 1380 1170 1440 infantem
1202 1380 1485 1479 adgnosci
1516 1380 1710 1458 alique
1740 1382 1938 1441 vetuit.
1993 1381 2208 1459 Agrip-

211 1484 344 1544 pam
385 1463 558 1523 nihilo
587 1463 1073 1540 tractabiliorem,
1114 1464 1286 1522 immo
1316 1465 1376 1521 in
1405 1463 1532 1522 dies
1567 1466 1942 1523 amentiorem
1973 1466 2030 1523 in
2059 1465 2210 1523 insu-

209 1551 321 1609 lam
360 1549 775 1625 transportavit
819 1548 1120 1625 sepsitque
1159 1549 1401 1625 insuper
1449 1546 1707 1606 custodia
1733 1546 1990 1607 militum.
2047 1546 2213 1607 Cavit

134 1652 195 1692 ιε
214 1633 382 1693 etiam
410 1631 469 1689 S.
504 1629 571 1691 G.
602 1640 663 1691 ut
691 1631 898 1691 eodem
928 1630 1047 1690 loci
1084 1634 1143 1690 in
1190 1639 1534 1709 perpetuum
1577 1630 2000 1707 contineretur,
2038 1639 2212 1708 atque

214 1715 283 1775 ad
324 1732 549 1774 omnem
590 1722 649 1773 et
688 1716 813 1774 eius
854 1721 911 1773 et
938 1714 1205 1774 Iuliarum
1239 1714 1587 1774 mentionem
1619 1714 2042 1791 ingemiscens,
2077 1729 2210 1792 pro-

216 1799 461 1858 clamare
490 1798 659 1859 etiam
689 1797 948 1858 solebat:

280 1868 439 1941 Αἴθ·’
475 1870 726 1959 ὄφελον
756 1871 1007 1960 ἄγαμός
1033 1868 1085 1940 τ’
1119 1878 1345 1959 ἔμεναι
1379 1869 1624 1959 ἄγονός
1649 1868 1701 1939 τ’
1734 1868 2145 1941 ἄπολέσθαιὶ

213 1982 323 2025 nec
364 1964 533 2024 aliter
564 1981 669 2025 eos
700 1964 1036 2044 appellare,
1084 1981 1249 2042 quam
1278 1965 1384 2022 tris
1416 1965 1674 2023 vomicas
1709 1981 1779 2024 ac
1811 1966 1920 2024 tria
1952 1966 2213 2024 carcino-

140 2067 197 2109 20
219 2057 369 2109 mata
398 2066 517 2107 sua.

336 2130 637 2191 Amicitias
678 2148 867 2209 neque
910 2129 1087 2189 facile
1124 2129 1349 2189 admisit
1374 2140 1434 2189 et
1463 2132 1926 2191 constantissime
1955 2130 2211 2206 retinuit,
2231 2138 2300 2193 66

216 2232 331 2275 non
379 2222 592 2274 tantum
643 2215 885 2274 virtutes
930 2230 1001 2273 ac
1044 2206 1249 2273 merita
1296 2216 1574 2292 cuiusque
1618 2214 1791 2291 digne
1843 2216 2214 2291 prosecutum,

217 2296 321 2357 sed
358 2298 497 2357 vitia
541 2314 771 2395 quoque
810 2305 867 2358 et
908 2295 1153 2373 delicta,
1203 2296 1333 2355 dum
1369 2305 1526 2357 taxat
1564 2296 1824 2373 modica,
1874 2313 2214 2374 perpessus.

214 2379 420 2461 Neque
468 2381 617 2440 enim
654 2390 878 2441 temere
920 2399 997 2441 ex
1035 2382 1187 2439 omni
1227 2398 1465 2439 numero
1499 2382 1557 2439 in
1585 2380 1833 2441 amicitia
1863 2379 1988 2437 eius
2019 2378 2219 2439 afflicti

141 2478 198 2518 25
214 2464 581 2543 reperientur
614 2474 847 2542 praeter
876 2463 1267 2524 Salvidienum
1296 2463 1525 2539 Rufum,
1559 2480 1729 2543 quem
1757 2462 1829 2522 ad
1860 2462 2218 2522 consulatum

214 2566 415 2626 usque,
453 2556 512 2607 et
548 2546 879 2609 Cornelium
907 2547 1151 2623 Gallum,
1186 2565 1356 2625 quem
1385 2547 1456 2608 ad
1487 2546 1911 2625 praefecturam
1934 2545 2219 2625 Aegypti,

218 2650 293 2691 ex
341 2631 530 2690 infima
573 2638 874 2711 utrumque
920 2631 1149 2691 fortuna
1193 2639 1566 2709 provexerat.
1667 2630 1926 2705 Quorum
1978 2630 2220 2691 alterum

217 2732 315 2773 res
357 2730 541 2773 novas
584 2714 913 2775 molientem
956 2714 1325 2774 damnandum
1369 2715 1591 2774 senatui
1631 2712 1896 2789 tradidit,
1945 2713 2110 2773 alteri
2144 2714 2219 2772 oh

216 2798 500 2873 ingratum
528 2806 587 2856 et
616 2797 946 2858 malivolum
976 2800 1217 2857 animum
1252 2798 1424 2857 domo
1457 2807 1515 2857 et
1545 2797 1865 2877 provinciis
1898 2797 2014 2857 suis
2045 2798 2220 2856 inter-

144 2880 386 2959 aodixit.
474 2880 590 2941 Sed
620 2880 786 2942 Gallo
832 2898 1061 2959 quoque
1092 2890 1153 2940 et
1179 2890 1578 2943 accusatorum
1610 2880 2132 2940 denuntiationibus
2163 2888 2224 2939 et

218 2971 452 3022 senatus
491 2964 769 3023 consultis
796 2964 869 3025 ad
899 2982 1105 3024 necem
1139 2965 1452 3044 conpulso,
1495 2964 1750 3024 laudavit
1780 2962 2012 3041 quidem
2041 2964 2222 3041 pieta·

216 3056 331 3106 tem
371 3055 677 3125 tantopere
722 3066 829 3127 pro
872 3066 937 3107 se
974 3047 1421 3125 indignantium,
1467 3056 1724 3107 ceterum
1755 3055 1815 3105 et
1841 3045 2228 3106 inlacrimavit

216 3139 280 3189 et
322 3133 511 3189 vicem
555 3149 716 3191 snam
764 3140 1117 3209 conquestus
1157 3140 1278 3207 est,
1324 3129 1493 3210 quod
1528 3129 1656 3190 sibe·
1691 3129 1814 3191 soli
1849 3148 1974 3191 non
2015 3129 2230 3190 liceret

219 3213 469 3290 mois,
524 3221 824 3292 quatemus
874 3213 1087 3289 vellet,
1142 3213 1360 3274 irasci.
1456 3214 1688 3292 Reliqui
1742 3214 2000 3292 potentia
2052 3222 2228 3291 atque

146 3315 199 3356 35
223 3296 431 3375 opibus
455 3295 543 3357 ad
551 3298 721 3357 finem
743 3300 897 3357 vitae
922 3300 1011 3357 sui
1042 3298 1285 3375 quisque
1316 3296 1537 3357 ordinis
1565 3299 1864 3377 principes
1887 3296 2225 3372 floruerunt,

223 3397 549 3459 quanquam
598 3390 657 3439 et
708 3382 945 3441 offensis
998 3379 1538 3441 intervenientibus.
1647 3380 2018 3441 Desideravit
2077 3381 2229 3439 enim

218 3481 671 3563 nonnumquam,
716 3482 793 3523 ne
839 3463 909 3523 de
950 3462 1213 3563 pluri-bus
1246 3464 1539 3564 referam,
1583 3472 1642 3524 et
1670 3463 1748 3525 Μ.
1779 3463 2084 3543 Agrippae
2127 3481 2226 3541 pa-

213 3546 473 3609 tientiam
511 3555 573 3607 et
603 3546 959 3607 Maecenatis
994 3547 1461 3623 taciturnitatem,
1497 3564 1625 3607 cnm
1658 3548 1760 3607 ille
1791 3566 1868 3607 ex
1901 3546 2020 3606 levi
2047 3545 2227 3621 frigo-

1819 3630 1905 3687 5*
