2700 4234
539 300 1095 352 DEPERDITORUM
1133 299 1497 348 mmmmm
1542 298 1945 359 Remorum.
2120 287 2243 351 293

233 473 350 525 tum
381 459 539 521 nulla
571 467 738 519 antea
771 457 1105 534 cuiusquam
1142 453 1477 531 comoedia,
1512 456 1571 515 id
1614 464 1704 514 est
1734 465 1870 516 octo
1903 456 2057 516 milia
2088 474 2245 515 num·

233 564 487 615 morum;
543 552 864 623 propterea
914 557 1132 599 summa
1186 556 1420 617 quoque
1467 539 1631 599 titulo
1695 540 2021 601 ascribitur.
2102 538 2248 600 Nam

234 630 636 708 Adelphorum
678 625 1022 706 principium
1066 624 1260 684 Varro
1304 624 1477 683 etiam
1508 623 1767 702 praefert
1808 624 2095 703 principio
2126 622 2248 683 Me-

235 714 493 857 mugi-bn
542 796 796 856 obscura
836 792 986 853 fama
1028 798 1118 849 est
1158 790 1410 851 adiutum
1459 789 1794 851 Terentium
1835 793 1893 850 in
1936 792 2168 871 scriptis
2215 810 2249 853 a

235 881 435 943 Laelio
482 890 540 941 et
576 879 885 957 Scipione,
933 892 1177 953 eamque
1205 876 1334 953 ipse
1366 876 1522 935 auxit
1552 893 1857 953 numquam
1890 877 1999 935 nisi
2038 876 2252 937 leviter

235 967 494 1027 refutare
528 972 801 1039 conatus,
833 960 973 1019 utin
1005 958 1256 1037 prologo
1289 957 1724 1037 Adelphorum:

541 1066 690 1122 Nam
717 1064 864 1137 quod
891 1064 984 1118 isti
1014 1063 1201 1117 dicunt
1226 1062 1499 1130 malevoli,
1522 1061 1767 1117 homines
1794 1034 1997 1118 nobiies

540 1148 709 1206 Hunc
741 1148 1000 1203 adiutare
1024 1146 1353 1217 assidueque
1380 1161 1494 1200 una
1528 1146 1789 1214 scribere,

166 1243 220 1286 ιο
546 1231 706 1300 Quod
729 1233 810 1286 illi
835 1230 1176 1285 maledictum
1201 1228 1488 1285 vehemens
1519 1244 1639 1285 esse
1668 1231 2009 1284 existimant.-

540 1318 686 1373 Eam
712 1316 930 1371 laudem
962 1314 1052 1369 hic
1084 1314 1235 1368 ducit
1259 1316 1593 1383 maximam,
1628 1329 1754 1369 cum
1784 1315 1891 1369 illis
1912 1314 2103 1385 placet
2179 1331 2185 1337 ·

544 1400 652 1467 Qui
673 1400 821 1455 vobis
847 1399 1119 1455 universis
1147 1403 1200 1452 et
1213 1398 1426 1469 populo
1455 1399 1701 1468 placent,

543 1481 786 1550 Quorum
815 1497 987 1554 opera
1015 1484 1073 1536 in
1101 1480 1267 1550 bello,
1295 1484 1354 1537 in
1378 1484 1510 1551 otio,
1543 1484 1601 1536 in
1629 1483 1837 1553 nepotio

545 1566 656 1624 Suo
683 1569 914 1640 quisque
944 1566 1234 1637 [tempore]
1268 1580 1406 1621 usus
1432 1570 1516 1621 est
1536 1566 1659 1620 tsine
1688 1564 1974 1636 superbia.

170 1660 482 1724 ¹⁵V1detur
512 1669 701 1721 autem
729 1677 796 1719 se
826 1659 1013 1719 levius
1043 1658 1418 1735 defendisse,
1451 1660 1583 1737 quia
1619 1657 1847 1717 sciebat
1878 1656 2160 1716 etLaelio
2195 1666 2254 1716 et

245 1746 504 1824 Scipioni
564 1761 680 1804 non
727 1746 1006 1821 ingratam
1061 1760 1195 1803 esse
1244 1742 1392 1802 hanc
1441 1744 1800 1821 opinionem
1862 1758 2011 1839 quae
2062 1750 2253 1801 tamen

245 1831 431 1929 magis
463 1838 520 1887 et
561 1847 743 1906 usque
788 1828 859 1888 ad
898 1828 1230 1907 posteriora
1259 1836 1523 1905 tempora
1553 1826 1753 1885 valuit.
1835 1810 1931 1883 C.
1952 1822 2252 1884 Memmius

245 1917 303 1973 in
327 1914 590 1972 oratione
621 1928 729 1989 pro
766 1929 830 1970 se
861 1914 967 1971 ait.
1027 1909 1096 1970 P.
1123 1909 1502 1989 Africanae,
1553 1909 1661 1989 qui
1700 1927 1743 1969 a
1789 1908 2073 1971 Terentio
2106 1927 2249 1987 per-

246 2014 464 2059 sonam
501 2001 837 2070 mutuatus,
881 2012 1040 2075 quae
1072 1994 1281 2056 domui
1310 1995 1553 2055 luserat
1583 1994 1752 2072 ipse,
1806 1994 2050 2055 nomine
2079 1993 2254 2054 illius

169 2094 225 2137 2⁰
239 2084 306 2143 in
339 2096 588 2141 scenam
620 2079 849 2140 detulit.
922 2079 1126 2157 Nepos
1157 2088 1397 2138 auctore
1432 2087 1595 2138 certo
1632 2081 1995 2156 comperisse
2037 2096 2104 2137 se
2150 2080 2249 2153 ait,

244 2163 312 2225 C.
346 2163 600 2224 Laelium
642 2164 927 2243 quondam
969 2165 1026 2222 in
1068 2162 1388 2224 Puteolano
1420 2161 1514 2222 Kl.
1548 2160 1767 2222 Martiis
1801 2162 2145 2222 admonitum
2179 2160 2251 2221 ab

243 2264 426 2309 uxore
455 2248 774 2325 temperius
805 2255 865 2306 ut
897 2245 1291 2306 discumberet
1322 2248 1542 2325 petisse
1576 2246 1648 2305 ab
1683 2264 1751 2305 ea
1798 2264 1870 2304 ne
1917 2245 2251 2325 interpella-

239 2340 364 2406 ret,
405 2348 662 2409 seroque
691 2331 924 2390 tandem
954 2332 1279 2406 ingressum
1307 2331 1614 2390 triclinIum
1646 2330 1886 2406 dixisse,
1922 2346 2036 2389 non
2070 2346 2253 2406 saepe

241 2417 300 2473 in
327 2413 641 2475 scribendo
672 2415 855 2491 magis
885 2413 996 2473 sibi
1031 2416 1429 2484 successisse;
1476 2414 1685 2475 deinde
1713 2423 1977 2493 rogatum
2016 2422 2077 2472 ut
2108 2415 2251 2472 scri·

165 2507 342 2577 apta
387 2497 488 2557 illa
529 2497 827 2575 proferret
865 2500 1269 2576 pronuntiasse
1311 2516 1518 2557 versus
1564 2500 1823 2577 quisunt
1871 2500 1929 2559 in
1958 2498 2251 2558 Heauton-

240 2582 654 2641 timorumeno:

370 2684 519 2742 Satis
533 2687 640 2757 pol
652 2692 918 2758 proterve
945 2701 1032 2743 me
1063 2685 1201 2760 Syri
1211 2689 1497 2759 promissa
1526 2686 1637 2743 huc
1665 2687 2027 2743 induxerunt.

240 2784 447 2842 Santra
490 2781 822 2842 Terentium
867 2784 1190 2859 existimat,
1236 2786 1285 2842 si
1329 2786 1501 2846 modo
1544 2785 1601 2843 in
1632 2782 1946 2842 scribendo
1976 2783 2249 2843 adiutori·

239 2866 350 2925 bus
385 2865 730 2942 indiguerit,
761 2883 878 2925 non
912 2876 1025 2926 tam
1056 2868 1333 2945 Scipione
1368 2877 1426 2927 et
1453 2867 1654 2928 Laelio
1686 2868 1768 2926 uti
1805 2868 2102 2943 potuisse,
2156 2869 2253 2944 qui

165 2957 376 3009 aotunc
407 2949 829 3010 adulescentuli
857 2950 1120 3026 fuerunt,
1155 2970 1322 3029 quam
1368 2949 1433 3011 C.
1468 2952 1731 3028 Sulpicio
1769 2949 1973 3024 Gallo,
2020 2950 2252 3009 homine

234 3032 412 3094 docto
447 3040 507 3093 et
539 3036 700 3093 cuius
732 3034 1132 3095 consularibus
1165 3033 1314 3095 ludis
1343 3037 1560 3095 initium
1588 3034 1909 3096 fabularum
1939 3034 2252 3094 dandarum

234 3116 476 3195 fecerit,
505 3116 604 3176 vel
634 3115 706 3190 Q.
712 3116 895 3177 Fabio
927 3118 1201 3179 Labeone
1236 3128 1295 3179 et
1322 3117 1399 3179 M.
1431 3119 1718 3198 Popillio,
1769 3118 2061 3179 consulari
2092 3126 2251 3178 utro-

237 3217 350 3279 que
379 3216 450 3259 ac
493 3209 700 3280 poeta3
751 3201 886 3262 ideo
934 3204 1121 3281 ipsum
1150 3220 1266 3263 non
1297 3205 1537 3264 iuvenes
1570 3204 1882 3281 designare
1916 3204 2013 3281 qui
2057 3220 2123 3261 se
2152 3202 2250 3263 ad·

233 3284 435 3343 iuvare
467 3284 760 3361 dicantur,
791 3285 896 3346 sed
929 3287 1088 3347 viros
1119 3305 1378 3367 quorum
1413 3304 1669 3366 operam
1712 3286 1864 3348 etin
1904 3285 2065 3348 bello
2098 3293 2158 3348 et
2187 3286 2255 3348 in

164 3380 216 3422 ³5
237 3367 364 3429 otio
401 3372 463 3427 et
484 3366 552 3428 in
579 3369 822 3447 neyotio
853 3370 1105 3449 populus
1136 3372 1212 3430 sit
1241 3380 1541 3450 expertus.

361 3466 504 3527 Post
535 3469 720 3529 editas
753 3471 1090 3531 comoedias
1121 3471 1373 3530 nondum
1410 3471 1665 3548 quintum
1700 3478 1877 3550 atque
1914 3470 2252 3529 vicesimum

236 3568 516 3629 egressus
573 3571 814 3632 annum,
877 3572 1052 3615 causa
1108 3554 1377 3614 vitandae
1438 3554 1729 3634 opinionis
1781 3570 1893 3635 qua
1946 3550 2253 3611 videbatur
