2700 4234
429 277 989 329 DEPERDITORUM
1030 280 1399 330 LIBRORUM
1439 281 1842 342 RELIQUIAE.
2054 252 2180 336 303

154 433 462 514 puellus
495 432 713 512 puella.
769 427 1025 494 Lucilius
1055 435 1111 494 in
1138 433 1250 496 XI:
1313 433 1472 495 Inde
1503 437 1669 496 venit
1706 436 1969 499 Romam
2009 443 2181 500 tener

152 519 293 598 ipse
321 517 508 578 etiam
535 523 722 597 atque
744 516 1012 594 puellus.
1078 515 1372 578 Caecilius
1400 521 1458 578 in
1489 517 1755 582 Umbris:
1812 519 1946 602 Aqe
1979 539 2115 602 aye,
2153 523 2181 584 i

145 620 380 681 puers,
414 601 538 662 due
562 618 659 660 me
691 599 780 660 ad
799 602 1052 678 patrios
1075 602 1232 679 fines
1261 603 1627 664 decoratum
1655 605 1939 684 opipare.
2005 605 2175 666 Aira-

150 688 280 746 nius
310 687 372 744 in
400 683 708 746 lucendio:
771 681 822 744 Ο
845 702 1048 764 puere
1069 704 1300 763 maere,
1331 687 1467 747 sine
1490 688 1861 766 prospicere
1885 707 1981 748 me
2007 689 2173 750 mihi.

105 790 127 828 5
152 771 393 830 Plautus
431 769 490 828 in
529 765 862 830 Leuouibus
909 771 1187 846 geminis:
1249 769 1435 832 Dolet
1476 771 1579 832 hic
1615 772 1861 849 puellus
1901 789 2041 832 sese
2071 791 2173 834 ve-

147 873 294 914 num
337 851 575 914 ducier.
659 850 910 912 Lucilius
953 853 1010 912 in
1057 851 1200 914 1111.-
1271 851 1540 933 Cumque
1579 854 1682 916 ht'c
1710 864 1835 917 tam
1857 856 2177 936 formosus

149 938 332 998 homo
365 953 445 997 ac
471 943 530 997 te
558 935 778 1014 diqnus
804 935 1072 1015 puellus,
1135 936 1331 998 Livius
1361 939 1417 997 in
1442 937 1719 1014 Odyssia:
1751 939 1993 1003 Sancta
2012 958 2178 1019 puer

150 1021 423 1082 Saturni
444 1019 582 1098 filia
611 1017 852 1098 reqina.
910 1018 1166 1080 Naevius
1202 1022 1259 1080 in
1287 1020 1358 1082 ΙΙ.
1392 1021 1535 1082 belli
1574 1023 1798 1084 Punici:
1842 1024 2057 1085 Prima
2085 1025 2172 1085 in-

153 1105 320 1166 cedit
360 1101 610 1164 Cereris
648 1103 1034 1182 Proserpina
1061 1123 1242 1185 puer.
1305 1107 1499 1166 Varro
1546 1108 1603 1166 in
1648 1117 1840 1168 satura
1890 1126 2039 1185 quae
2091 1110 2173 1168 in-

89 1211 134 1251 10
151 1177 689 1257 scribitur’HZZos
733 1168 932 1259 οὗτος
967 1176 1320 1269 Ἡρακλῆςε
1380 1189 1786 1271 Gravidaque
1825 1198 2025 1252 mater
2061 1209 2166 1271 pe·

52 1271 55 1346 ᾗ
146 1272 323 1350 perit
357 1268 500 1330 Iovi
520 1270 811 1348 puellum.
879 1270 1248 1334 Priscianus
1280 1282 1338 1349 6,
1371 1282 1430 1351 8,
1460 1283 1555 1334 41.
1592 1283 1691 1336 42.
1733 1293 1803 1354 p.
1843 1284 1955 1337 697
1983 1274 2051 1336 P.
2088 1274 2170 1354 cf.

52 1351 55 1362 '
151 1372 360 1434 supra
388 1372 456 1433 p.
491 1362 620 1427 122,
653 1362 710 1415 8.

289 1429 386 1499 Τὸ
415 1433 552 1498 τῶν
577 1436 795 1516 ἔργων
827 1438 1169 1518 ausimo»,
1229 1428 1357 1500 οὐκ
1388 1427 1468 1502 ὂν
1495 1429 1605 1501 ἀπ’
1637 1431 1873 1521 ἀρχῆς,
1944 1432 1981 1504 ὁ
2024 1433 2175 1502 Αὕ-

151 1533 447 1602 γουστος
489 1516 876 1625 πςοςένειμε
912 1520 993 1605 τῇ
1037 1511 1240 1604 ἀρχῇ,
1282 1513 1409 1604 τὴν
1439 1519 1513 1585 ἐν
1540 1521 1620 1606 τῇ
1652 1513 1869 1607 Ῥοίμῃ
1906 1526 2175 1607 βασιλι-

91 1627 136 1666 15
153 1597 286 1687 κὴν
319 1595 725 1685 civ-systema),
774 1593 864 1678 ὥς
895 1594 932 1666 ὁ
976 1603 1408 1686 Τράγκυλλος
1438 1601 1578 1669 εἷπε
1611 1607 1991 1689 φιλολόγος.
2066 1610 2168 1672 Io-

155 1709 356 1751 annes
367 1687 745 1750 Laurentius
755 1686 967 1769 Lydus
995 1691 1073 1751 de
1098 1693 1449 1770 maqistrat.
1481 1691 1659 1753 Rom.
1693 1701 1743 1769 1,
1760 1702 1858 1756 34.
1896 1694 1975 1773 cf.
1998 1693 2169 1756 Prel-

153 1776 246 1836 ler
276 1774 358 1835 de
383 1770 744 1854 reqionibus
760 1791 830 1852 p.
870 1782 1028 1844 140‚·
1056 1776 1182 1836 nisi
1202 1774 1373 1853 forte
1400 1774 1596 1836 verba
1631 1795 1832 1856 supra
1867 1797 1933 1857 p.
1968 1788 2063 1854 55,
2103 1787 2174 1839 11

151 1859 399 1937 scripta
429 1861 674 1935 spectat
711 1855 1218 1920 intricatissimus
1249 1861 1442 1920 loeus.

282 1939 442 2002 xw.
501 1938 704 2017 Longe
733 1939 1200 2002 iucundissimum
1230 1960 1438 2022 poema
1470 1989 1483 2002 .
1516 1990 1531 2004 .
1565 1990 1578 2004 .
1614 1946 1687 2006 de
1724 1945 1971 2006 tribus
1999 1946 2169 2007 Sue·
2240 1943 2245 1949 ⁴

89 2027 346 2086 zotonii
380 2023 602 2086 libris
639 2040 788 2101 quos
817 2025 920 2084 ille
951 2025 1038 2085 de
1069 2026 1405 2105 Regibus
1434 2028 1591 2088 dedit
1622 2029 1677 2089 in
1702 2031 1997 2108 epitomen
2033 2047 2169 2090 coe-

153 2111 292 2187 gisti
326 2155 340 2168 .
381 2155 397 2169 .
440 2153 454 2166 .
481 2106 544 2167 In
573 2107 664 2167 his
701 2108 970 2168 versibus
1009 2127 1122 2188 ego
1150 2113 1258 2171 ista
1294 2112 1577 2189 cognovi:

459 2197 858 2270 Europamque
881 2197 1180 2270 Asiamque
1193 2241 1207 2266 ,
1239 2201 1346 2256 duo
1370 2203 1458 2257 vel
1481 2202 1730 2256 maa-ima
1759 2206 1949 2255 terrae

461 2278 714 2335 Membra
728 2323 742 2348 ,
779 2281 972 2354 quibus
997 2281 1225 2355 Libyam
1254 2284 1412 2338 dubie
1439 2283 1731 2339 Sallustius
1757 2283 1911 2339 addit

462 2363 733 2435 Europae
765 2365 1081 2421 adiunctam
1098 2409 1112 2435 ,
1132 2370 1316 2439 possit
1347 2383 1471 2422 eum
1504 2369 1666 2423 tertia
1694 2367 1819 2437 dici,

87 2459 134 2500 25
463 2445 748 2520 Reqnatas
771 2450 976 2511 multis,
1011 2465 1148 2522 quos
1173 2451 1338 2524 fama
1368 2451 1636 2508 oblitterat
1665 2455 1719 2506 et
1747 2466 1884 2524 quos

439 2530 732 2586 ·Barl›ara
769 2530 1062 2588 Romanae
1088 2551 1200 2590 non
1228 2535 1458 2591 tradunt
1480 2537 1701 2592 nomina
1737 2537 1983 2609 linquae.-

461 2613 759 2671 Illibanum
780 2615 1182 2690 Numidamque
1199 2619 1431 2688 Avelim,
1457 2619 1837 2692 Parthumque
1877 2619 2167 2678 Vononem·

462 2698 540 2754 Et
567 2699 849 2756 Caranum
875 2699 1103 2756 Pellaea
1135 2703 1282 2758 dedit
1305 2707 1407 2774 qui
1432 2706 1655 2760 nomina
1685 2718 1895 2775 regum,

463 2780 672 2856 Quique
692 2799 880 2856 maqos
907 2785 1090 2842 docuit
1113 2789 1373 2858 mysteria
1399 2805 1545 2843 vana
1572 2786 1917 2858 Nechepsu8‚

88 2870 136 2923 zo
461 2865 539 2921 Et
560 2868 661 2938 qui
681 2869 933 2939 reynavit
958 2871 1075 2925 sine
1102 2873 1320 2926 nomine
1350 2886 1483 2926 mox
1517 2869 1836 2926 Sesoostraes.

977 2952 1253 3010 Ausonius
1282 2957 1361 3010 ad
1383 2954 1699 3025 Paulinum,
1725 2955 1879 3025 epist.
1914 2953 1999 3010 19.

279 3025 408 3087 XV.
475 3030 789 3090 Suetonius
816 3028 1184 3112 Tranquillus
1227 3033 1312 3094 de
1341 3033 1441 3094 Re
1462 3033 1497 3094 b
1516 3052 1595 3094 us
1632 3033 1867 3094 variis
1913 3031 2165 3110 Praepo-

152 3110 421 3189 sitioneS‚
456 3112 658 3192 inquit,
684 3131 887 3175 omues
920 3117 1148 3175 omnino
1182 3128 1312 3177 sunt
1328 3116 1556 3179 Graece
1586 3116 2004 3195 duodeviginti,
2037 3117 2167 3196 (qui

152 3193 432 3254 numerus
478 3197 628 3256 iuter
673 3215 873 3258 omnes
918 3200 1154 3259 criticos
1198 3205 1604 3278 grammaticos
1647 3193 1919 3280 profecto
1953 3217 2166 3262 conve·
2220 3249 2247 3259 -

84 3283 132 3325 ³⁵
154 3278 270 3357 nit)
304 3287 534 3340 nostras
557 3299 701 3342 vero
735 3300 872 3342 esse
903 3281 1040 3343 bas:
1073 3284 1166 3363 ab,
1197 3284 1291 3359 ad,
1324 3295 1579 3364 praeter,
1609 3303 1740 3364 pro,
1773 3303 1939 3364 prae,
1955 3303 2166 3365 prope,

149 3360 245 3436 in,
282 3379 390 3438 ex,
424 3355 568 3440 sub',
603 3384 812 3445 super,
845 3365 1065 3427 subter.
1153 3365 1351 3429 Iulius
1386 3369 1708 3430 Romanus
1740 3368 1914 3448 apud
1943 3367 2163 3431 Chari-

151 3442 316 3505 sium
337 3463 406 3524 p.
442 3455 557 3508 210
584 3447 653 3509 P.

283 3527 690 3593 Praeverbium
733 3552 807 3594 au
855 3533 1192 3594 adverbium
1231 3533 1342 3596 dici
1390 3533 1671 3615 debeat?l
1739 3537 2049 3598 Suetonius
2083 3544 2165 3596 et·
