<?xml version="1.0" encoding="UTF-8"?>
<!DOCTYPE html PUBLIC "-//W3C//DTD XHTML 1.0 Transitional//EN"
    "http://www.w3.org/TR/xhtml1/DTD/xhtml1-transitional.dtd">
<html xmlns="http://www.w3.org/1999/xhtml" xml:lang="en" lang="en">
 <head>
  <title>
</title>
<meta http-equiv="Content-Type" content="text/html;charset=utf-8" />
  <meta name='ocr-system' content='tesseract 3.04.00' />
  <meta name='ocr-capabilities' content='ocr_page ocr_carea ocr_par ocr_line ocrx_word'/>
</head>
<body>
  <div class='ocr_page' id='page_1' title='image "./csuetonitranqui05rothgoog_0160.png"; bbox 0 0 2700 4234; ppageno 0'>
   <div class='ocr_carea' id='block_1_1' title="bbox 473 277 2394 349">
    <p class='ocr_par' dir='ltr' id='par_1_1' title="bbox 473 277 2394 349">
     <span class='ocr_line' id='line_1_1' title="bbox 473 277 2394 349; baseline -0.001 -9"><span class='ocrx_word' id='word_1_1' title='bbox 473 281 554 342; x_wconf 83' lang='lat'><strong>50</strong></span> <span class='ocrx_word' id='word_1_2' title='bbox 647 290 707 339; x_wconf 85' lang='lat' dir='ltr'><strong>c.</strong></span> <span class='ocrx_word' id='word_1_3' title='bbox 741 289 1040 338; x_wconf 68' lang='lat' dir='ltr'><strong>smi&#39;rom</strong></span> <span class='ocrx_word' id='word_1_4' title='bbox 1071 288 1326 349; x_wconf 76' lang='lat' dir='ltr'><strong>TRANQ.</strong></span> <span class='ocrx_word' id='word_1_5' title='bbox 1361 289 1458 336; x_wconf 79' lang='lat' dir='ltr'><strong>m:</strong></span> <span class='ocrx_word' id='word_1_6' title='bbox 1485 288 1653 336; x_wconf 77' lang='lat' dir='ltr'><strong>VITA</strong></span> <span class='ocrx_word' id='word_1_7' title='bbox 1686 287 2056 336; x_wconf 76' lang='lat' dir='ltr'><strong>cAEsAmm</strong></span> <span class='ocrx_word' id='word_1_8' title='bbox 2087 280 2225 337; x_wconf 78' lang='lat' dir='ltr'><strong>Lm.</strong></span> <span class='ocrx_word' id='word_1_9' title='bbox 2256 291 2331 338; x_wconf 91' lang='lat'><strong>11.</strong></span> <span class='ocrx_word' id='word_1_10' title='bbox 2376 277 2394 282; x_wconf 76' lang='grc'><em>”</em></span> 
     </span>
    </p>
   </div>
   <div class='ocr_carea' id='block_1_2' title="bbox 337 441 2633 3669">
    <p class='ocr_par' dir='ltr' id='par_1_2' title="bbox 337 441 2633 3639">
     <span class='ocr_line' id='line_1_2' title="bbox 471 441 2490 524; baseline 0 -18"><span class='ocrx_word' id='word_1_11' title='bbox 471 446 656 524; x_wconf 86' lang='lat' dir='ltr'><strong>tiplici</strong></span> <span class='ocrx_word' id='word_1_12' title='bbox 688 445 956 522; x_wconf 80' lang='lat' dir='ltr'><strong>flagravit</strong></span> <span class='ocrx_word' id='word_1_13' title='bbox 995 443 1228 504; x_wconf 82' lang='lat' dir='ltr'><strong>invidia.</strong></span> <span class='ocrx_word' id='word_1_14' title='bbox 1311 441 1459 503; x_wconf 90' lang='lat' dir='ltr'><strong>Nam</strong></span> <span class='ocrx_word' id='word_1_15' title='bbox 1504 453 1563 504; x_wconf 89' lang='lat' dir='ltr'><strong>et</strong></span> <span class='ocrx_word' id='word_1_16' title='bbox 1590 443 1875 504; x_wconf 90' lang='lat' dir='ltr'><strong>Pinarium</strong></span> <span class='ocrx_word' id='word_1_17' title='bbox 1920 445 2176 522; x_wconf 82' lang='lat' dir='ltr'><strong>equitem</strong></span> <span class='ocrx_word' id='word_1_18' title='bbox 2209 445 2281 506; x_wconf 86' lang='lat' dir='ltr'><strong>R.</strong></span> <span class='ocrx_word' id='word_1_19' title='bbox 2336 463 2490 523; x_wconf 85' lang='lat' dir='ltr'><strong>cum,</strong></span> 
     </span>
     <span class='ocr_line' id='line_1_3' title="bbox 473 527 2489 607; baseline 0 -17"><span class='ocrx_word' id='word_1_20' title='bbox 473 529 843 590; x_wconf 85' lang='lat' dir='ltr'><strong>contionante</strong></span> <span class='ocrx_word' id='word_1_21' title='bbox 871 546 936 588; x_wconf 92' lang='lat' dir='ltr'><strong>se</strong></span> <span class='ocrx_word' id='word_1_22' title='bbox 961 528 1210 588; x_wconf 89' lang='lat' dir='ltr'><strong>admissa</strong></span> <span class='ocrx_word' id='word_1_23' title='bbox 1235 527 1400 587; x_wconf 86' lang='lat' dir='ltr'><strong>turba</strong></span> <span class='ocrx_word' id='word_1_24' title='bbox 1427 544 1805 606; x_wconf 84' lang='lat' dir='ltr'><strong>paganorum,</strong></span> <span class='ocrx_word' id='word_1_25' title='bbox 1831 527 1985 607; x_wconf 88' lang='lat' dir='ltr'><strong>apud</strong></span> <span class='ocrx_word' id='word_1_26' title='bbox 2004 527 2213 588; x_wconf 82' lang='lat' dir='ltr'><strong>milites</strong></span> <span class='ocrx_word' id='word_1_27' title='bbox 2233 528 2489 591; x_wconf 86' lang='lat' dir='ltr'><strong>subscri·</strong></span> 
     </span>
     <span class='ocr_line' id='line_1_4' title="bbox 469 611 2492 691; baseline 0.001 -19"><span class='ocrx_word' id='word_1_28' title='bbox 469 614 612 672; x_wconf 89' lang='lat' dir='ltr'><strong>bere</strong></span> <span class='ocrx_word' id='word_1_29' title='bbox 647 612 926 690; x_wconf 82' lang='lat' dir='ltr'>quaedam</span> <span class='ocrx_word' id='word_1_30' title='bbox 956 612 1493 687; x_wconf 86' lang='lat' dir='ltr'><strong>animadvertisset,</strong></span> <span class='ocrx_word' id='word_1_31' title='bbox 1524 613 1813 673; x_wconf 88' lang='lat' dir='ltr'><strong>curiosum</strong></span> <span class='ocrx_word' id='word_1_32' title='bbox 1837 631 1907 672; x_wconf 90' lang='lat' dir='ltr'><strong>ac</strong></span> <span class='ocrx_word' id='word_1_33' title='bbox 1936 611 2369 691; x_wconf 78' lang='lat' dir='ltr'><strong>speculatorem</strong></span> <span class='ocrx_word' id='word_1_34' title='bbox 2398 633 2492 674; x_wconf 90' lang='lat' dir='ltr'><strong>ra·</strong></span> 
     </span>
     <span class='ocr_line' id='line_1_5' title="bbox 469 695 2492 774; baseline 0 -18"><span class='ocrx_word' id='word_1_35' title='bbox 469 707 594 774; x_wconf 90' lang='lat' dir='ltr'><strong>tus,</strong></span> <span class='ocrx_word' id='word_1_36' title='bbox 644 713 839 756; x_wconf 89' lang='lat' dir='ltr'><strong>coram</strong></span> <span class='ocrx_word' id='word_1_37' title='bbox 886 696 1120 756; x_wconf 83' lang='lat' dir='ltr'><strong>confodi</strong></span> <span class='ocrx_word' id='word_1_38' title='bbox 1160 697 1493 774; x_wconf 87' lang='lat' dir='ltr'><strong>imperavit;</strong></span> <span class='ocrx_word' id='word_1_39' title='bbox 1545 705 1603 755; x_wconf 90' lang='lat' dir='ltr'><strong>et</strong></span> <span class='ocrx_word' id='word_1_40' title='bbox 1650 696 1889 757; x_wconf 87' lang='lat' dir='ltr'><strong>Tedium</strong></span> <span class='ocrx_word' id='word_1_41' title='bbox 1931 695 2137 756; x_wconf 87' lang='lat' dir='ltr'><strong>Afrum</strong></span> <span class='ocrx_word' id='word_1_42' title='bbox 2189 697 2492 757; x_wconf 88' lang='lat' dir='ltr'><strong>consulem</strong></span> 
     </span>
     <span class='ocr_line' id='line_1_6' title="bbox 469 779 2570 879; baseline 0 -38"><span class='ocrx_word' id='word_1_43' title='bbox 469 780 864 858; x_wconf 85' lang='lat' dir='ltr'><strong>designatum,</strong></span> <span class='ocrx_word' id='word_1_44' title='bbox 923 782 1054 858; x_wconf 85' lang='lat' dir='ltr'><strong>quia</strong></span> <span class='ocrx_word' id='word_1_45' title='bbox 1098 780 1312 840; x_wconf 87' lang='lat' dir='ltr'><strong>factum</strong></span> <span class='ocrx_word' id='word_1_46' title='bbox 1357 779 1642 879; x_wconf 83' lang='lat' dir='ltr'><strong>quoddam</strong></span> <span class='ocrx_word' id='word_1_47' title='bbox 1694 799 1856 840; x_wconf 90' lang='lat' dir='ltr'><strong>suum</strong></span> <span class='ocrx_word' id='word_1_48' title='bbox 1906 779 2161 857; x_wconf 91' lang='lat' dir='ltr'><strong>maligno</strong></span> <span class='ocrx_word' id='word_1_49' title='bbox 2212 799 2484 842; x_wconf 84' lang='lat' dir='ltr'><strong>sermone</strong></span> <span class='ocrx_word' id='word_1_50' title='bbox 2539 803 2570 842; x_wconf 79' lang='lat'>5</span> 
     </span>
     <span class='ocr_line' id='line_1_7' title="bbox 471 865 2491 944; baseline 0 -20"><span class='ocrx_word' id='word_1_51' title='bbox 471 865 821 943; x_wconf 81' lang='lat' dir='ltr'><strong>carpsisset,</strong></span> <span class='ocrx_word' id='word_1_52' title='bbox 857 865 1030 923; x_wconf 88' lang='lat' dir='ltr'><strong>tantis</strong></span> <span class='ocrx_word' id='word_1_53' title='bbox 1064 867 1382 924; x_wconf 89' lang='lat' dir='ltr'><strong>conterruit</strong></span> <span class='ocrx_word' id='word_1_54' title='bbox 1412 866 1600 942; x_wconf 78' lang='lat' dir='ltr'><strong>miniS,</strong></span> <span class='ocrx_word' id='word_1_55' title='bbox 1633 873 1693 923; x_wconf 90' lang='lat' dir='ltr'><strong>ut</strong></span> <span class='ocrx_word' id='word_1_56' title='bbox 1723 866 1771 924; x_wconf 92' lang='lat' dir='ltr'><strong>is</strong></span> <span class='ocrx_word' id='word_1_57' title='bbox 1798 883 1863 924; x_wconf 90' lang='lat' dir='ltr'><strong>se</strong></span> <span class='ocrx_word' id='word_1_58' title='bbox 1890 865 2395 944; x_wconf 84' lang='lat' dir='ltr'><strong>praecipitaverit;</strong></span> <span class='ocrx_word' id='word_1_59' title='bbox 2431 875 2491 925; x_wconf 90' lang='lat' dir='ltr'><strong>et</strong></span> 
     </span>
     <span class='ocr_line' id='line_1_8' title="bbox 469 947 2489 1031; baseline 0.001 -25"><span class='ocrx_word' id='word_1_60' title='bbox 469 949 736 1031; x_wconf 85' lang='lat' dir='ltr'><strong>Quintum</strong></span> <span class='ocrx_word' id='word_1_61' title='bbox 780 947 1021 1008; x_wconf 87' lang='lat' dir='ltr'><strong>Gallium</strong></span> <span class='ocrx_word' id='word_1_62' title='bbox 1073 957 1438 1027; x_wconf 86' lang='lat' dir='ltr'><strong>praetorem,</strong></span> <span class='ocrx_word' id='word_1_63' title='bbox 1486 950 1544 1007; x_wconf 89' lang='lat' dir='ltr'><strong>in</strong></span> <span class='ocrx_word' id='word_1_64' title='bbox 1589 949 1786 1008; x_wconf 85' lang='lat' dir='ltr'><strong>officio</strong></span> <span class='ocrx_word' id='word_1_65' title='bbox 1833 948 2193 1009; x_wconf 84' lang='lat' dir='ltr'><strong>salutationis</strong></span> <span class='ocrx_word' id='word_1_66' title='bbox 2236 949 2489 1010; x_wconf 87' lang='lat' dir='ltr'><strong>tabellas</strong></span> 
     </span>
     <span class='ocr_line' id='line_1_9' title="bbox 468 1019 2487 1111; baseline 0 -19"><span class='ocrx_word' id='word_1_67' title='bbox 468 1019 734 1111; x_wconf 84' lang='lat' dir='ltr'><strong>duplices</strong></span> <span class='ocrx_word' id='word_1_68' title='bbox 762 1039 931 1091; x_wconf 83' lang='lat' dir='ltr'><strong>veste</strong></span> <span class='ocrx_word' id='word_1_69' title='bbox 955 1039 1149 1092; x_wconf 90' lang='lat' dir='ltr'><strong>tectas</strong></span> <span class='ocrx_word' id='word_1_70' title='bbox 1181 1041 1506 1109; x_wconf 88' lang='lat' dir='ltr'><strong>tenentem,</strong></span> <span class='ocrx_word' id='word_1_71' title='bbox 1541 1033 1869 1111; x_wconf 87' lang='lat' dir='ltr'><strong>suspicatus</strong></span> <span class='ocrx_word' id='word_1_72' title='bbox 1900 1031 2154 1110; x_wconf 84' lang='lat' dir='ltr'><strong>gladium</strong></span> <span class='ocrx_word' id='word_1_73' title='bbox 2187 1032 2487 1111; x_wconf 80' lang='lat' dir='ltr'><strong>occulere,</strong></span> 
     </span>
     <span class='ocr_line' id='line_1_10' title="bbox 465 1115 2632 1196; baseline 0 -20"><span class='ocrx_word' id='word_1_74' title='bbox 465 1135 576 1176; x_wconf 91' lang='lat' dir='ltr'><strong>nec</strong></span> <span class='ocrx_word' id='word_1_75' title='bbox 609 1115 916 1195; x_wconf 88' lang='lat' dir='ltr'><strong>quidquam</strong></span> <span class='ocrx_word' id='word_1_76' title='bbox 949 1117 1168 1193; x_wconf 86' lang='lat' dir='ltr'><strong>statim,</strong></span> <span class='ocrx_word' id='word_1_77' title='bbox 1210 1134 1283 1176; x_wconf 94' lang='lat' dir='ltr'><strong>ne</strong></span> <span class='ocrx_word' id='word_1_78' title='bbox 1337 1116 1489 1176; x_wconf 90' lang='lat' dir='ltr'><strong>aliud</strong></span> <span class='ocrx_word' id='word_1_79' title='bbox 1521 1117 1909 1194; x_wconf 87' lang='lat' dir='ltr'><strong>inveniretur,</strong></span> <span class='ocrx_word' id='word_1_80' title='bbox 1953 1135 2127 1177; x_wconf 89' lang='lat' dir='ltr'><strong>ausus</strong></span> <span class='ocrx_word' id='word_1_81' title='bbox 2166 1119 2485 1196; x_wconf 81' lang='lat' dir='ltr'><strong>inquirere,</strong></span> <span class='ocrx_word' id='word_1_82' title='bbox 2631 1187 2632 1190; x_wconf 7' lang='grc' dir='ltr'><strong>Ἴ</strong></span> 
     </span>
     <span class='ocr_line' id='line_1_11' title="bbox 467 1195 2632 1280; baseline 0 -20"><span class='ocrx_word' id='word_1_83' title='bbox 467 1199 640 1279; x_wconf 87' lang='lat' dir='ltr'><strong>paulo</strong></span> <span class='ocrx_word' id='word_1_84' title='bbox 674 1209 810 1279; x_wconf 87' lang='lat' dir='ltr'><strong>post</strong></span> <span class='ocrx_word' id='word_1_85' title='bbox 838 1217 944 1278; x_wconf 94' lang='lat' dir='ltr'><strong>per</strong></span> <span class='ocrx_word' id='word_1_86' title='bbox 974 1201 1344 1259; x_wconf 83' lang='lat' dir='ltr'><strong>centuriones</strong></span> <span class='ocrx_word' id='word_1_87' title='bbox 1378 1210 1436 1260; x_wconf 88' lang='lat' dir='ltr'><strong>et</strong></span> <span class='ocrx_word' id='word_1_88' title='bbox 1468 1200 1680 1260; x_wconf 83' lang='lat' dir='ltr'><strong>milites</strong></span> <span class='ocrx_word' id='word_1_89' title='bbox 1709 1210 1936 1280; x_wconf 85' lang='lat' dir='ltr'><strong>raptum</strong></span> <span class='ocrx_word' id='word_1_90' title='bbox 1968 1219 2003 1261; x_wconf 90' lang='lat' dir='ltr'><strong>e</strong></span> <span class='ocrx_word' id='word_1_91' title='bbox 2034 1200 2321 1280; x_wconf 88' lang='lat' dir='ltr'><strong>tribunali,</strong></span> <span class='ocrx_word' id='word_1_92' title='bbox 2360 1220 2483 1262; x_wconf 83' lang='lat' dir='ltr'><strong>ser·</strong></span> <span class='ocrx_word' id='word_1_93' title='bbox 2508 1229 2562 1269; x_wconf 63' lang='grc' dir='ltr'><strong>ις</strong></span> <span class='ocrx_word' id='word_1_94' title='bbox 2631 1195 2632 1198; x_wconf 64' lang='grc'>’</span> 
     </span>
     <span class='ocr_line' id='line_1_12' title="bbox 464 1282 2487 1364; baseline 0.001 -21"><span class='ocrx_word' id='word_1_95' title='bbox 464 1284 638 1344; x_wconf 86' lang='lat' dir='ltr'><strong>vilem</strong></span> <span class='ocrx_word' id='word_1_96' title='bbox 671 1285 726 1342; x_wconf 89' lang='lat' dir='ltr'><strong>in</strong></span> <span class='ocrx_word' id='word_1_97' title='bbox 766 1282 996 1342; x_wconf 87' lang='lat' dir='ltr'><strong>modum</strong></span> <span class='ocrx_word' id='word_1_98' title='bbox 1036 1285 1208 1343; x_wconf 90' lang='lat' dir='ltr'><strong>torsit</strong></span> <span class='ocrx_word' id='word_1_99' title='bbox 1253 1302 1323 1343; x_wconf 89' lang='lat' dir='ltr'><strong>ac</strong></span> <span class='ocrx_word' id='word_1_100' title='bbox 1354 1283 1631 1344; x_wconf 88' lang='lat' dir='ltr'><strong>fatentem</strong></span> <span class='ocrx_word' id='word_1_101' title='bbox 1676 1285 1815 1344; x_wconf 90' lang='lat' dir='ltr'><strong>nihil</strong></span> <span class='ocrx_word' id='word_1_102' title='bbox 1862 1286 2027 1345; x_wconf 88' lang='lat' dir='ltr'><strong>iussit</strong></span> <span class='ocrx_word' id='word_1_103' title='bbox 2059 1285 2277 1363; x_wconf 91' lang='lat' dir='ltr'><strong>occidi,</strong></span> <span class='ocrx_word' id='word_1_104' title='bbox 2324 1287 2487 1364; x_wconf 89' lang='lat' dir='ltr'><strong>prius</strong></span> 
     </span>
     <span class='ocr_line' id='line_1_13' title="bbox 466 1367 2484 1448; baseline 0 -20"><span class='ocrx_word' id='word_1_105' title='bbox 466 1367 652 1428; x_wconf 89' lang='lat' dir='ltr'><strong>oculis</strong></span> <span class='ocrx_word' id='word_1_106' title='bbox 683 1368 808 1426; x_wconf 87' lang='lat' dir='ltr'><strong>eius</strong></span> <span class='ocrx_word' id='word_1_107' title='bbox 847 1385 948 1426; x_wconf 85' lang='lat' dir='ltr'><strong>sua</strong></span> <span class='ocrx_word' id='word_1_108' title='bbox 976 1386 1147 1427; x_wconf 89' lang='lat' dir='ltr'><strong>manu</strong></span> <span class='ocrx_word' id='word_1_109' title='bbox 1179 1367 1445 1437; x_wconf 82' lang='lat' dir='ltr'><strong>effossis;</strong></span> <span class='ocrx_word' id='word_1_110' title='bbox 1495 1386 1665 1446; x_wconf 90' lang='lat' dir='ltr'><strong>quem</strong></span> <span class='ocrx_word' id='word_1_111' title='bbox 1706 1378 1897 1429; x_wconf 90' lang='lat' dir='ltr'><strong>tamen</strong></span> <span class='ocrx_word' id='word_1_112' title='bbox 1928 1369 2132 1429; x_wconf 84' lang='lat' dir='ltr'><strong>scribit</strong></span> <span class='ocrx_word' id='word_1_113' title='bbox 2163 1369 2484 1448; x_wconf 87' lang='lat' dir='ltr'><strong>conloquio</strong></span> 
     </span>
     <span class='ocr_line' id='line_1_14' title="bbox 463 1451 2482 1532; baseline 0 -20"><span class='ocrx_word' id='word_1_114' title='bbox 463 1452 645 1532; x_wconf 88' lang='lat' dir='ltr'><strong>petito</strong></span> <span class='ocrx_word' id='word_1_115' title='bbox 691 1451 1018 1511; x_wconf 89' lang='lat' dir='ltr'><strong>insidiatum</strong></span> <span class='ocrx_word' id='word_1_116' title='bbox 1061 1451 1172 1510; x_wconf 88' lang='lat' dir='ltr'><strong>sibi</strong></span> <span class='ocrx_word' id='word_1_117' title='bbox 1216 1454 1660 1532; x_wconf 88' lang='lat' dir='ltr'><strong>coniectumque</strong></span> <span class='ocrx_word' id='word_1_118' title='bbox 1700 1471 1734 1512; x_wconf 90' lang='lat' dir='ltr'><strong>a</strong></span> <span class='ocrx_word' id='word_1_119' title='bbox 1778 1472 1843 1512; x_wconf 89' lang='lat' dir='ltr'><strong>se</strong></span> <span class='ocrx_word' id='word_1_120' title='bbox 1888 1454 1943 1513; x_wconf 88' lang='lat' dir='ltr'><strong>in</strong></span> <span class='ocrx_word' id='word_1_121' title='bbox 1984 1452 2335 1530; x_wconf 85' lang='lat' dir='ltr'><strong>custodiam,</strong></span> <span class='ocrx_word' id='word_1_122' title='bbox 2383 1453 2482 1512; x_wconf 90' lang='lat' dir='ltr'><strong>de-</strong></span> 
     </span>
     <span class='ocr_line' id='line_1_15' title="bbox 462 1534 2483 1614; baseline 0.001 -20"><span class='ocrx_word' id='word_1_123' title='bbox 462 1536 594 1595; x_wconf 89' lang='lat' dir='ltr'><strong>inde</strong></span> <span class='ocrx_word' id='word_1_124' title='bbox 636 1534 780 1595; x_wconf 89' lang='lat' dir='ltr'><strong>urbe</strong></span> <span class='ocrx_word' id='word_1_125' title='bbox 819 1534 1125 1596; x_wconf 83' lang='lat' dir='ltr'><strong>interdicta</strong></span> <span class='ocrx_word' id='word_1_126' title='bbox 1179 1536 1501 1614; x_wconf 87' lang='lat' dir='ltr'><strong>dimissum,</strong></span> <span class='ocrx_word' id='word_1_127' title='bbox 1548 1537 1852 1614; x_wconf 78' lang='lat' dir='ltr'><strong>naufragio</strong></span> <span class='ocrx_word' id='word_1_128' title='bbox 1901 1537 1997 1597; x_wconf 86' lang='lat' dir='ltr'><strong>vel</strong></span> <span class='ocrx_word' id='word_1_129' title='bbox 2032 1537 2318 1598; x_wconf 88' lang='lat' dir='ltr'><strong>latronum</strong></span> <span class='ocrx_word' id='word_1_130' title='bbox 2347 1539 2483 1596; x_wconf 90' lang='lat' dir='ltr'><strong>insi-</strong></span> 
     </span>
     <span class='ocr_line' id='line_1_16' title="bbox 462 1619 2555 1700; baseline 0.003 -21"><span class='ocrx_word' id='word_1_131' title='bbox 462 1620 572 1679; x_wconf 87' lang='lat' dir='ltr'><strong>diis</strong></span> <span class='ocrx_word' id='word_1_132' title='bbox 607 1619 860 1697; x_wconf 87' lang='lat' dir='ltr'><strong>perisse.</strong></span> <span class='ocrx_word' id='word_1_133' title='bbox 936 1619 1325 1680; x_wconf 89' lang='lat' dir='ltr'><strong>Tribuniciam</strong></span> <span class='ocrx_word' id='word_1_134' title='bbox 1367 1628 1719 1699; x_wconf 88' lang='lat' dir='ltr'><strong>potestatem</strong></span> <span class='ocrx_word' id='word_1_135' title='bbox 1751 1629 2093 1700; x_wconf 88' lang='lat' dir='ltr'><strong>perpetuam</strong></span> <span class='ocrx_word' id='word_1_136' title='bbox 2127 1622 2484 1700; x_wconf 83' lang='lat' dir='ltr'><strong>recepit,‘in</strong></span> <span class='ocrx_word' id='word_1_137' title='bbox 2504 1648 2555 1688; x_wconf 85' lang='lat'><strong>15</strong></span> 
     </span>
     <span class='ocr_line' id='line_1_17' title="bbox 463 1703 2481 1783; baseline 0.001 -21"><span class='ocrx_word' id='word_1_138' title='bbox 463 1721 572 1783; x_wconf 83' lang='lat' dir='ltr'><strong>qua</strong></span> <span class='ocrx_word' id='word_1_139' title='bbox 610 1703 998 1782; x_wconf 86' lang='lat' dir='ltr'><strong>semel-atque</strong></span> <span class='ocrx_word' id='word_1_140' title='bbox 1028 1705 1233 1764; x_wconf 88' lang='lat' dir='ltr'><strong>iterum</strong></span> <span class='ocrx_word' id='word_1_141' title='bbox 1280 1721 1388 1782; x_wconf 89' lang='lat' dir='ltr'><strong>per</strong></span> <span class='ocrx_word' id='word_1_142' title='bbox 1424 1705 1654 1782; x_wconf 85' lang='lat' dir='ltr'><strong>singula</strong></span> <span class='ocrx_word' id='word_1_143' title='bbox 1698 1705 1879 1766; x_wconf 88' lang='lat' dir='ltr'><strong>lustra</strong></span> <span class='ocrx_word' id='word_1_144' title='bbox 1918 1704 2210 1783; x_wconf 84' lang='lat' dir='ltr'><strong>collegam</strong></span> <span class='ocrx_word' id='word_1_145' title='bbox 2240 1705 2352 1765; x_wconf 88' lang='lat' dir='ltr'><strong>sibi</strong></span> <span class='ocrx_word' id='word_1_146' title='bbox 2383 1722 2481 1765; x_wconf 89' lang='lat' dir='ltr'><strong>co-</strong></span> 
     </span>
     <span class='ocr_line' id='line_1_18' title="bbox 465 1787 2482 1869; baseline 0.001 -22"><span class='ocrx_word' id='word_1_147' title='bbox 465 1787 706 1866; x_wconf 85' lang='lat' dir='ltr'><strong>optavit.</strong></span> <span class='ocrx_word' id='word_1_148' title='bbox 773 1787 1026 1866; x_wconf 84' lang='lat' dir='ltr'><strong>Recepit</strong></span> <span class='ocrx_word' id='word_1_149' title='bbox 1057 1797 1115 1848; x_wconf 90' lang='lat' dir='ltr'><strong>et</strong></span> <span class='ocrx_word' id='word_1_150' title='bbox 1145 1805 1369 1847; x_wconf 87' lang='lat' dir='ltr'><strong>morum</strong></span> <span class='ocrx_word' id='word_1_151' title='bbox 1400 1788 1715 1867; x_wconf 84' lang='lat' dir='ltr'><strong>legumque</strong></span> <span class='ocrx_word' id='word_1_152' title='bbox 1744 1791 2009 1867; x_wconf 84' lang='lat' dir='ltr'><strong>regimen</strong></span> <span class='ocrx_word' id='word_1_153' title='bbox 2047 1807 2234 1868; x_wconf 90' lang='lat' dir='ltr'><strong>aeque</strong></span> <span class='ocrx_word' id='word_1_154' title='bbox 2268 1807 2482 1869; x_wconf 90' lang='lat' dir='ltr'><strong>perpe-</strong></span> 
     </span>
     <span class='ocr_line' id='line_1_19' title="bbox 461 1871 2483 1960; baseline 0.001 -30"><span class='ocrx_word' id='word_1_155' title='bbox 461 1881 646 1946; x_wconf 86' lang='lat' dir='ltr'><strong>tuum,</strong></span> <span class='ocrx_word' id='word_1_156' title='bbox 693 1887 807 1947; x_wconf 88' lang='lat' dir='ltr'><strong>quo</strong></span> <span class='ocrx_word' id='word_1_157' title='bbox 856 1871 1013 1947; x_wconf 90' lang='lat' dir='ltr'><strong>iure,</strong></span> <span class='ocrx_word' id='word_1_158' title='bbox 1069 1889 1413 1960; x_wconf 87' lang='lat' dir='ltr'><strong>quamquam</strong></span> <span class='ocrx_word' id='word_1_159' title='bbox 1460 1874 1585 1934; x_wconf 88' lang='lat' dir='ltr'><strong>sine</strong></span> <span class='ocrx_word' id='word_1_160' title='bbox 1620 1891 1899 1934; x_wconf 88' lang='lat' dir='ltr'><strong>censurae</strong></span> <span class='ocrx_word' id='word_1_161' title='bbox 1935 1873 2198 1951; x_wconf 88' lang='lat' dir='ltr'><strong>honore,</strong></span> <span class='ocrx_word' id='word_1_162' title='bbox 2248 1891 2483 1934; x_wconf 89' lang='lat' dir='ltr'><strong>censum</strong></span> 
     </span>
     <span class='ocr_line' id='line_1_20' title="bbox 460 1941 2480 2036; baseline 0.002 -23"><span class='ocrx_word' id='word_1_163' title='bbox 460 1963 651 2014; x_wconf 87' lang='lat' dir='ltr'><strong>tamen</strong></span> <span class='ocrx_word' id='word_1_164' title='bbox 683 1953 888 2036; x_wconf 88' lang='lat' dir='ltr'><strong>populi</strong></span> <span class='ocrx_word' id='word_1_165' title='bbox 917 1963 1009 2016; x_wconf 88' lang='lat' dir='ltr'><strong>ter</strong></span> <span class='ocrx_word' id='word_1_166' title='bbox 1039 1941 1191 2035; x_wconf 84' lang='lat' dir='ltr'><strong>egit:</strong></span> <span class='ocrx_word' id='word_1_167' title='bbox 1239 1961 1481 2035; x_wconf 91' lang='lat' dir='ltr'><strong>primum</strong></span> <span class='ocrx_word' id='word_1_168' title='bbox 1513 1978 1583 2020; x_wconf 90' lang='lat' dir='ltr'><strong>ac</strong></span> <span class='ocrx_word' id='word_1_169' title='bbox 1623 1959 1852 2018; x_wconf 88' lang='lat' dir='ltr'><strong>tertium</strong></span> <span class='ocrx_word' id='word_1_170' title='bbox 1886 1977 2010 2018; x_wconf 90' lang='lat' dir='ltr'><strong>cum</strong></span> <span class='ocrx_word' id='word_1_171' title='bbox 2046 1956 2313 2036; x_wconf 85' lang='lat' dir='ltr'><strong>collega,</strong></span> <span class='ocrx_word' id='word_1_172' title='bbox 2362 1975 2480 2016; x_wconf 91' lang='lat' dir='ltr'><strong>me-</strong></span> 
     </span>
     <span class='ocr_line' id='line_1_21' title="bbox 461 2037 2557 2104; baseline 0.001 -4"><span class='ocrx_word' id='word_1_173' title='bbox 461 2037 610 2100; x_wconf 91' lang='lat' dir='ltr'><strong>dium</strong></span> <span class='ocrx_word' id='word_1_174' title='bbox 643 2041 825 2100; x_wconf 88' lang='lat' dir='ltr'><strong>solus.</strong></span> <span class='ocrx_word' id='word_1_175' title='bbox 2388 2041 2403 2052; x_wconf 74' lang='lat'><strong><em>‘</em></strong></span> <span class='ocrx_word' id='word_1_176' title='bbox 2497 2063 2557 2104; x_wconf 87' lang='lat'><strong>20</strong></span> 
     </span>
     <span class='ocr_line' id='line_1_22' title="bbox 377 2124 2482 2205; baseline -0.002 -15"><span class='ocrx_word' id='word_1_177' title='bbox 377 2136 447 2190; x_wconf 76' lang='lat'><strong>‘28</strong></span> <span class='ocrx_word' id='word_1_178' title='bbox 606 2125 694 2185; x_wconf 90' lang='lat' dir='ltr'><strong>De</strong></span> <span class='ocrx_word' id='word_1_179' title='bbox 729 2124 1025 2185; x_wconf 86' lang='lat' dir='ltr'><strong>reddenda</strong></span> <span class='ocrx_word' id='word_1_180' title='bbox 1055 2143 1122 2184; x_wconf 88' lang='lat' dir='ltr'><strong>re</strong></span> <span class='ocrx_word' id='word_1_181' title='bbox 1149 2143 1207 2205; x_wconf 88' lang='lat' dir='ltr'><strong>p.</strong></span> <span class='ocrx_word' id='word_1_182' title='bbox 1239 2124 1330 2186; x_wconf 89' lang='lat' dir='ltr'><strong>bis</strong></span> <span class='ocrx_word' id='word_1_183' title='bbox 1358 2127 1941 2204; x_wconf 86' lang='lat' dir='ltr'><strong>cogitavit:.primum</strong></span> <span class='ocrx_word' id='word_1_184' title='bbox 1966 2133 2101 2204; x_wconf 88' lang='lat' dir='ltr'><strong>post</strong></span> <span class='ocrx_word' id='word_1_185' title='bbox 2127 2143 2482 2204; x_wconf 87' lang='lat' dir='ltr'><strong>oppressum</strong></span> 
     </span>
     <span class='ocr_line' id='line_1_23' title="bbox 476 2208 2483 2289; baseline 0 -19"><span class='ocrx_word' id='word_1_186' title='bbox 476 2211 666 2270; x_wconf 82' lang='lat' dir='ltr'><strong>statim</strong></span> <span class='ocrx_word' id='word_1_187' title='bbox 696 2208 1039 2287; x_wconf 86' lang='lat' dir='ltr'><strong>Antonium,</strong></span> <span class='ocrx_word' id='word_1_188' title='bbox 1071 2227 1292 2270; x_wconf 91' lang='lat' dir='ltr'><strong>memor</strong></span> <span class='ocrx_word' id='word_1_189' title='bbox 1324 2211 1613 2272; x_wconf 89' lang='lat' dir='ltr'><strong>obiectum</strong></span> <span class='ocrx_word' id='word_1_190' title='bbox 1646 2211 1754 2270; x_wconf 90' lang='lat' dir='ltr'><strong>sibi</strong></span> <span class='ocrx_word' id='word_1_191' title='bbox 1788 2209 1859 2270; x_wconf 89' lang='lat' dir='ltr'><strong>ab</strong></span> <span class='ocrx_word' id='word_1_192' title='bbox 1892 2225 1962 2270; x_wconf 91' lang='lat' dir='ltr'><strong>eo</strong></span> <span class='ocrx_word' id='word_1_193' title='bbox 1997 2211 2263 2289; x_wconf 75' lang='lat' dir='ltr'><strong>saepiuS,</strong></span> <span class='ocrx_word' id='word_1_194' title='bbox 2311 2212 2483 2287; x_wconf 87' lang='lat' dir='ltr'><strong>quasi</strong></span> 
     </span>
     <span class='ocr_line' id='line_1_24' title="bbox 463 2293 2482 2373; baseline -0 -19"><span class='ocrx_word' id='word_1_195' title='bbox 463 2313 569 2372; x_wconf 88' lang='lat' dir='ltr'><strong>per</strong></span> <span class='ocrx_word' id='word_1_196' title='bbox 599 2295 788 2373; x_wconf 88' lang='lat' dir='ltr'><strong>ipsum</strong></span> <span class='ocrx_word' id='word_1_197' title='bbox 823 2302 1004 2354; x_wconf 87' lang='lat' dir='ltr'><strong>staret</strong></span> <span class='ocrx_word' id='word_1_198' title='bbox 1047 2313 1122 2354; x_wconf 90' lang='lat' dir='ltr'><strong>ne</strong></span> <span class='ocrx_word' id='word_1_199' title='bbox 1167 2294 1540 2366; x_wconf 86' lang='lat' dir='ltr'><strong>redderetur;</strong></span> <span class='ocrx_word' id='word_1_200' title='bbox 1585 2313 1657 2356; x_wconf 85' lang='lat' dir='ltr'><strong>ac</strong></span> <span class='ocrx_word' id='word_1_201' title='bbox 1700 2313 1901 2354; x_wconf 88' lang='lat' dir='ltr'><strong>rursus</strong></span> <span class='ocrx_word' id='word_1_202' title='bbox 1943 2293 2133 2354; x_wconf 89' lang='lat' dir='ltr'><strong>taedio</strong></span> <span class='ocrx_word' id='word_1_203' title='bbox 2180 2293 2482 2354; x_wconf 88' lang='lat' dir='ltr'><strong>diuturnae</strong></span> 
     </span>
     <span class='ocr_line' id='line_1_25' title="bbox 460 2377 2479 2458; baseline 0 -22"><span class='ocrx_word' id='word_1_204' title='bbox 460 2377 822 2455; x_wconf 83' lang='lat' dir='ltr'><strong>valitudinis,</strong></span> <span class='ocrx_word' id='word_1_205' title='bbox 868 2396 996 2438; x_wconf 87' lang='lat' dir='ltr'><strong>cum</strong></span> <span class='ocrx_word' id='word_1_206' title='bbox 1040 2379 1210 2440; x_wconf 87' lang='lat' dir='ltr'><strong>etiam</strong></span> <span class='ocrx_word' id='word_1_207' title='bbox 1239 2379 1673 2456; x_wconf 84' lang='lat' dir='ltr'><strong>magistratibus</strong></span> <span class='ocrx_word' id='word_1_208' title='bbox 1716 2397 1787 2438; x_wconf 77' lang='lat' dir='ltr'><strong>ac</strong></span> <span class='ocrx_word' id='word_1_209' title='bbox 1830 2387 2031 2439; x_wconf 85' lang='lat' dir='ltr'><strong>senatu</strong></span> <span class='ocrx_word' id='word_1_210' title='bbox 2064 2377 2289 2438; x_wconf 89' lang='lat' dir='ltr'><strong>domum</strong></span> <span class='ocrx_word' id='word_1_211' title='bbox 2322 2379 2479 2458; x_wconf 86' lang='lat' dir='ltr'><strong>acci-</strong></span> 
     </span>
     <span class='ocr_line' id='line_1_26' title="bbox 459 2462 2553 2543; baseline 0.003 -23"><span class='ocrx_word' id='word_1_212' title='bbox 459 2464 533 2521; x_wconf 84' lang='lat' dir='ltr'><strong>tis</strong></span> <span class='ocrx_word' id='word_1_213' title='bbox 563 2463 935 2522; x_wconf 84' lang='lat' dir='ltr'><strong>rationarium</strong></span> <span class='ocrx_word' id='word_1_214' title='bbox 963 2463 1191 2540; x_wconf 88' lang='lat' dir='ltr'><strong>imperii</strong></span> <span class='ocrx_word' id='word_1_215' title='bbox 1221 2463 1470 2524; x_wconf 88' lang='lat' dir='ltr'><strong>tradidit.</strong></span> <span class='ocrx_word' id='word_1_216' title='bbox 1526 2462 1645 2523; x_wconf 91' lang='lat' dir='ltr'><strong>Sed</strong></span> <span class='ocrx_word' id='word_1_217' title='bbox 1672 2471 1981 2543; x_wconf 86' lang='lat' dir='ltr'><strong>reputans,</strong></span> <span class='ocrx_word' id='word_1_218' title='bbox 2016 2470 2075 2522; x_wconf 92' lang='lat' dir='ltr'><strong>et</strong></span> <span class='ocrx_word' id='word_1_219' title='bbox 2103 2479 2170 2521; x_wconf 89' lang='lat' dir='ltr'><strong>se</strong></span> <span class='ocrx_word' id='word_1_220' title='bbox 2196 2464 2480 2540; x_wconf 87' lang='lat' dir='ltr'><strong>privatum</strong></span> <span class='ocrx_word' id='word_1_221' title='bbox 2500 2486 2553 2526; x_wconf 82' lang='lat'><strong>25</strong></span> 
     </span>
     <span class='ocr_line' id='line_1_27' title="bbox 458 2545 2478 2626; baseline 0.001 -23"><span class='ocrx_word' id='word_1_222' title='bbox 458 2563 576 2604; x_wconf 89' lang='lat' dir='ltr'><strong>non</strong></span> <span class='ocrx_word' id='word_1_223' title='bbox 614 2546 736 2604; x_wconf 88' lang='lat' dir='ltr'><strong>sine</strong></span> <span class='ocrx_word' id='word_1_224' title='bbox 770 2545 1036 2623; x_wconf 91' lang='lat' dir='ltr'><strong>periculo</strong></span> <span class='ocrx_word' id='word_1_225' title='bbox 1066 2546 1198 2606; x_wconf 78' lang='lat' dir='ltr'><strong>fore</strong></span> <span class='ocrx_word' id='word_1_226' title='bbox 1231 2556 1288 2607; x_wconf 91' lang='lat' dir='ltr'><strong>et</strong></span> <span class='ocrx_word' id='word_1_227' title='bbox 1321 2547 1479 2607; x_wconf 90' lang='lat' dir='ltr'><strong>illam</strong></span> <span class='ocrx_word' id='word_1_228' title='bbox 1512 2547 1759 2626; x_wconf 84' lang='lat' dir='ltr'><strong>plurium</strong></span> <span class='ocrx_word' id='word_1_229' title='bbox 1790 2546 2029 2607; x_wconf 89' lang='lat' dir='ltr'><strong>arbitrio</strong></span> <span class='ocrx_word' id='word_1_230' title='bbox 2062 2555 2284 2606; x_wconf 88' lang='lat' dir='ltr'><strong>temere</strong></span> <span class='ocrx_word' id='word_1_231' title='bbox 2321 2563 2478 2606; x_wconf 89' lang='lat' dir='ltr'><strong>com-</strong></span> 
     </span>
     <span class='ocr_line' id='line_1_28' title="bbox 457 2628 2480 2709; baseline 0 -21"><span class='ocrx_word' id='word_1_232' title='bbox 457 2630 633 2705; x_wconf 82' lang='lat' dir='ltr'><strong>mitti,</strong></span> <span class='ocrx_word' id='word_1_233' title='bbox 669 2629 726 2688; x_wconf 91' lang='lat' dir='ltr'><strong>in</strong></span> <span class='ocrx_word' id='word_1_234' title='bbox 762 2628 1064 2690; x_wconf 87' lang='lat' dir='ltr'><strong>retinenda</strong></span> <span class='ocrx_word' id='word_1_235' title='bbox 1095 2633 1528 2709; x_wconf 87' lang='lat' dir='ltr'><strong>perseveravit,</strong></span> <span class='ocrx_word' id='word_1_236' title='bbox 1561 2630 1826 2708; x_wconf 90' lang='lat' dir='ltr'><strong>dubium,</strong></span> <span class='ocrx_word' id='word_1_237' title='bbox 1873 2639 2103 2695; x_wconf 73' lang='lat' dir='ltr'><strong>eventu,</strong></span> <span class='ocrx_word' id='word_1_238' title='bbox 2127 2629 2373 2690; x_wconf 88' lang='lat' dir='ltr'><strong>meliore</strong></span> <span class='ocrx_word' id='word_1_239' title='bbox 2406 2648 2480 2689; x_wconf 90' lang='lat' dir='ltr'><strong>an</strong></span> 
     </span>
     <span class='ocr_line' id='line_1_29' title="bbox 458 2712 2507 2793; baseline 0 -21"><span class='ocrx_word' id='word_1_240' title='bbox 458 2713 776 2773; x_wconf 86' lang='lat' dir='ltr'><strong>voluntate.</strong></span> <span class='ocrx_word' id='word_1_241' title='bbox 844 2713 1026 2788; x_wconf 84' lang='lat' dir='ltr'><strong>Quam</strong></span> <span class='ocrx_word' id='word_1_242' title='bbox 1055 2715 1439 2793; x_wconf 86' lang='lat' dir='ltr'><strong>voluntatem,</strong></span> <span class='ocrx_word' id='word_1_243' title='bbox 1485 2733 1613 2775; x_wconf 90' lang='lat' dir='ltr'><strong>cum</strong></span> <span class='ocrx_word' id='word_1_244' title='bbox 1642 2732 1784 2793; x_wconf 89' lang='lat' dir='ltr'><strong>prae</strong></span> <span class='ocrx_word' id='word_1_245' title='bbox 1828 2733 1894 2774; x_wconf 89' lang='lat' dir='ltr'><strong>se</strong></span> <span class='ocrx_word' id='word_1_246' title='bbox 1929 2713 2239 2773; x_wconf 88' lang='lat' dir='ltr'><strong>identidem</strong></span> <span class='ocrx_word' id='word_1_247' title='bbox 2274 2713 2478 2792; x_wconf 78' lang='lat' dir='ltr'><strong>ferret,</strong></span> <span class='ocrx_word' id='word_1_248' title='bbox 2500 2712 2507 2720; x_wconf 87' lang='lat'>&#39;</span> 
     </span>
     <span class='ocr_line' id='line_1_30' title="bbox 461 2761 2479 2874; baseline 0.001 -18"><span class='ocrx_word' id='word_1_249' title='bbox 461 2796 709 2874; x_wconf 87' lang='lat' dir='ltr'><strong>quodam</strong></span> <span class='ocrx_word' id='word_1_250' title='bbox 743 2797 914 2858; x_wconf 87' lang='lat' dir='ltr'><strong>etiam</strong></span> <span class='ocrx_word' id='word_1_251' title='bbox 938 2799 1129 2859; x_wconf 86' lang='lat' dir='ltr'><strong>edicto</strong></span> <span class='ocrx_word' id='word_1_252' title='bbox 1161 2799 1253 2860; x_wconf 83' lang='lat' dir='ltr'><strong>his</strong></span> <span class='ocrx_word' id='word_1_253' title='bbox 1282 2761 1480 2859; x_wconf 63' lang='lat' dir='ltr'><strong>verb’is</strong></span> <span class='ocrx_word' id='word_1_254' title='bbox 1504 2809 1749 2860; x_wconf 87' lang='lat' dir='ltr'><strong>testatus</strong></span> <span class='ocrx_word' id='word_1_255' title='bbox 1780 2809 1906 2858; x_wconf 90' lang='lat' dir='ltr'><strong>est.</strong></span> <span class='ocrx_word' id='word_1_256' title='bbox 1938 2795 2043 2858; x_wconf 79' lang='lat' dir='ltr'><strong>Ita</strong></span> <span class='ocrx_word' id='word_1_257' title='bbox 2062 2797 2213 2858; x_wconf 79' lang='lat' dir='ltr'><strong>milti</strong></span> <span class='ocrx_word' id='word_1_258' title='bbox 2231 2797 2479 2858; x_wconf 84' lang='lat' dir='ltr'><strong>salvam</strong></span> 
     </span>
     <span class='ocr_line' id='line_1_31' title="bbox 459 2882 2548 2962; baseline 0.004 -22"><span class='ocrx_word' id='word_1_259' title='bbox 459 2897 540 2942; x_wconf 83' lang='lat' dir='ltr'><strong>ac</strong></span> <span class='ocrx_word' id='word_1_260' title='bbox 583 2882 878 2960; x_wconf 76' lang='lat' dir='ltr'><strong>sospitem</strong></span> <span class='ocrx_word' id='word_1_261' title='bbox 909 2901 1040 2944; x_wconf 90' lang='lat' dir='ltr'><strong>rem</strong></span> <span class='ocrx_word' id='word_1_262' title='bbox 1067 2901 1134 2962; x_wconf 84' lang='lat' dir='ltr'><strong>p.</strong></span> <span class='ocrx_word' id='word_1_263' title='bbox 1175 2883 1399 2944; x_wconf 74' lang='lat' dir='ltr'><strong>sistere</strong></span> <span class='ocrx_word' id='word_1_264' title='bbox 1438 2883 1503 2946; x_wconf 79' lang='lat' dir='ltr'><strong>in</strong></span> <span class='ocrx_word' id='word_1_265' title='bbox 1538 2900 1661 2944; x_wconf 74' lang='lat' dir='ltr'><strong>sua</strong></span> <span class='ocrx_word' id='word_1_266' title='bbox 1691 2882 1839 2944; x_wconf 76' lang='lat' dir='ltr'><strong>sede</strong></span> <span class='ocrx_word' id='word_1_267' title='bbox 1870 2882 2085 2958; x_wconf 76' lang='lat' dir='ltr'><strong>liceat,</strong></span> <span class='ocrx_word' id='word_1_268' title='bbox 2122 2889 2305 2962; x_wconf 81' lang='lat' dir='ltr'><strong>atque</strong></span> <span class='ocrx_word' id='word_1_269' title='bbox 2344 2882 2479 2942; x_wconf 78' lang='lat' dir='ltr'><strong>eius</strong></span> <span class='ocrx_word' id='word_1_270' title='bbox 2496 2907 2548 2948; x_wconf 80' lang='grc' dir='ltr'><strong>3ο</strong></span> 
     </span>
     <span class='ocr_line' id='line_1_32' title="bbox 455 2926 2479 3048; baseline 0 -23"><span class='ocrx_word' id='word_1_271' title='bbox 455 2966 552 3026; x_wconf 80' lang='lat' dir='ltr'><strong>rei</strong></span> <span class='ocrx_word' id='word_1_272' title='bbox 574 2963 846 3043; x_wconf 82' lang='lat' dir='ltr'><strong>fructum</strong></span> <span class='ocrx_word' id='word_1_273' title='bbox 870 2966 1233 3046; x_wconf 78' lang='lat' dir='ltr'><strong>percipere,</strong></span> <span class='ocrx_word' id='word_1_274' title='bbox 1269 2985 1444 3048; x_wconf 82' lang='lat' dir='ltr'><strong>quem</strong></span> <span class='ocrx_word' id='word_1_275' title='bbox 1466 2975 1645 3046; x_wconf 80' lang='lat' dir='ltr'><strong>pete,</strong></span> <span class='ocrx_word' id='word_1_276' title='bbox 1679 2975 1748 3028; x_wconf 78' lang='lat' dir='ltr'><strong>ut</strong></span> <span class='ocrx_word' id='word_1_277' title='bbox 1777 2965 1990 3047; x_wconf 78' lang='lat' dir='ltr'><strong>optimi</strong></span> <span class='ocrx_word' id='word_1_278' title='bbox 2020 2926 2223 3026; x_wconf 68' lang='lat' dir='ltr'><strong>st-’atus</strong></span> <span class='ocrx_word' id='word_1_279' title='bbox 2256 2972 2479 3026; x_wconf 78' lang='lat' dir='ltr'><strong>auctor</strong></span> 
     </span>
     <span class='ocr_line' id='line_1_33' title="bbox 457 3049 2473 3131; baseline 0 -21"><span class='ocrx_word' id='word_1_280' title='bbox 457 3049 670 3128; x_wconf 84' lang='lat' dir='ltr'><strong>dicar,</strong></span> <span class='ocrx_word' id='word_1_281' title='bbox 706 3057 764 3111; x_wconf 83' lang='lat' dir='ltr'><strong>et</strong></span> <span class='ocrx_word' id='word_1_282' title='bbox 789 3051 1061 3112; x_wconf 72' lang='lat' dir='ltr'><strong>moriens</strong></span> <span class='ocrx_word' id='word_1_283' title='bbox 1088 3057 1158 3112; x_wconf 79' lang='lat' dir='ltr'><strong>ut</strong></span> <span class='ocrx_word' id='word_1_284' title='bbox 1179 3049 1387 3129; x_wconf 80' lang='lat' dir='ltr'><strong>feram</strong></span> <span class='ocrx_word' id='word_1_285' title='bbox 1415 3070 1649 3114; x_wconf 84' lang='lat' dir='ltr'><strong>meeum</strong></span> <span class='ocrx_word' id='word_1_286' title='bbox 1680 3069 1883 3131; x_wconf 76' lang='lat' dir='ltr'><strong>spem,</strong></span> <span class='ocrx_word' id='word_1_287' title='bbox 1928 3067 2234 3112; x_wconf 74' lang='lat' dir='ltr'><strong>mansura</strong></span> <span class='ocrx_word' id='word_1_288' title='bbox 2276 3051 2341 3110; x_wconf 76' lang='lat' dir='ltr'><strong>in</strong></span> <span class='ocrx_word' id='word_1_289' title='bbox 2370 3067 2473 3110; x_wconf 79' lang='lat' dir='ltr'><strong>ve-</strong></span> 
     </span>
     <span class='ocr_line' id='line_1_34' title="bbox 454 3133 2477 3216; baseline 0 -22"><span class='ocrx_word' id='word_1_290' title='bbox 454 3135 636 3214; x_wconf 74' lang='lat' dir='ltr'><strong>stiyio</strong></span> <span class='ocrx_word' id='word_1_291' title='bbox 679 3152 794 3196; x_wconf 78' lang='lat' dir='ltr'><strong>suo</strong></span> <span class='ocrx_word' id='word_1_292' title='bbox 834 3133 1246 3213; x_wconf 78' lang='lat' dir='ltr'><strong>fundamenta</strong></span> <span class='ocrx_word' id='word_1_293' title='bbox 1288 3137 1387 3197; x_wconf 79' lang='lat' dir='ltr'><strong>rei</strong></span> <span class='ocrx_word' id='word_1_294' title='bbox 1418 3155 1483 3215; x_wconf 86' lang='lat' dir='ltr'><strong>p.</strong></span> <span class='ocrx_word' id='word_1_295' title='bbox 1530 3153 1693 3216; x_wconf 82' lang='lat' dir='ltr'><strong>quae</strong></span> <span class='ocrx_word' id='word_1_296' title='bbox 1734 3136 1957 3197; x_wconf 76' lang='lat' dir='ltr'><strong>iecere.</strong></span> <span class='ocrx_word' id='word_1_297' title='bbox 2028 3133 2361 3213; x_wconf 81' lang='lat' dir='ltr'><strong>Fecitque</strong></span> <span class='ocrx_word' id='word_1_298' title='bbox 2343 3152 2477 3212; x_wconf 77' lang='lat' dir='ltr'><strong>ipse</strong></span> 
     </span>
     <span class='ocr_line' id='line_1_35' title="bbox 337 3221 2477 3302; baseline 0.001 -26"><span class='ocrx_word' id='word_1_299' title='bbox 337 3291 348 3302; x_wconf 28' lang='lat'><em>⁶</em></span> <span class='ocrx_word' id='word_1_300' title='bbox 455 3236 522 3277; x_wconf 88' lang='lat' dir='ltr'><strong>se</strong></span> <span class='ocrx_word' id='word_1_301' title='bbox 554 3227 885 3297; x_wconf 89' lang='lat' dir='ltr'><strong>compotem</strong></span> <span class='ocrx_word' id='word_1_302' title='bbox 933 3221 1086 3298; x_wconf 84' lang='lat' dir='ltr'><strong>voti,</strong></span> <span class='ocrx_word' id='word_1_303' title='bbox 1130 3221 1289 3281; x_wconf 85' lang='lat' dir='ltr'><strong>nisus</strong></span> <span class='ocrx_word' id='word_1_304' title='bbox 1333 3221 1725 3299; x_wconf 89' lang='lat' dir='ltr'><strong>omnimodo,</strong></span> <span class='ocrx_word' id='word_1_305' title='bbox 1768 3238 1843 3280; x_wconf 87' lang='lat' dir='ltr'><strong>ne</strong></span> <span class='ocrx_word' id='word_1_306' title='bbox 1888 3237 2057 3298; x_wconf 90' lang='lat' dir='ltr'><strong>quem</strong></span> <span class='ocrx_word' id='word_1_307' title='bbox 2106 3221 2243 3280; x_wconf 83' lang='lat' dir='ltr'><strong>novi</strong></span> <span class='ocrx_word' id='word_1_308' title='bbox 2291 3227 2477 3278; x_wconf 83' lang='lat' dir='ltr'><strong>status</strong></span> 
     </span>
     <span class='ocr_line' id='line_1_36' title="bbox 456 3303 2549 3379; baseline 0.003 -19"><span class='ocrx_word' id='word_1_309' title='bbox 456 3303 802 3379; x_wconf 88' lang='lat' dir='ltr'><strong>paeniteret.</strong></span> <span class='ocrx_word' id='word_1_310' title='bbox 2494 3325 2549 3367; x_wconf 76' lang='lat' dir='ltr'><strong>ss</strong></span> 
     </span>
     <span class='ocr_line' id='line_1_37' title="bbox 583 3384 2632 3469; baseline 0 -23"><span class='ocrx_word' id='word_1_311' title='bbox 583 3384 802 3446; x_wconf 87' lang='lat' dir='ltr'><strong>Urbem</strong></span> <span class='ocrx_word' id='word_1_312' title='bbox 817 3403 1059 3464; x_wconf 89' lang='lat' dir='ltr'><strong>,neque</strong></span> <span class='ocrx_word' id='word_1_313' title='bbox 1092 3405 1198 3466; x_wconf 92' lang='lat' dir='ltr'><strong>pro</strong></span> <span class='ocrx_word' id='word_1_314' title='bbox 1233 3389 1534 3449; x_wconf 87' lang='lat' dir='ltr'><strong>maiestate</strong></span> <span class='ocrx_word' id='word_1_315' title='bbox 1577 3391 1806 3469; x_wconf 89' lang='lat' dir='ltr'><strong>imperii</strong></span> <span class='ocrx_word' id='word_1_316' title='bbox 1851 3397 2109 3450; x_wconf 87' lang='lat' dir='ltr'><strong>ornatam</strong></span> <span class='ocrx_word' id='word_1_317' title='bbox 2142 3398 2200 3448; x_wconf 90' lang='lat' dir='ltr'><strong>et</strong></span> <span class='ocrx_word' id='word_1_318' title='bbox 2237 3387 2475 3447; x_wconf 88' lang='lat' dir='ltr'><strong>inunda-</strong></span> <span class='ocrx_word' id='word_1_319' title='bbox 2631 3403 2632 3424; x_wconf 63' lang='lat'>¹</span> 
     </span>
     <span class='ocr_line' id='line_1_38' title="bbox 453 3429 2633 3610; baseline 0.001 -82"><span class='ocrx_word' id='word_1_320' title='bbox 453 3467 710 3529; x_wconf 89' lang='lat' dir='ltr'><strong>tionibus</strong></span> <span class='ocrx_word' id='word_1_321' title='bbox 755 3468 1157 3564; x_wconf 86' lang='lat' dir='ltr'><strong>incendiisque</strong></span> <span class='ocrx_word' id='word_1_322' title='bbox 1198 3471 1543 3550; x_wconf 87' lang='lat' dir='ltr'><strong>obnoxiam,</strong></span> <span class='ocrx_word' id='word_1_323' title='bbox 1590 3473 1849 3534; x_wconf 83' lang='lat' dir='ltr'><strong>excoluit</strong></span> <span class='ocrx_word' id='word_1_324' title='bbox 1892 3473 2072 3552; x_wconf 86' lang='lat' dir='ltr'><strong>adeo,</strong></span> <span class='ocrx_word' id='word_1_325' title='bbox 2116 3481 2178 3532; x_wconf 89' lang='lat' dir='ltr'><strong>ut</strong></span> <span class='ocrx_word' id='word_1_326' title='bbox 2222 3472 2347 3530; x_wconf 90' lang='lat' dir='ltr'><strong>iure</strong></span> <span class='ocrx_word' id='word_1_327' title='bbox 2396 3473 2477 3531; x_wconf 88' lang='lat' dir='ltr'><strong>sit</strong></span> <span class='ocrx_word' id='word_1_328' title='bbox 2626 3429 2633 3610; x_wconf 69' lang='grc' dir='ltr'>Ι</span> 
     </span>
     <span class='ocr_line' id='line_1_39' title="bbox 451 3553 2474 3669; baseline 0.002 -57"><span class='ocrx_word' id='word_1_329' title='bbox 451 3553 768 3634; x_wconf 85' lang='lat' dir='ltr'><strong>gloriatus,</strong></span> <span class='ocrx_word' id='word_1_330' title='bbox 798 3559 1242 3616; x_wconf 80' lang='lat' dir='ltr'><strong>marmoream</strong></span> <span class='ocrx_word' id='word_1_331' title='bbox 1256 3573 1327 3617; x_wconf 74' lang='lat' dir='ltr'><strong>se</strong></span> <span class='ocrx_word' id='word_1_332' title='bbox 1353 3556 1733 3669; x_wconf 80' lang='lat' dir='ltr'><strong>relinquere,</strong></span> <span class='ocrx_word' id='word_1_333' title='bbox 1769 3575 1953 3639; x_wconf 78' lang='lat' dir='ltr'><strong>quam</strong></span> <span class='ocrx_word' id='word_1_334' title='bbox 1984 3554 2333 3619; x_wconf 73' lang='lat' dir='ltr'><strong>latericiam</strong></span> <span class='ocrx_word' id='word_1_335' title='bbox 2364 3572 2474 3616; x_wconf 79' lang='lat' dir='ltr'><strong>ac-</strong></span> 
     </span>
    </p>
   </div>
  </div>
 </body>
</html>
