2700 4234
932 308 1507 357 vaLLIUs.
2083 300 2207 361 217
2300 374 2313 387 ·

207 467 406 542 tenuit,
442 462 586 525 Gaio
619 481 728 542 per
759 462 1086 539 aurigandi,
1131 460 1373 523 Claudio
1412 480 1520 540 per
1560 462 1727 525 aleae
1766 464 2011 525 studium
2049 466 2207 526 fami-

207 552 388 626 liaris,
425 547 531 609 sed
570 548 862 625 aliquanto
904 545 1126 609 Neroni
1171 548 1501 625 acceptior,
1556 564 1684 607 cum
1722 558 1967 628 propter
2007 549 2207 610 eadem

207 635 374 711 haec,
405 641 520 693 tum
551 631 836 711 peculiari
867 631 1104 705 merito,
1139 629 1294 709 quod
1322 630 1666 708 praesidens
1698 635 1995 693 certamini
2021 633 2205 694 Nero-

208 737 352 793 neo,
397 712 726 794 cupientem
760 716 912 775 inter
957 714 1330 775 citharoedos
1371 714 1755 792 contendere,
1796 734 1908 776 nec
1948 720 2207 798 quamvis

164 798 599 879 sflagitantihus
637 799 860 860 cunctis
903 798 1242 877 promittere
1279 796 1581 857 audentem
1617 798 1868 879 ideoque
1902 818 2207 878 egressum

206 886 433 947 theatro
459 890 870 959 revocaverat,
891 884 1054 960 quasi
1080 882 1514 960 perseverantis
1538 882 1742 960 populi
1762 883 2059 961 legatione
2082 902 2205 945 sus-

206 977 402 1049 cepta,
433 965 904 1044 exorandumque
929 963 1298 1044 praebuerat.

329 1051 524 1114 Trium
558 1053 752 1129 itaque
783 1051 1104 1127 principum
1133 1047 1487 1126 indulgentia
1516 1066 1632 1109 non
1672 1049 1859 1111 solum
1890 1052 2207 1113 honoribus
2238 1062 2273 1113 5

205 1153 410 1197 verum
441 1144 500 1194 et
527 1132 874 1194 sacerdotiis
899 1132 1268 1211 amplissimis
1297 1140 1517 1209 auctus,
1555 1136 2025 1212 proconsulatum
2052 1136 2206 1197 Afri-

141 1238 188 1281 m
209 1238 318 1281 cae
365 1227 503 1297 post
541 1218 690 1279 haec
729 1234 1041 1295 curamque
1081 1234 1325 1295 operum
1368 1216 1731 1295 publicorum
1771 1219 2207 1298 administravit,

207 1314 266 1364 et
288 1302 589 1362 voluntate
614 1300 830 1380 dispari
861 1308 920 1360 et
943 1302 1385 1359 existimatione.
1437 1299 1502 1360 In
1534 1303 1833 1380 provincia
1856 1304 2207 1381 singularem

205 1386 596 1448 innocentiam
620 1386 907 1463 praestitit
931 1384 1166 1445 biennio
1191 1386 1555 1460 continuato,
1582 1404 1709 1445 cum
1732 1387 2069 1451 succedenti
2094 1388 2205 1449 fra-

205 1472 278 1531 tri
299 1471 532 1547 legatus
559 1468 942 1537 substitisset;
973 1476 1030 1528 at
1061 1470 1120 1529 in
1154 1467 1375 1527 urbano
1412 1468 1608 1529 officio
1652 1469 1801 1531 dona
1842 1481 2015 1550 atque
2040 1489 2207 1532 orna·

207 1563 398 1635 menta
414 1553 766 1631 templorum
789 1550 1150 1631 subripuisse
1181 1560 1240 1611 et
1267 1560 1649 1614 commutasse
1675 1554 1953 1632 quaedam
1976 1555 2208 1616 fereba-

146 1654 192 1697 ιι
211 1648 330 1716 tur,
367 1654 593 1717 proque
625 1654 768 1697 auro
801 1646 860 1697 et
899 1644 1141 1713 argento
1179 1644 1441 1695 stannum
1477 1644 1535 1695 et
1568 1636 1957 1699 aurichalcum
1992 1656 2208 1718 suppo-

213 1722 420 1782 suisse.

337 1804 596 1867 Uxorem
625 1801 822 1862 habuit
843 1802 1175 1863 Petroniam
1212 1804 1536 1864 consularis
1565 1804 1673 1863 viri
1696 1803 1905 1881 filiam,
1944 1814 2004 1866 et
2035 1824 2111 1866 ex
2140 1824 2209 1867 ea
2238 1812 2278 1867 6

211 1889 389 1949 filium
421 1887 826 1947 Petronianum
873 1896 1102 1966 captum
1135 1887 1319 1947 altero
1364 1886 1559 1948 oculo.
1637 1888 1804 1970 Hunc
1850 1888 2129 1950 heredem
2176 1909 2209 1951 a

213 1979 398 2033 matre
425 1968 534 2029 sub
563 1970 906 2031 condicione
928 1972 1272 2047 institutum,
1317 1973 1366 2031 si
1402 1972 1473 2031 de
1514 1980 1807 2050 potestate
1842 1975 2021 2053 patris
2056 1974 2207 2036 exis-

143 2074 193 2115 ιο
213 2065 324 2133 set,
349 2072 518 2113 manu
543 2055 726 2114 emisit
749 2053 1055 2132 brevique,
1085 2064 1146 2115 ιιι
1171 2055 1448 2116 creditum
1468 2065 1587 2133 est,
1622 2056 1939 2135 interemit,
1980 2060 2206 2117 insimu-

211 2140 384 2199 latum
421 2140 658 2217 insuper
695 2137 987 2217 parricidii
1021 2148 1080 2199 et
1109 2140 1273 2218 quasi
1303 2148 1563 2219 paratum
1587 2138 1657 2199 ad
1694 2141 1889 2204 scelus
1928 2160 2207 2201 venenum

213 2242 286 2284 ex
329 2222 696 2283 conscientia
734 2222 1040 2283 hausisset.
1106 2221 1306 2283 ‘Duxit
1358 2240 1496 2283 mox
1550 2221 1838 2283 Galeriam
1877 2221 2208 2287 Fundanam

211 2306 510 2387 praetorio
551 2313 752 2383 patre,
799 2324 870 2365 ac
905 2305 976 2367 de
1015 2305 1128 2367 hac
1168 2323 1403 2385 quoque
1444 2306 1667 2366 liberos
1699 2308 1995 2386 utriusque
2030 2326 2207 2368 sexus

210 2390 366 2466 tulit,
399 2388 510 2449 sed
539 2406 754 2449 marem
786 2390 1084 2451 titubantia
1117 2391 1238 2449 oris
1267 2408 1459 2469 prope
1488 2398 1699 2451 mutum
1728 2400 1787 2450 et
1822 2390 2132 2469 elinguem.

143 2491 193 2533 25
335 2474 390 2535 A
419 2472 606 2535 Galba
633 2475 691 2531 in
721 2473 1058 2533 inferiorem
1091 2474 1453 2535 Germaniam
1485 2484 1687 2535 contra
1715 2476 2047 2555 opinionem
2072 2476 2205 2535 mis·
2235 2486 2266 2543 7

213 2576 311 2619 sus
343 2567 452 2619 est.
513 2556 785 2617 Adiutum
818 2566 1018 2636 putant
1048 2558 1114 2618 Τ.
1145 2559 1279 2619 Vini
1311 2558 1624 2637 suffragio,
1658 2568 1791 2620 tunc
1822 2562 2207 2638 potentissimi

211 2649 269 2703 et
302 2643 392 2702 cui
422 2644 538 2702 iam
573 2641 797 2719 pridem
835 2660 942 2719 per
975 2648 1332 2703 communem
1356 2643 1628 2703 factionis
1651 2645 1925 2705 Venetae
1942 2644 2207 2705 favorem

211 2726 560 2787 conciliatus
593 2734 786 2794 esset;
816 2727 926 2785 nisi
958 2726 1114 2804 quod
1147 2725 1328 2787 Galba
1359 2744 1501 2805 prae
1526 2745 1592 2786 se
1616 2727 1779 2804 tulit,
1803 2727 1997 2789 nullos
2022 2728 2207 2787 minus

211 2808 754 2887 metuendos-quam
788 2810 884 2886 qui
915 2808 989 2869 de
1021 2810 1162 2869 solo.
1186 2811 1341 2870 victu
1372 2811 1721 2887 cogitarent,
1754 2813 1823 2869 ac
1858 2828 2039 2889 posse
2074 2827 2205 2888 pro-

145 2892 556 2955 mvincialibus
593 2894 782 2971 copiis
820 2893 1161 2970 profundam
1205 2894 1400 2971 gulam
1444 2895 1569 2953 eius
1616 2894 1875 2971 expleri,
1922 2902 1982 2954 ut
2026 2896 2208 2953 cuivis

211 2976 453 3038 evidens
499 2979 572 3037 sit
617 2985 950 3055 contemptu
991 2978 1178 3054 magis
1218 2995 1386 3055 quam
1443 2978 1629 3055 gratia
1684 2976 1953 3037 electum.
2056 2977 2209 3038 Satis

213 3070 461 3139 constat,
499 3062 726 3121 exituro
756 3062 1026 3120 viaticum
1057 3060 1333 3137 defuisse,
1367 3070 1523 3121 tanta
1556 3069 1821 3137 egestate
1848 3063 1937 3121 rei
1970 3060 2207 3121 familia·

211 3146 326 3222 ris,
357 3154 419 3205 ut
449 3162 638 3205 uxore
671 3153 730 3204 et
756 3144 993 3222 liberm,
1031 3162 1178 3223 quos
1209 3145 1431 3205 Romae
1468 3144 1867 3223 relinquebat,
1908 3144 2205 3205 meritorio

217 3229 538 3291 caenaculo
567 3228 806 3306 abditis,
851 3228 1077 3289 domum
1107 3230 1164 3288 in
1205 3228 1489 3307 reliquam
1528 3237 1751 3307 partem
1794 3230 1928 3289 anni
1970 3227 2206 3289 abloca-

149 3330 196 3373 ³5
213 3322 320 3389 ret,
352 3321 530 3391 utque
563 3331 640 3373 ex
673 3331 810 3372 aure
840 3313 1038 3373 matris
1069 3311 1387 3373 detractum
1420 3315 1687 3371 unionem
1717 3313 2113 3391 pigneraverit
2135 3312 2209 3372 ad

213 3395 434 3457 itineris
463 3397 780 3476 impensas.
843 3393 1204 3457 Creditorum
1239 3395 1470 3473 quidem
1500 3396 1971 3473 praestolantium
2006 3414 2077 3456 ac
2110 3396 2207 3456 de·

213 3478 508 3541 tinentium
540 3479 764 3541 turbam
797 3488 856 3539 et
898 3482 953 3539 in
994 3480 1066 3539 iis
1114 3480 1502 3539 Sinuessanos
1531 3477 2022 3559 Formianosque,
2067 3495 2205 3557 quo-

215 3579 338 3623 rum
368 3562 606 3643 publica
641 3563 957 3641 vectigalia
1001 3564 1444 3640 interverterat,
1505 3564 1736 3625 nonnisi
1777 3574 2006 3624 terrore
2054 3560 2205 3621 calu·
