2700 4234
896 319 1109 369 mvns
1157 319 1539 368 AUGUSTUS.
2133 310 2212 368 55

198 483 435 560 quisque
468 477 715 539 animum
748 474 1072 535 intenderet
1115 493 1187 535 ac
1221 477 1269 534 si
1302 475 1655 536 censendum
1693 478 1879 555 magis
1915 493 2082 554 quam
2115 475 2210 536 ad-

196 562 551 624 sentiendum
584 570 763 621 esset.
1348 584 1358 593 ·

312 648 533 708 Auctor
580 654 638 705 et
688 643 929 703 aliarum
962 660 1155 702 rerum
1197 642 1334 720 fuit,
1389 643 1446 701 in
1485 644 1644 721 quis.-
1693 662 1767 703 ne
1814 652 1944 705 acta
1975 651 2210 703 senatus
2228 651 2296 705 36

192 729 653 809 publicarentur,
709 746 783 787 ne
835 727 1205 803 magistratus
1258 725 1531 805 deposito
1603 727 1828 787 honore
1895 729 2083 785 statim
2154 728 2212 786 in

150 814 525 893 sprevincias
568 814 963 887 mitterentur,
1005 819 1064 869 ut
1108 809 1560 889 proconsulibus
1602 810 1674 872 ad
1702 811 1891 871 mulos
1933 819 1992 869 et
2018 810 2209 881 taber-⁴

187 896 395 957 nacula
438 915 588 974 quae
625 895 858 976 publice
896 895 1081 955 locari
1111 892 1382 953 solebant
1427 901 1586 954 certa
1615 898 1864 974 pecunia
1898 897 2209 955 constitue-

184 991 383 1056 retur,
429 989 488 1039 ut
531 997 669 1041 cura
714 980 900 1038 aerari
952 997 983 1038 a
1020 976 1428 1056 quaestoribus
1481 978 1714 1039 urbanis
1765 979 1836 1039 ad
1880 980 2209 1059 praetorios

184 1074 573 1143 praetoresve
604 1064 908 1139 transiret,
965 1071 1025 1121 ut
1057 1061 1530 1123 centumviralem
1562 1061 1783 1123 hastam
1829 1081 2000 1142 quam
2033 1080 2207 1140 quae·

182 1156 402 1207 sturam
433 1147 607 1207 functi
642 1154 991 1207 consuerant
1013 1162 1233 1222 cogere
1265 1144 1582 1207 decemviri
1614 1156 1917 1225 cogerent.
1961 1146 2208 1224 Quoque
2225 1158 2291 1213 37

116 1231 391 1310 1oplures
433 1240 657 1309 partem
698 1230 1181 1291 administrandae
1224 1230 1312 1289 rei
1358 1248 1416 1309 p.
1469 1240 1783 1309 caperent,
1828 1248 1982 1290 nova
2015 1229 2208 1289 officia

178 1316 576 1392 excogitavit:
636 1332 829 1374 curam
872 1330 1112 1393 operum
1156 1313 1556 1394 publicorum,
1602 1316 1853 1391 viarum,
1909 1331 2204 1393 aquarum,

177 1399 335 1461 alvei
372 1398 626 1475 Tiberis,
662 1399 929 1458 frumenti
962 1397 1183 1477 populo
1214 1396 1530 1474 dividundi,
1564 1397 1994 1477 praefecturam
2023 1397 2204 1473 urbis,

176 1484 599 1543 triumviratum
628 1481 861 1560 legendi
895 1490 1163 1558 senatus,
1203 1489 1263 1541 et
1307 1480 1552 1541 alterum
1580 1481 2051 1560 recognoscendi
2091 1490 2204 1541 tur-

176 1584 298 1627 mas
334 1567 630 1645 equitum,
668 1568 1053 1644 quotiensque
1087 1583 1237 1644 opus
1280 1574 1458 1625 esset.
1537 1564 1833 1627 Censores
1878 1566 2067 1625 creari
2107 1565 2204 1625 de·
2284 1638 2290 1649 ι

113 1666 159 1706 15
180 1654 325 1711 sitos
369 1650 560 1727 longo
610 1649 915 1709 intervallo
963 1652 1202 1709 creavit.
1285 1648 1610 1709 Numerum.
1641 1658 1974 1727 praetorum
2026 1651 2202 1709 auxit.

175 1735 397 1811 Exegit
431 1735 642 1811 etiam,
681 1742 738 1794 ut
771 1735 1037 1812 quotiens
1073 1732 1408 1793 consulatus
1441 1732 1550 1793 sibi
1582 1732 1849 1810 daretur,
1897 1733 2064 1794 binos
2096 1750 2202 1812 pro

177 1818 423 1896 singulis
461 1818 732 1895 collegas
774 1816 1049 1893 haberet,
1098 1834 1211 1877 nec
1245 1818 1521 1896 optinuit,
1568 1816 2019 1878 reclamantibus
2067 1836 2202 1878 cun-

178 1904 465 1963 ctis‘satis
500 1902 860 1961 maiestatem
892 1903 1017 1961 eius
1048 1902 1331 1978 imminui,
1384 1902 1539 1981 quod
1589 1902 1872 1962 honorem
1913 1920 2041 1961 eum
2086 1919 2204 1961 non

176 1986 338 2047 solus
368 1985 481 2046 sed
516 2003 642 2045 cum
678 1983 863 2045 altero
899 1994 1157 2063 gereret.
1230 1985 1359 2046 Nec
1387 1987 1630 2071 parcior
1659 1987 1718 2045 in
1749 1983 1962 2047 bellica
1996 1988 2292 2047 virtute-38
2343 1982 2416 2037 ,l

108 2084 159 2124 20
176 2069 558 2146 honoranda,
617 2086 794 2147 super
846 2071 1075 2147 triginta
1122 2068 1364 2129 ducibus
1409 2071 1591 2130 iustos
1637 2070 1956 2149 triumphos
1999 2078 2058 2130 et
2101 2070 2201 2130 ali·
2257 2092 2264 2097 ·

176 2163 389 2233 quanto
422 2152 1089 2234 pluribus'triumphalia
1119 2162 1456 2214 ornamenta
1491 2154 1859 2241 decernenda
1893 2146 2148 2234 curavit,

296 2238 534 2297 Liberis
567 2247 931 2315 senatorum,
964 2254 1079 2317 qno
1108 2238 1358 2298 celerius
1387 2239 1476 2296 rei
1508 2256 1565 2317 p.
1597 2246 2032 2314 assuescerent,
2067 2254 2201 2316 pro-

174 2323 325 2381 tinus
366 2341 398 2382 a
450 2320 615 2380 virili
651 2330 793 2398 toga
824 2322 997 2401 latum
1044 2323 1271 2399 clavum
1302 2319 1543 2381 induere
1575 2329 1634 2380 et
1678 2323 1872 2382 curiae
1917 2321 2202 2380 interesse

176 2408 491 2487 permisit,
546 2404 919 2483 militiamque
970 2404 1408 2484 auspicantibus
1464 2422 1582 2465 non
1636 2404 1982 2488 tribunatum
2029 2403 2202 2464 modo

110 2503 161 2543 25
178 2490 507 2567 legionum,
540 2488 645 2548 sed
678 2498 734 2549 et
765 2488 1417 2567 praefecturas'alarum
1441 2488 1636 2558 dedit;
1667 2507 1738 2548 ac
1764 2507 1837 2548 ne
1863 2489 1960 2566 qui
1984 2506 2202 2567 expers

178 2584 507 2634 castrorum
538 2582 731 2650 esset,
762 2572 931 2632 bino‘s
960 2573 1307 2652 plerumque
1338 2572 1671 2653 laticlavios
1716 2574 2057 2652 praeposuit
2089 2572 2200 2631 sin-

179 2658 331 2734 gulis
370 2658 504 2718 alis.
1336 2666 1339 2672 ’

306 2740 585 2820 Equitum
628 2749 842 2800 turmas
873 2740 1211 2819 frequenter
1252 2741 1631 2819 recognovit,
1669 2734 1802 2819 post
1845 2739 2081 2816 longam
2120 2741 2199 2798 in·

182 2825 623 2904 tercapedinem
651 2823 895 2884 reducto
931 2841 1093 2883 more
1136 2825 1538 2885 travectionis.
1593 2822 1727 2884 -Sed
1757 2841 1946 2901 neque
1980 2822 2203 2883 detrahi

114 2928 165 2970 ao
185 2925 529 2987 quemquam
586 2910 644 2967 in
704 2907 1062 2975 travehendo
1102 2908 1173 2968 ab
1222 2916 1570 2968 accusatore
1616 2925 1824 2986 passus
1875 2914 1992 2984 est,
2050 2906 2205 2986 quod

182 2992 309 3051 lieri
339 2991 593 3069 solebat,
630 3002 688 3051 et
716 2993 883 3051 senio
905 2992 1002 3051 vel
1029 2988 1229 3072 aliqua
1254 2992 1526 3070 corporis
1557 2990 1690 3051 labe
1716 2991 2038 3068 insignibus
2071 3009 2215 3068 per*

180 3076 369 3157 misit,
398 3077 725 3154 ‘praemisso
757 3078 815 3135 in
848 3075 1051 3136 ordine
1086 3093 1279 3159 equo,
1328 3075 1402 3135 ad
1433 3074 1901 3154 respondendum
1936 3076 2204 3154 quotiens

185 3159 502 3220 citarentur
535 3160 782 3239 pedibus
821 3161 1053 3229 venire;
1098 3177 1238 3219 mox
1289 3158 1570 3220 reddendi
1603 3160 1738 3237 equi
1778 3159 2021 3235 gratiam
2062 3158 2206 3219 fecit

188 3242 299 3317 eis,
347 3244 446 3321 qui
491 3246 745 3305 maiores
798 3261 1074 3305 annorum
1119 3246 1372 3323 quinque
1421 3252 1479 3303 et
1509 3244 1744 3321 triginta
1783 3244 2037 3303 retinere
2075 3260 2204 3303 eum
2322 3302 2328 3307 .

120 3338 171 3379 35
190 3324 409 3385 nollent
422 3350 442 3397 ;
496 3328 940 3407 impetratisque
996 3348 1028 3389 a
1081 3338 1284 3389 senatu
1335 3328 1542 3388 decem
1590 3326 1979 3405 adiutoribus,
2035 3346 2206 3387 unum
2221 3340 2288 3394 39

191 3412 471 3488 quemque
505 3413 758 3490 equitum
786 3412 1070 3472 rationem
1101 3414 1254 3473 vitae
1288 3412 1538 3473 reddere
1571 3414 1770 3490 coegit
1801 3420 1975 3490 atque
2010 3429 2085 3472 ex
2119 3413 2200 3471 in-

190 3490 448 3568 probatis
479 3495 629 3555 alios
662 3513 889 3575 poena,
938 3496 1087 3556 alios
1122 3498 1434 3574 ignominia
1465 3499 1713 3574 notavit,
1759 3495 1960 3575 plures
2003 3495 2196 3555 admo·

190 3574 435 3656 uitione,
474 3578 580 3637 sed
620 3581 798 3641 varia.
869 3580 1247 3641 Leuissimum
1273 3598 1460 3659 genus
1492 3581 1896 3641 admonitionis
1937 3580 2042 3638 fuit
2083 3586 2191 3638 tra-
