2700 4234
948 303 1157 352 mvus
1188 303 1552 354 cLAunms.
2111 293 2230 356 153

142 455 146 459 ’
236 477 371 537 cas,
409 467 469 518 et
504 458 621 519 hoc
646 435 891 537 amplius
922 458 1073 537 patri
1107 457 1406 518 circenses
1441 475 1660 518 annuos
1692 457 1866 519 natali
1897 458 2022 528 die;
2065 461 2231 521 matri

237 550 607 622 carpentum,
642 558 757 620 quo
789 559 898 619 per
930 541 1145 624 circum
1186 538 1527 617 duceretur,
1575 549 1634 601 et
1675 559 2002 620 cognomen
2031 542 2228 620 Augu-

234 635 391 703 stae,
423 625 495 685 ab
530 628 663 685 viva
691 619 1037 684 recusatum.
1100 622 1194 683 Ad
1223 624 1417 684 fratris
1444 627 1808 722 memoriam,
1865 644 1972 704 per
2005 644 2230 686 omnem

234 710 605 770 occasionem
638 707 1017 784 celebratam,
1051 706 1407 768 comoediam
1433 703 1664 788 qu'oque
1696 708 1972 769 Graecam
1994 708 2227 789 Neapo-

181 807 207 846 5
233 794 411 854 litano
457 791 770 852 certamine
815 791 1009 851 docuit
1052 809 1123 851 ac
1162 789 1233 850 de
1282 793 1566 852 sententia
1619 791 1864 852 iudicum
1907 794 2224 853 coronavit.

227 876 319 937 Ne
344 875 599 936 Marcum
628 875 857 954 quidem
880 874 1189 934 Antonium
1212 874 1614 942 inhonoratum
1637 894 1706 935 ac
1733 877 1857 936 sine
1884 885 2051 952 grata
2073 893 2226 936 men·

144 965 149 970 ’
228 963 387 1020 tione
424 959 767 1038 transmisit,
800 967 1043 1018 testatus
1066 953 1351 1038 quondam
1383 975 1490 1034 per
1515 957 1792 1037 edictum,
1824 969 1982 1020 tanto
2007 961 2224 1040 impen-

228 1047 349 1104 sius
380 1051 615 1138 petere
614 1061 679 1105 se
704 1051 763 1102 ιιι
792 1042 1038 1102 natalem
1065 1041 1244 1120 patris
1263 1040 1438 1101 Drusi
1469 1041 1864 1121 celebrarent,
1898 1043 2052 1122 quod
2076 1041 2227 1104 idem

228 1135 391 1187 esset
424 1119 494 1186 'et
535 1119 631 1186 avi
672 1127 757 1185 sui
798 1125 1055 1185 Antonii.
1140 1123 1475 1184 Tiberiom
1420 1141 1800 1186 mrmoreum
1845 1145 2039 1186 arcum
2069 1129 2226 1186 iuxta

160 1219 207 1261 ¹⁰
224 1209 469 1290 Pompei
501 1209 811 1295 theatrum,
846 1207 1141 1268 decretum
1161 1207 1390 1287 quidem
1408 1226 1442 1269 o
1467 1211 1542 1268 im
1565 1227 1598 1270 a
1617 1219 1818 1270 senatu
1834 1229 1908 1270 ve
1943 1228 2034 1270 um
2057 1211 2224 1269 omis-

225 1311 389 1369 sum,
425 1279 673 1382 peregit.
700 1291 801 1353 Gai
830 1309 1061 1370 quoque
1082 1294 1190 1352 etsi
1216 1301 1342 1352 acta
1370 1293 1556 1353 omnia
1573 1293 1838 1370 rescidit,
1869 1293 1904 1354 d
1930 1312 2019 1362 em
2038 1303 2226 1353 tamen

162 1437 165 1440 ,
223 1378 424 1451 necis,
459 1359 715 1454 quamvis
751 1375 1049 1435 exordium
1082 1377 1436 1455 principatus
1467 1377 1587 1454 sui,
1630 1379 1811 1437 vetuit
1848 1365 1998 1437 inter
2036 1377 2224 1437 festos

160 1509 170 1514 -
222 1461 458 1520 referri.

358 1542 438 1602 At
478 1543 537 1602 in
582 1550 764 1602 semet
800 1542 1066 1619 augendo
1112 1561 1324 1642 parcus
1364 1553 1536 1623 atque
1577 1543 1798 1620 civflis,
1849 1547 2223 1624 praenomine
2242 1556 2308 1609 12

158 1642 208 1683 15
224 1626 603 1706 Imperatoris
644 1625 947 1702 abstinuit,
1000 1628 1209 1686 nimios
1254 1627 1512 1688 honores
1549 1628 1872 1704 recusavit,
1930 1627 2226 1706 sponsalia

224 1711 382 1771 filiae
408 1708 773 1787 natalemque
805 1711 985 1786 geniti
1016 1712 1247 1798 nepotis
1286 1710 1518 1770 silentio
1555 1729 1622 1772 ac
1663 1718 1876 1770 tantum
1907 1710 2225 1770 domestica

222 1793 517 1870 religione
558 1795 858 1870 transegit.
920 1788 1222 1854 Neminem
1264 1793 1494 1860 exulum
1521 1795 1630 1854 nisi
1660 1813 1736 1854 ex
1764 1801 1998 1854 senatus
2029 1803 2224 1854 aucto-

220 1880 399 1936 ritate
450 1877 717 1936 restituit.
772 1877 850 1938 Ut
878 1876 986 1938 sibi
1022 1878 1079 1935 in
1118 1879 1331 1937 curiam
1363 1877 1718 1958 praefectum
1755 1879 2012 1956 praetori
2052 1877 2223 1937 tribu-

220 1976 459 2037 nosque
477 1959 709 2018 militum
732 1979 927 2020 secum
944 1959 1218 2020 inducere
1242 1960 1481 2039 liceret,
1517 1971 1690 2040 utque
1706 1971 1828 2022 rata
1852 1970 2050 2022 essent
2075 1978 2224 2039 quae

148 2055 201 2096 20
222 2036 643 2124 procuratores
672 2045 756 2102 sui
787 2046 843 2103 in
868 2043 1172 2105 iudicando
1202 2053 1552 2122 statuerent,
1585 2047 1852 2124 precario
1884 2047 2100 2122 exegit.
2131 2045 2225 2104 Ius

218 2125 597 2186 nundinarum
638 2127 695 2185 in
737 2129 963 2207 privata
996 2127 1231 2207 praedia
1276 2147 1307 2188 a
1340 2128 1672 2188 consulibus
1703 2130 1865 2208 petit.
1926 2126 2223 2205 Cognitio-

219 2210 394 2270 nibus
418 2211 851 2286 magistratuum
868 2220 934 2277 ,ιιι
964 2229 1107 2270 unus
1137 2229 1169 2270 e
1201 2211 1544 2283 consiliariis
1568 2212 1905 2290 frequenter
1936 2213 2222 2280 interfuit;

146 2357 159 2372 x
220 2292 465 2354 eosdem
495 2294 833 2372 spectacula
866 2294 1089 2355 edentis
1124 2313 1370 2372 surgens
1403 2304 1462 2354 et
1487 2295 1613 2373 ipse
1653 2311 1778 2354 cum
1824 2303 2020 2355 cetera
2061 2294 2225 2354 turba

218 2394 375 2437 voce
408 2394 479 2437 ac
506 2394 674 2436 manu
698 2387 1007 2439 veneratus
1030 2386 1137 2438 est.
1172 2378 1289 2439 TR.
1322 2377 1428 2438 PL.
1459 2376 1795 2438 adeuntibus
1820 2396 1886 2436 se
1912 2395 2020 2456 pro
2049 2377 2222 2437 tribu-

148 2477 199 2518 25
218 2460 335 2520 nali
372 2465 706 2537 excusavit,
741 2461 895 2540 quod
926 2470 1170 2542 propter
1190 2463 1486 2538 angustias
1515 2479 1631 2521 non
1658 2470 1864 2540 posset
1895 2461 2088 2522 audire
2117 2479 2224 2521 eos

218 2543 335 2603 nisi
366 2551 605 2604 stantes.
650 2546 844 2619 Quare
878 2547 935 2604 in
968 2544 1133 2604 brevi
1178 2547 1368 2624 spatio
1402 2554 1612 2606 tantum
1644 2545 1855 2605 amoris
1888 2545 2223 2625 favorisque

219 2627 501 2703 collegit,
548 2636 608 2687 ut
650 2646 779 2689 cum
822 2629 1148 2708 profectum
1189 2647 1317 2688 eum
1362 2625 1578 2689 Ostiam
1621 2631 1846 2708 perisse
1897 2647 1972 2689 ex
2005 2629 2224 2688 insidiis

213 2711 535 2770 nuntiatum
576 2720 765 2788 esset,
820 2729 1027 2790 magna
1083 2715 1552 2773 consternatione
1595 2713 1846 2790 populus
1887 2722 1945 2772 et
1989 2713 2224 2772 militem

216 2793 389 2872 quasi
425 2792 817 2870 proditorem,
859 2804 918 2855 et
952 2804 1208 2855 senatum
1242 2797 1406 2875 quasi
1436 2795 1778 2875 parricidam
1812 2794 1948 2856 diris
1984 2813 2222 2856 execra-

144 2875 482 2936 actionibus
514 2878 813 2938 incessere
846 2895 963 2938 non
994 2887 1125 2939 ante
1156 2877 1466 2956 destiterit,
1498 2881 1664 2958 q'uam
1697 2896 1840 2938 unus
1871 2888 2042 2958 atque
2079 2879 2225 2939 alter

213 2968 274 3020 et
304 2976 454 3019 mox
487 2959 714 3039 plures,
752 2979 785 3020 a
816 2961 1245 3038 magistratibus
1273 2965 1328 3022 in
1360 2972 1552 3022 rostra
1588 2961 1882 3040 producti,
1915 2961 2136 3021 salvum
2167 2971 2225 3022 et

210 3041 693 3124 appropinquare
724 3044 1092 3104 affirmarent.

336 3125 476 3186 Nec
520 3131 710 3187 tamen
754 3146 968 3208 expers
1004 3127 1327 3188 insidiarum
1382 3147 1564 3208 usque
1607 3147 1832 3209 quaque
1892 3128 2224 3208 permansit,
2241 3137 2310 3191 13

209 3209 317 3270 sed
349 3219 412 3269 et
444 3228 477 3270 a
508 3209 751 3287 singulis
781 3220 840 3270 et
870 3228 977 3290 per
1017 3211 1340 3274 factionem.
1372 3221 1430 3272 et
1465 3213 1710 3291 denique
1756 3211 1909 3273 civili
1950 3211 2109 3274 bello
2138 3214 2219 3272 in·

137 3311 190 3353 85
210 3292 467 3356 festatus
498 3302 607 3352 est.
643 3291 694 3354 E
728 3293 903 3373 plebe
938 3294 1111 3356 homo
1144 3305 1320 3355 nocte
1350 3295 1536 3356 media
1565 3298 1721 3357 iuxta
1747 3294 2067 3356 cubiculum
2099 3298 2221 3356 eius

210 3393 341 3437 cum
383 3377 649 3455 pugione
694 3376 1093 3456 deprehensus
1137 3388 1252 3448 est;
1300 3382 1520 3459 reperti
1567 3389 1625 3440 et
1669 3381 1958 3460 equestris
2004 3379 2222 3440 ordinis

206 3460 324 3521 duo
355 3462 419 3519 in
455 3459 695 3539 publico
726 3478 852 3521 cum
882 3460 1095 3522 dolone
1126 3480 1195 3522 ac
1224 3463 1526 3524 venatorio
1561 3463 1747 3525 cultro
1774 3463 2222 3542 praestolantes,

206 3543 363 3604 alter
398 3551 462 3602 ut
494 3561 799 3619 egressum
828 3543 1083 3623 theatro,
1128 3545 1274 3606 alter
1302 3555 1363 3606 ut
1398 3547 1818 3608 sacrificantem
1845 3545 1998 3626 apud
2025 3545 2224 3606 Martis

56 1275 73 1304 Ι
