2700 4234
920 276 1340 328 mmmmm.
1855 284 1883 329 1
1902 284 2032 351 xm

203 446 344 501 fatus
377 446 491 497 est.
549 437 694 495 Hinc
725 438 784 493 fit
805 444 864 493 nt
898 439 1148 511 reliquas
1179 455 1402 511 quoque
1432 440 1791 510 diversitates
1823 442 1879 498 in
1903 444 2029 501 solo

200 524 458 584 Leidensi
498 522 647 580 libro
690 528 945 594 repertas
990 522 1295 579 scribentis
1324 526 1416 581 vel
1446 540 1643 582 errore
1675 525 1766 581 vel
1796 526 2031 584 arbitrio

204 616 353 669 ortas
383 614 611 681 putem,
656 605 900 677 ideoque
931 606 988 662 in
1021 606 1274 664 ordinem
1316 624 1428 665 non
1469 610 1800 682 receperim.
1894 610 2034 667 Sunt

201 709 337 751 vero
370 695 516 749 hae:
558 708 611 763 p.
639 696 764 759 258,
798 695 864 748 14
889 689 1028 746 Post
1049 690 1170 762 hos,
1202 697 1270 751 29
1297 694 1487 763 valuit,
1514 699 1584 753 32
1608 693 1897 765 diliqenter
1926 696 2031 750 ali-

198 777 349 851 quid,
385 794 442 849 p.
471 782 598 845 259,
639 781 706 835 13
739 775 1152 845 apparandum,
1187 781 1257 833 22
1281 790 1314 833 e
1341 778 1487 843 ludo,
1520 794 1579 849 p.
1607 782 1734 847 260,
1765 782 1832 839 37
1867 794 2028 835 mox·

196 877 302 935 que
331 876 494 933 equo,
525 876 582 932 p.
612 864 737 929 263,
769 863 803 917 6
830 857 1030 915 Mirati
1048 874 1336 929 summum,
1378 879 1432 935 p.
1470 865 1596 932 264,
1626 866 1694 921 37
1710 861 2026 933 publicave·

195 951 318 1016 rat,
352 962 402 1017 p.
437 948 574 1011 266,
606 949 677 1002 33
703 944 1058 1025 pepercisse,
1103 960 1158 1017 p.
1196 949 1320 1015 268,
1358 952 1393 1005 3
1428 946 1691 1016 paululo,
1736 952 1804 1005 14
1836 961 2029 1003 conve-

195 1032 377 1099 niant,
407 1045 461 1099 p.
480 1033 605 1097 269,
627 1031 661 1087 6
687 1042 799 1081 non
826 1043 961 1098 una,
993 1035 1061 1086 10
1087 1032 1141 1082 et
1162 1042 1388 1100 presse,
1418 1046 1472 1101 p.
1496 1034 1621 1100 270,
1651 1037 1685 1089 5
1712 1030 1854 1085 idem
1877 1030 2025 1099 milti,

202 1122 266 1175 15
297 1113 501 1182 studia,
536 1117 606 1171 26
627 1109 912 1167 Mancino.
974 1112 1182 1184 Recepi
1215 1118 1397 1169 tamen
1422 1129 1565 1185 quae
1598 1114 1692 1170 vel
1722 1114 1845 1170 sine
1880 1115 2029 1172 libro

198 1196 531 1268 recipienda
559 1200 749 1251 erant:
779 1210 834 1267 p.
851 1200 1024 1266 258,4
1049 1210 1350 1270 generque,
1381 1203 1418 1258 8
1438 1199 1793 1269 optimatium,
1826 1214 1881 1271 p.
1904 1204 2029 1269 262,

200 1286 275 1341 38
303 1280 584 1349 cauliculi,
626 1296 681 1352 p.
713 1284 853 1349 270,
886 1284 958 1341 38
983 1280 1208 1335 salsum.

335 1362 424 1418 Ad
467 1363 886 1421 confirmandam
931 1364 1147 1420 codicis
1191 1364 1484 1422 Leidensis
1526 1366 1687 1422 tidem
1733 1381 1845 1423 non
1894 1381 2025 1422 raro

195 1447 426 1505 dubiam
445 1453 609 1518 atque
641 1447 938 1519 ancipitem
969 1448 1192 1504 multum
1213 1449 1537 1506 Florentino
1574 1449 1750 1506 editio
1781 1448 2024 1519 confert,

190 1533 371 1591 multo
401 1531 528 1604 plus
563 1529 844 1588 Gudianus
881 1532 1082 1588 codex.
1174 1531 1394 1604 Quippe
1428 1532 1687 1604 editioni,
1716 1534 1875 1589 cuius
1908 1532 2026 1589 sin-

191 1616 420 1688 gularia
457 1630 783 1671 enumerare
826 1631 937 1671 non
971 1615 1206 1685 attinet,
1252 1620 1360 1673 tam
1400 1616 1715 1687 propinqua
1748 1632 1871 1672 cnm
1903 1616 2028 1672 Lei-

193 1698 526 1757 densilibro
563 1700 728 1769 origo
761 1704 868 1769 est,
899 1704 958 1754 ut
987 1714 1098 1755 non
1129 1715 1262 1757 raro
1297 1700 1523 1756 easdem
1554 1700 1803 1756 maculas
1834 1705 2024 1755 tra-xe-

189 1785 299 1854 rit,
353 1790 416 1840 ut
455 1800 512 1855 p.
543 1786 668 1853 257,
697 1788 768 1841 24
807 1788 861 1839 ei
902 1787 1098 1839 celeris
1116 1824 1133 1853 ,
1183 1802 1240 1857 p.
1274 1789 1381 1844 260
1399 1825 1415 1855 ,
1460 1791 1529 1843 10
1557 1782 2024 1857 Scytobaeleionis,

187 1886 250 1942 p.
279 1874 410 1937 263,
445 1873 510 1925 11
540 1868 733 1940 quasi,
775 1872 839 1928 17
872 1868 1179 1924 litterarum
1211 1868 1498 1938 omissum,
1530 1884 1585 1941 p.
1620 1873 1747 1939 264,
1778 1873 1849 1929 36
1874 1866 2023 1939 infe-

186 1956 374 2023 riore,
409 1968 469 2024 p.
499 1956 641 2022 266,
669 1956 738 2012 26
772 1966 875 2007 nec
903 1954 994 2023 ni,
1026 1970 1081 2026 p.
1112 1956 1233 2020 267,
1264 1958 1331 2013 17
1362 1968 1532 2008 unum
1560 1954 1673 2022 vel,
1703 1970 1760 2025 p.
1791 1958 1930 2024 270,
1960 1959 2025 2011 10

187 2037 543 2093 ordinarium
560 2076 578 2105 ,
609 2041 676 2093 14
706 2040 775 2105 el,
805 2053 862 2107 p.
899 2041 1024 2106 271,
1063 2040 1129 2097 27
1163 2035 1423 2093 Pisonem
1454 2038 1833 2108 personalem,
1868 2044 1933 2098 31
1966 2039 2023 2091 in

188 2123 404 2194 {speum
446 2112 670 2194 eratss).

307 2205 386 2261 At
417 2219 558 2261 vero
588 2202 870 2261 Gudianus
900 2204 1118 2274 codex,
1161 2204 1308 2261 idem
1340 2210 1397 2260 et
1429 2204 1669 2277 optimus
1701 2210 1757 2259 et
1784 2204 2018 2276 plurima

189 2288 507 2361 singuiaria
525 2281 601 2364 ⁴⁴)
635 2288 929 2345 continens
949 2328 968 2359 ,
1011 2293 1120 2343 tam
1152 2288 1322 2359 longe
1356 2306 1387 2345 a
1419 2288 1681 2345 Leidensi
1708 2287 1913 2358 distat,
1964 2294 2022 2344 ut

187 2388 486 2445 numquam
515 2372 574 2428 in
611 2370 788 2442 vitiis,
817 2371 928 2428 nisi
955 2371 1383 2446 antiquissimiS,
1416 2372 1743 2444 conspirent
1772 2387 1879 2427 nec
1910 2371 2020 2427 nisi

187 2475 327 2514 vera
371 2455 686 2514 communia
726 2456 986 2513 habeant.
1078 2455 1385 2513 Gudianum
1426 2456 1678 2514 codicem
1724 2472 1845 2511 cum
1890 2460 2019 2511 ante

187 2557 294 2597 nos
344 2556 512 2598 nemo
558 2540 968 2610 consuluisset,
1013 2540 1320 2597 cavendum
1358 2540 1463 2596 fuit
1513 2557 1582 2596 ne
1625 2531 1859 2615 nova⁴⁶)
1896 2540 2019 2595 eius

329 2668 427 2735 43)
481 2669 646 2720 Etiam
692 2685 806 2721 cum
841 2670 1160 2721 Berolinensi
1207 2671 1363 2732 libro,
1413 2670 1551 2737 quod
1588 2670 1879 2722 mirandum
1921 2678 2017 2730 est,

187 2738 464 2791 Leidensis
511 2738 690 2806 lapsus
731 2740 976 2804 quosdam
1031 2754 1325 2791 communes
1361 2740 1539 2797 habet,
1585 2748 1641 2789 ut
1682 2754 1735 2805 p.
1772 2739 1904 2801 260,
1952 2738 2020 2789 38

185 2824 288 2859 non
323 2808 598 2869 omissum,
642 2822 693 2873 p.
737 2806 865 2869 263,
904 2809 971 2859 24
1001 2817 1050 2860 et
1082 2810 1323 2873 magister
1358 2808 1645 2871 Ciceronis,
1688 2822 1751 2873 .p.
1788 2806 1920 2869 268,
1959 2806 2021 2855 10

186 2892 290 2929 non
328 2884 516 2929 essent.

327 2948 423 3011 44)
475 2945 727 3013 Exempla
784 2945 912 2997 haec
951 2946 1080 3001 sint·
1138 2964 1190 3013 p.
1247 2946 1481 3009 257,17
1540 2962 1646 2996 enm
1696 2948 1748 2996 in
1794 2947 2015 3010 regione,

183 3032 236 3085 p.
287 3016 426 3077 258,
485 3014 553 3066 23
607 3016 894 3066 conductum
946 3022 1004 3067 ue
1056 3018 1259 3077 multos,
1327 3016 1397 3065 27
1463 3018 1657 3083 quidem
1718 3016 1887 3066 docuit
1933 3016 2019 3075 ad,

185 3102 239 3153 p.
278 3084 417 3146 261,
458 3084 524 3135 13
573 3100 679 3137 cum
717 3086 768 3135 in
804 3086 1014 3146 iudicio,
1068 3085 1133 3136 17
1163 3087 1350 3137 aetatis
1386 3086 1661 3145 omissum,
1719 3100 1772 3151 p.
1812 3082 1941 3145 262,

189 3154 514 3206 censebatur.
575 3152 680 3205 Sic
695 3154 993 3234 philologus.
1051 3154 1224 3217 Quod,
1278 3152 1343 3205 16
1382 3155 1548 3211 ouius,
1584 3153 1654 3205 20
1698 3156 1780 3203 vel
1812 3168 1882 3203 ex
1922 3152 2017 3212 his,

185 3226 252 3276 22
285 3215 434 3273 κατὰ
484 3215 902 3289 γραμματικοὺς
936 3238 1094 3289 supra
1128 3238 1360 3278 versum.
1405 3222 1474 3275 38
1508 3231 1587 3292 et*
1590 3222 1753 3283 libra,
1802 3222 1856 3273 in
1882 3214 2017 3271 mai·-

185 3295 308 3361 gine
353 3308 489 3358 una,
656 3292 788 3354 263,
846 3293 913 3344 35
969 3294 1493 3357 consuetudinemque,
1539 3307 1593 3359 p.
1632 3290 1765 3354 264,
1812 3293 1848 3341 4
1894 3290 2017 3354 fuit,

183 3377 238 3428 p.
279 3330 518 3425 265,1’1
558 3362 616 3423 Q.
658 3370 808 3428 aeque
843 3361 1019 3422 Seoen‘,
1063 3362 1123 3412 21
1168 3363 1542 3427 grammaticum
1574 3361 1816 3427 quendam
1855 3359 2018 3410 Grae-

183 3447 307 3496 cum,
345 3447 400 3499 p.
423 3430 599 3493 268,4
632 3435 715 3484 eut·
749 3431 1013 3492 omissum,
1049 3446 1100 3497 p.
1123 3431 1243 3493 270,
1275 3432 1337 3482 17
1375 3434 1480 3481 etus
1518 3431 1782 3490 omissum,
1819 3445 1873 3496 p.
1895 3428 2018 3489 271,

180 3501 252 3552 26
285 3517 384 3553 sna
420 3516 608 3565 magna
643 3503 846 3553 invidia.

322 3570 420 3636 45)
479 3568 596 3620 Non
632 3569 808 3621 dubito
847 3570 969 3634 quin
1016 3568 1225 3621 inventa
1271 3583 1406 3621 nunc
1443 3568 1661 3635 primum
1697 3566 1750 3619 in
1788 3566 2018 3617 Gudiano
2076 3588 2083 3595 ·
