2700 4234
394 255 509 317 130
564 266 623 316 ο.
660 264 962 316 sum-om
994 264 1253 324 TRANQ.
1278 264 1376 310 DE
1412 264 1577 312 vrrA
1612 263 2152 398 CAESARUMNLOE
2179 263 2312 312 1111.

385 422 806 491 educabantur3
858 437 996 481 mox
1034 419 1212 481 Lucio
1262 418 1466 481 Cassio
1522 417 1787 498 Longino
1849 417 2140 480 consulari
2196 418 2402 480 conlo·

386 515 571 568 catam
604 504 844 566 abduxit
880 513 941 565 et
984 505 1044 564 in
1080 502 1311 564 modum
1360 504 1546 578 iustae
1589 504 1786 563 uxoris
1824 502 2127 582 propalam
2166 502 2402 574 habuit;

380 589 659 652 heredem
689 607 921 670 quoque
953 588 1236 648 bonorum
1266 597 1439 667 atque
1467 588 1698 666 imperii
1743 603 1924 662 aeger
1962 587 2219 646 instituit.
2281 587 2400 648 Ea-

382 675 515 736 dem
543 673 842 750 defuncta,
899 673 1172 732 iustitium
1214 671 1449 749 indixit,
1508 672 1567 731 in
1610 688 1723 750 quo
1767 671 1969 731 risisse
2011 670 2231 732 lavisse
2263 689 2400 732 cae-

380 776 553 820 nasse
585 776 712 820 cum
742 756 1079 836 parentibus
1122 764 1220 815 aut
1254 757 1506 832 coniuge
1541 754 1819 816 liberisve
1859 755 2076 835 capital
2105 755 2230 816 fuit.
2302 755 2402 816 Ac
2429 771 2456 810 s

378 843 662 905 maeroris
693 841 1030 920 impatiens,
1090 857 1219 900 cum
1256 848 1504 918 repente
1535 849 1712 900 noctu
1748 839 2112 919 profugisset
2142 839 2214 900 ah
2248 839 2400 900 urbe
2628 848 2634 879 t

377 927 1009 1003 transcucurrissetque
1045 921 1448 1002 Campaniam,
1490 924 1815 999 Syracusas
1852 925 2024 1002 petit,
2075 941 2399 1003 rursusque

378 1009 512 1071 inde
562 1026 820 1089 propere
867 1008 1067 1086 rediit,
1124 1006 1304 1069 barba
1353 1006 1686 1088 capilloque
1741 1008 2062 1087 promisso;
2117 1026 2230 1067 nee
2263 1027 2398 1067 nm-

379 1111 547 1175 quam
582 1103 788 1173 postea
817 1094 1290 1173 quantiscumque
1322 1092 1399 1152 de
1424 1090 1642 1169 rebus,
1705 1110 1780 1152 ne
1811 1109 1920 1171 pro
1953 1093 2230 1152 contione
2275 1094 2398 1172 qui-

264 1239 271 1246 ,
379 1178 509 1239 dem
540 1178 740 1258 populi
770 1185 865 1238 aut
896 1176 1047 1255 apud
1074 1176 1321 1253 milites,
1374 1177 1485 1236 nisi
1520 1194 1629 1254 per
1659 1193 1870 1237 numen
1900 1175 2195 1237 Drusillae
2237 1175 2396 1236 deie-
2418 1187 2468 1230 1⁶

376 1262 545 1322 ravit.
630 1260 913 1339 Reliquas
954 1277 1193 1321 sorores
1228 1278 1338 1320 nec
1373 1259 1685 1340 cupiditate
1723 1269 1879 1322 tanta
1913 1279 2024 1320 nec
2057 1260 2397 1337 dignatione

378 1345 612 1420 dilexit,
677 1352 739 1404 ut
778 1361 921 1425 quas
962 1363 1145 1423 saepe
1178 1344 1432 1404 exoletis
1477 1345 1595 1404 suis
1625 1346 2036 1423 prostraverit:
2093 1362 2209 1423 quo
2239 1344 2396 1405 faci-

351 1429 485 1490 -lius
522 1445 624 1488 eas
657 1429 716 1488 in
750 1423 926 1488 cansa
958 1428 1171 1490 Aemili
1207 1427 1414 1508 Lepidi
1459 1427 1864 1488 condemnavit
1893 1429 2055 1509 quasi
2099 1427 2397 1489 adulteras

376 1521 435 1572 et
463 1510 794 1572 insidiarum
818 1511 1098 1574 adversus
1120 1531 1186 1572 se
1218 1514 1487 1574 conscias
1513 1515 1586 1572 ei.
1621 1511 1678 1572 N
1679 1531 1751 1572 ec
1777 1513 1964 1573 solum
1997 1512 2398 1591 chirographa

375 1597 652 1671 omnium,
735 1598 1017 1677 requisita
1068 1596 1272 1658 fraude
1322 1616 1392 1658 ac
1450 1605 1686 1676 stupro,
1750 1597 2102 1674 divulgavit,
2171 1595 2279 1656 sed
2333 1605 2394 1656 et
2413 1613 2456 1653 ιε

374 1690 496 1742 tres
524 1679 755 1758 gladios
783 1682 839 1740 in
870 1699 1075 1742 necem
1104 1699 1263 1743 suam
1296 1689 1680 1760 praeparatos
1709 1680 1877 1743 Marti
1908 1680 2132 1759 Ultori,
2189 1679 2384 1757 addito

375 1764 605 1843 elogio,
664 1766 1051 1826 consecravit.
2120 1800 2132 1813 ·

287 1854 356 1909 25
494 1847 853 1908 Matrimonia
902 1850 1260 1908 contraxerit
1301 1851 1523 1927 turpius
1573 1867 1645 1910 an
1678 1848 1958 1909 dimiserit
1994 1868 2069 1911 an
2109 1851 2386 1926 tenuerit,

372 1946 489 1990 non
520 1939 610 1990 est
637 1931 813 1990 facile
853 1931 1211 1991 discernere.
1298 1931 1516 1993 Liviam
1563 1931 1896 1994 Orestillam
1929 1931 1994 1994 G.
2038 1933 2235 1995 Pisoni
2284 1951 2384 1992 nu-

371 2013 633 2091 bentem,
696 2032 826 2074 cum
876 2015 946 2076 ad
998 2015 1252 2094 officium
1312 2025 1374 2076 et
1424 2017 1556 2096 ipse
1605 2020 1894 2095 venisset,
1957 2017 2029 2080 ad
2071 2035 2138 2078 se
2182 2017 2392 2078 deduci
2409 2033 2461 2074 20

370 2098 708 2176 imperavit,
768 2101 1033 2179 intraque
1093 2117 1315 2178 paucos
1375 2100 1500 2161 dies
1561 2102 1918 2181 repudiatam
1975 2101 2208 2163 biennio
2254 2111 2395 2183 post

369 2180 691 2260 relegavit,
760 2183 916 2262 quod
947 2185 1239 2262 repetisse
1284 2203 1447 2245 usum
1490 2186 1702 2265 prioris
1735 2188 1924 2247 mariti
1961 2195 2227 2265 tempore
2269 2203 2392 2245 me·

374 2263 467 2324 dio
500 2264 822 2328 videbatur.
891 2267 1011 2328 Alii
1041 2268 1290 2346 tradunt,
1340 2269 1650 2330 adhibitum
1685 2289 1904 2331 caenae
1933 2270 2190 2350 nuptiali,
2232 2288 2390 2330 man·

371 2349 542 2410 dasse
572 2349 643 2411 ad
668 2350 939 2412 Pisonem
971 2361 1173 2414 contra
1208 2353 1676 2415 accumbentem:
1723 2351 1874 2417 Noli
1897 2373 2160 2416 umorem
2187 2372 2392 2415 meam

362 2436 685 2511 premere!
737 2437 1043 2516 statimque
1068 2435 1115 2496 ‘e
1148 2439 1416 2504 convivio
1449 2437 1764 2500 abduxisse
1791 2457 1990 2500 secum
2019 2456 2090 2500 ac
2118 2440 2388 2518 proximo
2407 2457 2462 2499 25

368 2516 461 2576 die
495 2517 781 2596 edixisse,
840 2521 1297 2582 matrimonium
1324 2521 1450 2582 sibi
1473 2529 1786 2602 repertum
1827 2523 2108 2602 exemplo
2140 2522 2396 2584 Romuli

368 2605 430 2662 et
453 2595 735 2680 Augusti.
804 2603 1047 2665 Lolliam
1077 2605 1405 2683 Paulinam,
1467 2606 1533 2669 G.
1564 2606 1832 2668 Memmio
1880 2608 2172 2670 consulari
2213 2626 2387 2668 exer-

368 2684 515 2746 citus
544 2688 775 2762 regenti
814 2699 1103 2768 nuptam,·
1134 2690 1288 2751 facta
1317 2694 1612 2752 mentione
1647 2694 1812 2753 aviae
1845 2694 1967 2753 eius
1997 2701 2060 2752 ut
2098 2691 2389 2772 quondam

363 2767 825 2849 pulcherrimae,
885 2774 1075 2835 subito
1124 2793 1201 2835 ex
1246 2777 1550 2853 provincia
1595 2779 1868 2837 evocavit
1922 2795 1992 2836 ac
2045 2777 2388 2854 perductam

362 2870 398 2914 a
436 2855 642 2914 marito
693 2859 989 2919 coniunxit
1038 2857 1177 2937 sibi,
1244 2858 1528 2939 brevique
1569 2863 1801 2922 missam
1841 2861 2016 2939 fecit,
2070 2859 2462 2920 interdictoao

364 2937 696 3018 cuiusquam
724 2942 782 3000 in
814 2951 1159 3023 perpetuum
1205 2944 1382 3004 coitu.
1473 2942 1818 3006 Caesoniam
1858 2962 2049 3023 neque
2100 2945 2250 3006 facie
2300 2945 2386 3002 in-

363 3020 517 3100 signi
549 3040 741 3102 neque
774 3035 965 3088 aetate
991 3028 1221 3106 integra
1264 3033 1621 3108 matremque
1650 3031 1761 3090 iam
1802 3047 1879 3089 ex
1905 3028 2021 3089 alio
2054 3029 2182 3088 viro
2213 3029 2388 3088 trium

358 3105 637 3183 filiarum,
698 3108 803 3169 sed
828 3110 1089 3172 luxuriae
1130 3130 1200 3172 ac
1232 3111 1509 3173 lasciviae
1553 3113 1846 3193 perditae,
1891 3122 1951 3173 et
1995 3113 2292 3174 ardentius
2323 3121 2389 3171 et

362 3192 717 3252 constantius
760 3198 993 3273 amavit,
1038 3204 1100 3256 ut
1140 3215 1322 3276 saepe
1370 3197 1616 3258 clamide
1649 3197 1924 3278 peltaque
1970 3207 2030 3256 et
2069 3197 2242 3275 galea
2283 3213 2385 3256 or-

358 3281 549 3335 natam
609 3293 679 3336 ac
738 3279 892 3339 iuxta
950 3279 1378 3359 adequitantem
1431 3281 1703 3343 militibus
1759 3281 2114 3359 ostenderit,
2177 3282 2463 3341 amicisas

357 3374 501 3418 vero
563 3360 734 3418 etiam
794 3362 1029 3434 nudam;
1089 3367 1294 3425 uxorio
1351 3368 1584 3426 nomine
1633 3367 1670 3403 '¹‘
1728 3365 1994 3443 dignatus
2055 3374 2147 3426 est
2209 3383 2386 3444 quam

360 3441 615 3518 enixam,
674 3461 789 3504 uno
833 3455 1005 3525 atque
1038 3447 1245 3510 eodem
1276 3448 1370 3509 die
1417 3452 1721 3528 professus
1755 3460 1816 3510 et
1843 3452 2106 3511 maritum
2149 3469 2214 3509 se
2251 3451 2384 3509 eius

360 3527 441 3580 et‘
468 3533 690 3602 patrem
756 3528 990 3590 infantis
1044 3549 1119 3592 ex
1170 3550 1241 3592 ea
1288 3542 1478 3594 natae.
1565 3534 1850 3596 Infantem
1894 3545 2120 3614 autem,
2172 3533 2386 3596 Iuliam
