2700 4234
4 2964 8 3027 t

1110 359 1319 411 amno.
1846 339 1855 347 ’
2093 356 2216 416 175

223 516 525 596 multiplex
554 533 760 594 penus,
786 522 1046 575 tesserae
1075 515 1498 593 frumentariae,
1533 517 1736 596 vestis,
1769 535 1985 596 aurum,
2009 537 2217 599 argen-

225 612 358 678 tum,
398 616 679 678 gemmae,
717 599 1087 676 margaritae,
1112 597 1343 658 tabulae
1375 601 1588 678 pictae,
1619 603 1926 681 mancipia,
1951 603 2216 683 iumenta,

223 693 393 764 atque
424 686 593 744 etiam
626 690 958 742 mansuetae
988 682 1171 758 ferae,
1206 683 1520 745 novissime
1548 703 1760 762 naves,
1795 686 2036 765 insulae,
2071 689 2218 766 agri.

220 768 343 828 Hos
373 759 541 828 ludos
574 767 863 845 spectavit
908 784 939 825 e
984 767 1260 845 prosceni
1304 766 1561 845 fastigio.
1649 768 1924 846 Munere,
1965 770 2118 850 quod
2163 773 2219 831 in
2236 779 2303 833 12

174 867 199 906 ε
224 851 644 930 amphitheatro
676 850 873 928 ligneo
905 850 1150 926 regione
1178 847 1368 910 Martii
1401 851 1587 931 campi
1617 853 1764 913 intra
1797 853 1927 913 anni
1972 856 2218 932 spatium

220 935 503 997 fabricato
532 932 708 1008 dedit,
741 933 1025 993 neminem
1061 933 1305 1010 occidit,
1342 953 1414 993 ne
1460 937 1765 995 noxiorum
1813 935 2072 1015 quidem;
2118 957 2216 998 ex-

218 1019 399 1080 hibuit
430 1027 617 1078 autem
642 1016 714 1077 ad
737 1018 953 1077 ferrum
980 1017 1149 1076 etiam
1175 1016 1628 1096 quadringentos
1653 1029 1956 1080 senatores
1983 1039 2218 1082 sescen-

221 1114 426 1182 tosque
460 1103 684 1180 equites
705 1100 1018 1176 Romanos,
1046 1109 1105 1159 et
1128 1100 1406 1179 quosdam
1435 1097 1700 1163 fortunae
1731 1111 1900 1182 atque
1931 1106 2217 1167 existima-

220 1188 395 1247 tionis
425 1187 711 1262 integrae,
748 1203 823 1243 ex
861 1184 1043 1244 isdem
1074 1183 1374 1244 ordinibus
1407 1185 1782 1246 confectores
1813 1205 2046 1267 quoque
2069 1189 2216 1249 fera-

154 1287 199 1327 10
218 1289 345 1332 rum
378 1277 435 1329 et
465 1270 623 1328 varia
657 1267 906 1328 harenae
938 1269 1281 1339 ministeria3
1315 1267 1575 1329 exhibuit
1606 1278 1666 1330 et
1687 1271 2079 1332 'naumachiam
2101 1290 2216 1333 ma·

216 1357 340 1414 rina
378 1370 546 1430 aqua,
578 1351 899 1412 innantibus
940 1351 1159 1421 beluis;
1206 1354 1341 1411 item
1387 1353 1686 1431 pyrrichas
1727 1354 1998 1434 quasdam
2039 1374 2072 1415 e
2117 1374 2216 1415 nu-

217 1455 380 1498 mero
419 1435 797 1516 epheborum,
832 1436 1036 1514 quibus
1067 1445 1201 1515 post
1236 1435 1444 1496 editam
1476 1453 1714 1517 operam
1746 1437 2054 1518 diplomata
2081 1440 2217 1500 civi-

219 1523 351 1581 tatis
382 1520 676 1581 Romanae
706 1519 949 1597 singulis
982 1520 1207 1598 optulit.
1270 1520 1428 1580 Inter
1457 1520 1852 1599 pyrricharum
1884 1532 2219 1600 argumenta

221 1614 416 1664 taurus
446 1603 787 1682 Pasiphaam
820 1602 1019 1682 ligneo
1050 1606 1333 1664 iuvencae
1368 1604 1675 1664 simulacro
1708 1603 1953 1665 abditam
1985 1607 2125 1684 iniit,
2157 1615 2220 1666 ut

151 1697 199 1736 15
218 1687 379 1747 multi
422 1679 801 1764 spectantium
850 1686 1244 1757 crediderunt;
1300 1686 1500 1748 Icarus
1544 1688 1728 1768 primo
1775 1689 1962 1749 statim
2009 1697 2220 1756 conatu

219 1773 378 1830 iuxta
413 1768 733 1830 cubiculum
758 1773 881 1830 eius
907 1770 1120 1831 decidit
1149 1771 1448 1849 ipsumque
1475 1788 1684 1831 cruore
1705 1773 2008 1851 respersit.
2070 1770 2217 1833 Nam

220 1869 465 1934 perraro
508 1853 863 1933 praesidere,
899 1863 1153 1915 ceterum
1189 1853 1499 1931 accubans,
1540 1855 1732 1934 parvis
1779 1858 2021 1939 primum
2062 1856 2215 1917 fora-

218 1936 487 2014 minibuS,
520 1937 729 1997 deinde
760 1947 882 1998 toto
916 1939 1093 2018 podio
1128 1937 1406 2018 adaperto
1439 1947 1710 2018 spectare
1743 1949 2072 2000 consuerat.

347 2020 593 2080 Instituit
626 2030 683 2080 et
713 2022 1137 2100 quinquennale
1170 2029 1463 2082 certamen
1487 2023 1702 2102 primus
1727 2023 1976 2083 omnium
1996 2023 2216 2084 Romae

145 2121 199 2162 20
218 2122 383 2164 more
430 2104 655 2166 Graeco
705 2105 950 2184 triplex,
1002 2107 1278 2165 musicum
1336 2108 1662 2184 gymnicum
1719 2114 2028 2186 equestre,
2063 2106 2216 2186 quod

218 2189 537 2268 appellavit
573 2187 862 2258 Neronia;
916 2189 1315 2267 dedicatisque
1379 2189 1614 2250 thermis
1667 2200 1839 2270 atquc
1895 2192 2214 2268 gymnasio,

218 2274 439 2332 senatui
471 2289 700 2351 quoque
733 2282 793 2332 et
824 2273 1001 2350 equiti
1032 2273 1223 2333 oleum
1254 2271 1539 2352 praebuit.
1595 2274 1909 2355 Magistros
1932 2282 2057 2334 toto
2089 2292 2214 2335 cer-

217 2357 416 2415 tamini
448 2357 786 2433 praeposuit
814 2357 1155 2416 consulares
1188 2365 1369 2434 sorte,
1403 2357 1544 2417 sede
1585 2367 1933 2436 praetorum.
1988 2357 2214 2417 Deinde

216 2440 275 2498 in
308 2438 667 2498 orchestram
699 2447 1071 2517 senatumque
1099 2440 1419 2518 descendit,
1455 2449 1514 2502 et
1542 2441 1816 2502 orationis
1841 2441 2070 2521 quidem
2093 2459 2213 2501 car-

138 2545 191 2584 25
218 2521 505 2600 minisque
534 2521 716 2581 Latini
747 2539 1041 2600 coronam,
1074 2522 1146 2584 de
1178 2542 1289 2602 qua
1318 2524 1754 2586 honestissimus
1797 2528 2039 2605 quisque
2077 2542 2212 2586 con-

216 2604 503 2682 tenderat,
536 2608 793 2684 ipsorum
828 2623 1116 2669 consensu
1153 2623 1494 2669 concessam
1529 2608 1638 2668 sibi
1666 2610 1922 2688 recepit,
1959 2609 2216 2670 citharae

215 2697 407 2750 autem
436 2707 469 2750 a
498 2689 781 2750 iudicibus
816 2691 887 2752 ad
920 2710 984 2750 se
1011 2691 1257 2751 delatam
1280 2691 1544 2752 adoravit
1584 2692 1840 2770 ferrique
1873 2694 1943 2753 ad
1968 2692 2216 2770 Augusti

216 2781 462 2833 statuam
492 2775 675 2834 iussit.
766 2773 1068 2851 Gymnico,
1101 2773 1257 2852 quod
1302 2777 1358 2834 in
1391 2775 1585 2855 Septis
1630 2773 1868 2852 edebat,
1914 2777 2063 2835 inter
2113 2774 2212 2834 bu-

214 2856 445 2930 thysiae
486 2866 825 2938 apparatum
870 2857 1107 2918 barbam
1152 2859 1391 2938 primam
1433 2861 1654 2938 posuit,
1712 2858 2114 2938 conditamque
2158 2860 2215 2917 in

138 2963 191 3006 30
214 2958 453 3000 auream
481 2941 752 3019 pyxidem
783 2951 842 3001 et
871 2942 1308 3021 pretiosissimis
1330 2944 1658 3020 margaritis
1681 2941 2014 3004 adornatam
2046 2939 2212 3020 Capi-

213 3023 361 3084 tolio
398 3027 782 3086 consecravit.
873 3024 966 3085 Ad
1010 3024 1349 3085 athletarum
1393 3026 1788 3105 spectaculum
1845 3025 2106 3086 invitavit
2157 3034 2217 3085 et

212 3109 475 3185 virgines
497 3109 790 3186 Vestales,
823 3111 956 3188 quia
984 3108 1285 3188 Olympiae
1333 3127 1566 3188 quoque
1611 3109 1848 3192 Cereris
1897 3095 2212 3170 sacerdoti·

210 3191 322 3251 bus
353 3200 623 3271 spectare
658 3193 1011 3252 conceditur.
1490 3223 1497 3229 ·

345 3275 476 3335 Non
506 3277 789 3336 immerito
820 3279 969 3336 inter
1001 3275 1336 3354 spectacula
1369 3275 1439 3337 ab
1472 3293 1544 3336 eo
1578 3278 1731 3363 edita
1761 3285 1820 3338 et
1849 3276 2115 3338 Tiridatis
2155 3277 2214 3334 in
2233 3272 2301 3328 13

134 3381 190 3423 ³5
213 3357 417 3420 urbem
447 3359 737 3420 introitum
763 3360 1076 3421 retulerim.
1167 3359 1351 3435 Quem
1381 3359 1690 3422 Armeniae
1721 3380 1946 3440 regem,
1991 3359 2216 3438 magnis

213 3442 735 3522 pollicitationibus
769 3443 1153 3520 sollicitatum,
1188 3456 1315 3503 cum
1346 3442 1632 3504 destinato
1683 3463 1792 3524 per
1830 3445 2076 3506 edictum
2123 3442 2215 3502 die

212 3534 555 3586 ostensurus
582 3527 803 3606 populo
854 3537 1097 3608 propter
1128 3526 1382 3587 nubilum
1410 3525 1750 3606 distulisset,
1788 3526 2059 3608 produxit
2101 3541 2214 3603 quo

214 3612 709 3689 opportunissime
750 3613 953 3690 potuit,
1006 3610 1303 3691 dispositis
1348 3611 1505 3672 circa
1550 3612 1665 3672 fori
1717 3613 1933 3690 templa
1983 3607 2211 3669 armatis
