2700 4234
952 322 1369 372 PRAEFATIO.
1979 328 2056 375 xl

351 480 418 556 2)
448 481 730 554 praefatio
755 482 824 537 ad
847 481 907 538 Ο.
935 480 1242 553 Septicium
1267 480 1487 538 Clarum
1510 484 1855 555 praefectum
1882 502 2050 557 prae-

229 567 376 623 torio
410 567 506 623 vel
545 566 890 638 praefectum
930 564 1410 637 praetorianarum
1452 567 1796 637 cohortium,
1842 568 1897 623 in
1942 586 2049 641 qua

228 652 297 707 de
325 649 578 705 consilio
607 664 710 705 suo
740 649 1074 721 scriptorem
1105 648 1371 704 docuisse
1410 650 1671 723 suspicor
1698 664 1843 723 qnae
1871 652 2048 709 lecto-

227 750 344 789 rum
377 732 532 788 scire
562 733 848 787 intererat.

349 812 416 889 3)
477 814 776 871 Caesarum
835 814 1048 885 gentile
1099 821 1359 886 stemma,
1416 810 1639 891 στέμμα
1698 823 2049 893 συγγενικόν

227 887 551 969 Καισάρων
585 896 699 972 (uti
730 898 996 969 scriptum
1027 895 1206 954 fuisse
1237 900 1483 957 iudicavi
1510 918 1562 973 p.
1596 906 1732 971 283,
1774 908 1811 962 8
1841 909 1897 958 et
1922 908 2049 974 287,

227 990 292 1043 25
323 984 414 1039 vel
449 1000 481 1037 a
516 981 690 1037 Suida
716 982 806 1037 vel
841 982 1050 1037 Suidae
1079 980 1363 1059 auctore).
1449 984 1774 1041 Desiderari
1812 1002 1842 1042 a
1871 987 2047 1044 lecto·

228 1067 388 1123 ribus
435 1066 604 1121 talem
654 1065 882 1135 generis
933 1064 1229 1121 Caesarum
1283 1067 1748 1141 descriptionem,
1792 1070 2047 1140 vulgaria

233 1150 486 1221 exempla
531 1147 788 1205 Suetonii
833 1149 1162 1205 documento
1215 1156 1342 1206 sunt
1392 1152 1513 1207 eius
1554 1152 1703 1207 modi
1746 1154 2047 1209 stemmatis

233 1233 521 1289 instructa.
609 1232 803 1303 Neque
840 1232 1138 1302 ignorasse
1166 1240 1394 1289 veteres
1424 1234 1483 1290 id
1518 1235 1845 1305 artificium,
1886 1234 2047 1295 testis

239 1322 325 1371 est
351 1315 700 1387 Tranquillus
733 1314 856 1386 ipse
893 1332 943 1387 p.
978 1322 1104 1379 188.
1138 1322 1190 1375 8.

361 1394 424 1471 4)
457 1398 602 1453 Libri
623 1398 808 1470 primi,
845 1398 940 1469 qui
970 1400 1040 1453 de
1063 1399 1204 1455 Divo
1227 1400 1372 1456 lulio
1404 1406 1510 1469 est,
1542 1400 1775 1455 initium.
1838 1400 2047 1456 Neces-

239 1482 394 1537 sario
427 1481 568 1537 enim
604 1481 988 1551 Tranquillus,
1033 1498 1193 1555 quem
1236 1483 1304 1539 ad
1341 1483 1561 1539 modum
1601 1483 1659 1538 in
1695 1484 1931 1555 reliquis
1960 1484 2047 1539 vi-

236 1566 308 1620 tis
353 1565 542 1619 face-re
587 1564 911 1634 consuevit,
958 1564 1028 1619 de
1073 1565 1248 1621 Iuliae
1287 1566 1534 1622 familiae
1578 1566 1800 1637 origine
1831 1566 2047 1623 Albana

234 1664 300 1704 ac
339 1648 578 1704 Troiana
629 1648 990 1719 eiusdemque
1039 1648 1432 1718 incrementis,
1488 1654 1599 1703 tum
1638 1650 1709 1704 de
1752 1648 2049 1705 Caesarum

231 1731 456 1788 nomine
502 1738 561 1785 et
606 1746 846 1801 genere,
896 1737 1181 1802 postremo
1227 1732 1298 1786 de
1349 1732 1531 1803 ipsius
1585 1732 1711 1787 Divi
1750 1732 1877 1786 Iulii
1922 1737 2047 1787 ortu

233 1816 568 1883 futuraeque
599 1814 990 1884 magnitudinis
1029 1814 1240 1885 signis,
1269 1815 1340 1871 de
1370 1815 1575 1887 puerili
1607 1814 1959 1871 institutione
1990 1821 2049 1870 et

231 1896 522 1968 magistris
553 1903 907 1969 exposuerat.
971 1897 1106 1952 Inde
1141 1914 1443 1969 superesse
1474 1898 1719 1955 arbitror
1748 1895 2045 1955 frustulum

230 2000 286 2053 p.
319 1986 444 2050 286,
476 1986 510 2041 9
537 1981 801 2049 relatum,
847 1982 992 2052 quod
1023 1996 1317 2053 perperam
1347 1982 1733 2038 Broukhusius
1764 1998 1839 2037 ex
1864 1999 1919 2054 p.
1954 1986 2045 2052 79,

231 2072 320 2133 35,
351 2062 712 2120 casaubonus
755 2064 898 2120 adeo
943 2081 1015 2119 ex
1059 2080 1116 2135 p.
1148 2070 1284 2134 226,
1323 2070 1574 2125 31——33
1604 2065 1913 2121 derivatum
1942 2080 2041 2121 vo-

233 2150 424 2203 luerat.
493 2149 573 2202 De
605 2146 902 2204 Caesarum
931 2147 1154 2203 nomine
1181 2148 1507 2219 Spartianus
1537 2164 1758 2219 quoque
1792 2148 1849 2203 in
1877 2147 2043 2204 Aelio

231 2233 382 2287 Vero
413 2248 539 2303 cap.
571 2237 608 2287 2
641 2236 698 2285 ct
729 2230 968 2286 Servius·
994 2231 1064 2287 ad
1096 2232 1267 2302 Verg.
1301 2231 1443 2287 Aen.
1483 2240 1546 2300 1,
1578 2236 1681 2291 286
1723 2231 2045 2302 Tranquillo

231 2321 461 2371 auctore
491 2314 582 2371 usi
615 2328 743 2369 esse
771 2314 1048 2371 videntur.
1136 2316 1218 2370 De
1247 2315 1521 2385 magistro
1556 2314 1680 2385 ipse
1710 2314 2045 2369 mentionem

231 2398 368 2455 fecit
397 2415 452 2469 p.
488 2386 623 2468 266,
654 2405 739 2456 15.

351 2480 548 2537 Omnia
587 2482 728 2536 haec
769 2496 910 2551 quae
953 2482 1118 2537 modo
1161 2481 1601 2538 enumeravimus
1646 2481 2041 2553 complectenti

231 2563 405 2619 facile
428 2563 706 2619 videbitur
733 2564 958 2634 integer
991 2566 1284 2636 quaternio
1311 2564 1607 2637 deperisse
1630 2564 1751 2621 eius
1780 2564 2043 2637 exempli,

228 2646 378 2702 unde
409 2653 601 2701 nostra
629 2647 811 2704 omnia
835 2654 1146 2719 propagata
1178 2655 1321 2705 sunt.
1383 2648 1548 2703 Facta
1580 2664 1709 2704 esse
1742 2664 1807 2702 ea
1830 2648 2043 2703 iactura

230 2732 397 2786 debet
432 2736 564 2801 post
592 2730 796 2801 Lydum
825 2731 920 2801 qui
955 2733 1182 2788 saeculo
1211 2734 1284 2788 Vl
1317 2732 1499 2787 medio
1530 2731 1792 2803 scripsit,
1828 2736 1887 2786 et
1917 2736 2044 2786 ante

228 2814 306 2868 lx
334 2814 622 2869 saeculum
649 2830 758 2885 quo
789 2814 1140 2871 Memmianus
1187 2816 1332 2871 liber
1374 2815 1618 2885 scriptus
1650 2820 1769 2882 est,
1809 2813 2047 2869 omnium

231 2901 290 2950 ut
320 2896 720 2967 integerrimus
761 2897 835 2953 ita
883 2904 940 2953 et
980 2899 1424 2967 vetustissimus,
1465 2897 1568 2953 sed
1610 2896 1795 2969 capite
1824 2901 1883 2951 et
1918 2895 2043 2969 ipse

229 2986 516 3036 truncatus
549 2987 604 3035 et
645 2988 920 3052 tamquam
953 2997 1046 3037 res
1085 2982 1240 3037 salva
1283 2987 1472 3051 esset,
1510 2980 1813 3037 maiuscula
1855 2978 2044 3035 littera

231 3062 432 3119 initiali
464 3069 522 3118 et
548 3064 834 3122 versiculo
865 3064 1150 3121 rubricato
1179 3071 1429 3120 ornatus.

345 3147 964 3203 DistribuitSuetonius
989 3162 1128 3221 opus
1154 3148 1224 3203 de
1239 3147 1538 3204 Caesarum
1561 3147 1675 3203 vita
1705 3147 1773 3201 in
1805 3146 1908 3201 lib
1925 3161 2000 3201 rc
2016 3160 2043 3201 s
2058 3150 2337 3243 ffifflthff

229 3235 428 3295 octo:
475 3236 632 3286 certe
663 3231 812 3287 nulla
842 3231 1064 3286 videtur
1098 3247 1226 3287 esse
1255 3232 1459 3287 idonea
1494 3246 1697 3299 causa,
1734 3244 1834 3285 cur
1862 3226 2044 3284 veteri
2334 3228 2342 3241 ’

228 3313 552 3369 testimonio
597 3331 650 3385 p.
683 3320 820 3383 283,
866 3320 904 3373 8
929 3314 1092 3369 iidem
1124 3315 1479 3385 derogemus.
1568 3312 1855 3369 Librorum
1899 3310 2043 3367 eni-

231 3394 696 3453 Suetonianorum
736 3399 842 3453 hac
888 3397 946 3452 in
995 3414 1058 3451 re
1099 3396 1247 3452 nulla
1301 3396 1607 3453 auctoritas
1657 3412 1785 3451 esse
1833 3401 2042 3467 potest,

229 3484 522 3550 postquam
549 3480 714 3537 titulo
749 3497 858 3535 una
893 3496 1014 3535 cum
1041 3479 1320 3551 principio
1364 3479 1555 3552 operis
1586 3478 1880 3552 deperdito
1916 3478 2040 3548 ipsa

231 3573 449 3633 quoqne
497 3563 810 3637 descriptio
853 3562 1146 3620 obscurari
1175 3569 1377 3636 coepta
1414 3569 1519 3619 est.
1604 3563 1795 3633 ltaque
1838 3561 2040 3616 factum
