2700 4234
483 272 1044 324 DEPERDITORUM
1086 272 1450 322 menomm
1492 272 1895 335 RELIQUIAE.
2082 260 2205 321 307

201 450 412 512 equus,
443 430 666 490 fructus
697 426 940 487 alicuius
969 426 1086 495 rei;
1132 428 1210 487 ita
1244 426 1489 487 alterum
1522 428 1594 488 ad
1638 436 1912 506 parentes
1956 426 2208 505 pertinet

203 525 258 576 et
287 514 356 576 ad
399 515 488 574 ius
521 512 868 587 liberorum,
895 509 1146 571 alterum
1177 510 1251 571 ad
1280 512 1676 589 possessionis
1705 510 1973 571 fructum.

320 596 476 657 Inter
505 596 810 656 terminum
842 604 901 655 et
931 593 1127 672 finem]
1175 595 1453 655 terminus
1485 604 1577 655 est
1606 595 1760 673 loci,
1813 593 1941 653 finis
1973 593 2092 664 rei·
2150 602 2209 654 et

202 682 468 741 terminus
499 679 686 741 dictus
719 688 810 739 est
837 676 910 738 ab
943 694 1033 742 eo
1050 677 1204 755 quod
1236 679 1403 757 quasi
1425 687 1639 739 terram
1661 680 1895 753 minuat,
1924 676 2053 737 finis
2078 684 2208 756 pot·

155 777 183 817 5
205 774 290 826 est
319 781 454 824 esse
486 764 658 823 etiam
687 762 838 822 ultra
862 763 1182 821 terminum.

319 846 518 909 Honos
542 891 560 923 ‚
594 845 818 924 honor]
873 846 921 904 si
951 844 1128 904 fuerit
1157 843 1378 920 bonos,
1433 853 1495 904 ut
1534 861 1723 924 nepos
1761 844 1867 904 dos
1903 845 2207 922 sacerdos,

202 932 468 1010 genetivo
501 947 638 991 casu
668 930 742 989 sit
768 928 1034 1004 bonotis,
1064 936 1128 986 ut
1157 925 1309 986 dotis
1339 928 1699 997 sacerdotis;
1732 929 1809 988 ita
1837 928 2075 989 dicimus
2103 928 2209 989 bo·

201 1033 307 1076 nor
337 1024 400 1074 ut
428 1014 633 1090 arbor,
666 1013 904 1073 honoris
935 1020 994 1071 ut
1022 1010 1269 1071 arboris.

36 1162 38 1185 Ι
322 1097 479 1160 Inter
519 1097 730 1157 fretum
775 1104 834 1155 et
871 1095 1066 1173 mare]
1116 1094 1324 1155 fretum
1367 1102 1456 1155 est
1500 1096 1726 1172 angusti
1764 1096 1939 1157 maris
1984 1094 2210 1171 fauces,

131 1198 184 1239 10
204 1198 359 1242 mare
405 1190 494 1241 est
533 1188 739 1260 patens
782 1187 840 1239 et
881 1178 1000 1238 late
1048 1176 1320 1246 effusum
1368 1178 1446 1238 ita
1488 1178 1641 1257 quod
1674 1196 1835 1239 mare
1864 1188 2093 1239 estnon
2122 1187 2213 1239 est

203 1266 442 1340 fretum,
477 1263 633 1343 quod
664 1263 874 1324 fretum
902 1261 1101 1341 utique
1132 1278 1291 1321 mare
1324 1270 1435 1321 est.
2242 1286 2251 1291 ·
2279 1328 2282 1333 ,

326 1346 485 1407 Inter
534 1346 882 1407 absconsum
937 1352 996 1405 et
1047 1343 1477 1424 absconditum]
1516 1343 1895 1422 absconsum,
1950 1346 2001 1405 si
2050 1345 2209 1426 quic·

205 1448 370 1531 quam
401 1439 460 1490 et
491 1429 717 1491 sublata
747 1429 1186 1508 praepositione
1215 1437 1423 1507 posset
1447 1446 1581 1488 esse
1608 1445 1873 1498 cousum;
1907 1446 2059 1489 nunc
2083 1446 2211 1488 cum

36 1570 38 1573 ,
205 1516 279 1575 sit
311 1514 628 1588 conditum,
673 1512 878 1573 melius
923 1519 1045 1588 est,
1096 1511 1250 1590 quod
1292 1513 1463 1573 etiam
1503 1530 1655 1572 nunc
1696 1520 1895 1573 servat
1928 1512 2212 1589 originem

36 1646 38 1649 ,
134 1603 186 1644 1⁵
207 1616 390 1671 suam,
426 1596 844 1658 absconditum.

36 1698 39 1705 ·
327 1679 484 1740 luter
518 1689 816 1760 potentem
860 1679 1094 1741 divitem
1140 1678 1499 1758 locupletem
1555 1678 1933 1757 pecuniosum
1980 1678 2213 1738 beatum

205 1774 264 1825 et
292 1764 669 1843 opulentum]
708 1772 922 1842 potens
969 1761 1189 1823 viribus
1236 1772 1294 1823 et
1337 1763 1585 1841 imperio
1633 1762 1873 1839 dicitur,
1942 1761 2211 1838 locuples

203 1847 505 1907 dicebatur
546 1847 734 1925 apud,
759 1846 1024 1926 antiquos
1057 1846 1153 1925 qui
1183 1847 1331 1907 locis
1363 1846 1624 1925 plurimis
1656 1844 2017 1922 abundabat,
2050 1846 2215 1905 dives

82 1958 88 1963 ⁷
202 1930 453 2009 pecunia
484 1946 623 1989 auro
655 1938 712 1989 et
752 1937 992 2006 argento
1023 1947 1054 1990 a
1082 1948 1433 1991 nummorum
1467 1931 1637 2009 copia
1669 1929 1878 2005 dictus,
1910 1930 2215 2008 pecuniosi

129 2021 238 2075 ²⁰a
270 2012 583 2092 pecoribus
625 2013 760 2073 dicti
803 2012 1026 2093 (facilis
1079 2014 1227 2073 enim
1287 2023 1415 2075 erat
1450 2032 1643 2074 rerum
1680 2014 2044 2073 commutatio
2087 2030 2216 2073 cum

203 2097 295 2157 his
336 2096 432 2174 qui
476 2114 546 2157 ea
583 2096 948 2176 habebant3)
994 2097 1200 2156 beatus
1243 2097 1432 2158 animo
1473 2099 1601 2175 qui,
1646 2096 1871 2157 etiamsi
1912 2113 2059 2174 opes
2100 2112 2217 2156 non

203 2180 404 2254 babet,
425 2188 614 2241 tamen
643 2182 774 2259 quia
805 2198 907 2240 eas
936 2197 1053 2240 non
1076 2178 1393 2256 desiderat,
1425 2179 1499 2240 ab
1521 2180 1639 2241 hoc
1666 2188 2000 2257 contemptu
2025 2178 2216 2257 quoad

204 2264 447 2325 animum
471 2263 679 2324 beatus
709 2263 944 2332 dicitur3
972 2262 1282 2341 opulentus
1321 2271 1411 2322 est
1441 2264 1537 2342 qui
1564 2262 1921 2340 indulgentia
1950 2263 2217 2322 fortunae

205 2354 447 2425 propter
472 2348 715 2408 delicias
742 2346 960 2407 lentior
991 2353 1111 2422 est,
1149 2344 1284 2406 ideo
1315 2345 1623 2423 opulentus
1656 2363 1827 2426 opum
1862 2346 2215 2424 indulgentia

125 2439 183 2479 ²⁶
205 2429 417 2490 lentus.

329 2511 483 2572 Inter
518 2521 810 2591 pometum
841 2522 900 2571 et
927 2508 1273 2592 pomarium]
1309 2521 1600 2591 pometum
1632 2523 1723 2575 est
1752 2512 1852 2573 ubi
1897 2531 2069 2593 poma
2116 2531 2213 2573 na·

202 2604 476 2673 scantur,
525 2596 844 2676 pomarium
881 2596 980 2656 nbi
1019 2614 1192 2675 poma
1247 2605 1644 2675 reponuntur,
1700 2598 1836 2658 item
1895 2598 2216 2676 pomerium

201 2680 375 2740 locus
409 2682 564 2740 circa
591 2696 788 2739 muros
824 2689 916 2741 est
946 2698 1117 2740 sacer
1149 2678 1355 2758 dictus,

281 2761 489 2823 ·Inter
522 2764 644 2824 alas
689 2772 747 2823 et
789 2765 1016 2843 pinnas]
1061 2764 1190 2825 alae
1241 2773 1373 2824 sunt
1427 2764 1636 2843 quibus
1686 2765 1896 2843 pinnae
1948 2763 2213 2839 haerent,

125 2860 182 2901 30
202 2848 418 2926 pinnae
449 2855 640 2907 autem
667 2848 726 2906 in
755 2848 882 2908 alis.

219 2981 228 2985 -
329 2929 489 2990 Inter
541 2930 717 2991 lintea
767 2940 824 2991 et
864 2930 1018 3009 lina]
1065 2930 1244 2991 lintea
1283 2939 1416 2990 sunt
1470 2939 1772 3007 contexta,
1822 2930 1982 2990 velut
2022 2931 2213 2991 tunica

200 3013 523 3091 stragulum
553 3014 780 3091 velum,
832 3013 949 3078 lina
992 3032 1140 3093 quae
1187 3013 1433 3092 singulis
1463 3014 1671 3093 positis
1713 3014 1826 3074 fllis
1856 3014 2071 3075 habent
2110 3012 2211 3073 ali-

199 3116 319 3179 qua
348 3097 672 3157 intervalla.

329 3180 488 3241 Inter
531 3181 867 3242 cocliarlum
909 3191 967 3243 et
1015 3182 1296 3261 cocliare]
1362 3144 1671 3244 cocliarius
1714 3191 1807 3243 est
1849 3180 1945 3260 qui
1978 3181 2214 3242 cocleas

123 3292 178 3333 35
201 3264 438 3341 vendit,
470 3265 744 3327 cocleare
775 3275 866 3327 est
896 3265 1052 3346 quod
1082 3266 1307 3326 utimur.

331 3348 492 3409 Inter
517 3350 771 3411 vinetum
804 3359 863 3410 et
891 3350 1195 3429 vinarium}
1254 3351 1507 3410 vinetum
1553 3358 1645 3410 est
1672 3349 1770 3410 ubi
1803 3349 1934 3410 vina
1969 3350 2211 3410 nascun-

197 3440 327 3509 tur,
361 3432 640 3493 vinarium
671 3442 762 3494 est
795 3434 951 3515 quod
985 3436 1209 3494 utimur.

328 3514 600 3578 Firmiter
630 3527 688 3578 et
719 3517 894 3579 firmis
929 3517 1068 3579 nihil
1099 3525 1222 3594 est,
1255 3516 1448 3577 firmus
1480 3525 1540 3577 et
1569 3517 1731 3577 firme
1754 3525 1921 3661 r2egtp
1951 3515 2209 3576 dicimus.
