2700 4234
446 244 530 304 42
619 256 680 303 ο.
715 252 1017 304 sumom
1041 249 1299 310 'r-RANQ.
1330 251 1426 298 DE
1451 251 1619 298 VITA
1650 251 2023 300 CAESARUM
2048 251 2187 298 ΜΒ.
2210 253 2287 298 11.

447 430 558 472 nac
594 410 896 490 provincia
933 425 965 466 a
999 405 1254 466 Caesare
1291 403 1423 466 data
1455 413 1515 464 et
1545 422 1655 483 per
1692 413 1952 466 senatum
1984 406 2323 466 confirmata
2358 426 2462 468 ex-

447 494 674 574 pellere
701 494 871 553 armis
893 493 1195 550 niteretur.
1255 487 1646 549 Hortantibus-
1666 491 1861 568 itaque
1900 489 2191 548 nonnullis
2217 507 2457 568 percus-

447 596 614 638 sores
639 578 692 636 ei
717 575 1088 650 subornavit,
1125 591 1193 632 ac
1213 571 1418 632 fraude
1440 571 1811 651 deprehensa
1841 572 2161 651 periculum
2185 575 2243 632 in
2270 577 2461 636 vicem

443 670 708 722 metuens
749 669 1061 719 veteranos
1091 656 1258 718 simul
1295 659 1355 717 in
1397 674 1559 716 suum
1601 675 1671 716 ac
1710 659 1798 716 rei
1840 675 1899 734 p.
1946 657 2217 716 auxilium
2248 669 2460 736 quanta

446 747 634 826 potuit
678 743 989 820 largitione
1039 743 1359 809 contraxit;
1425 743 1727 819 iussusque
1778 749 2118 819 comparato
2178 746 2503 804 exercitui5

446 847 555 910 pro
595 836 870 907 praetore
906 842 1187 904 praeesse
1233 833 1293 883 et
1335 841 1464 884 cum
1488 822 1675 884 Hirtio
1707 841 1775 884 ac
1810 822 2029 900 Pansa,
2064 825 2160 902 qui
2194 826 2457 886 consula-

444 924 560 973 tum
599 918 1010 989 susceperant,
1044 908 1115 967 D.
1151 907 1328 968 Bruto
1371 925 1544 986 opem
1580 907 1769 984 ferre,
1807 907 2206 968 demandatum
2242 909 2459 970 bellum

445 997 620 1057 tertio
657 1013 858 1054 mense
897 993 1154 1054 confecit
1195 990 1421 1050 duobus
1466 991 1729 1069 proeliiS.
1796 990 2002 1062 Priore
2040 991 2327 1052 Antonius
2372 995 2455 1054 fu-

408 1076 606 1159 gisse
645 1095 773 1138 eum
810 1077 1014 1138 scribit
1037 1095 1107 1136 ac
1142 1077 1268 1136 sine
1300 1075 1713 1154 paludamento
1752 1092 2021 1154 equoque
2061 1085 2197 1154 post
2226 1076 2455 1148 biduum

443 1165 670 1225 demum
717 1163 1094 1241 apparuisse,
1141 1161 1411 1241 sequenti
1445 1161 1585 1218 satis
1635 1167 1864 1218 constat
1904 1177 2019 1220 non
2055 1159 2225 1220 modo
2263 1160 2449 1238 duciS,
2474 1183 2524 1223 ιο

442 1249 548 1308 scd
583 1249 757 1316 etiam
778 1245 972 1305 militis
995 1245 1249 1305 functum
1281 1260 1519 1302 munere
1545 1251 1719 1321 atque
1753 1244 1811 1301 in
1846 1243 2034 1303 media
2062 1243 2450 1321 dimicatione,

443 1331 748 1410 aquilifero
779 1330 1032 1406 legionis
1063 1343 1202 1388 suae
1233 1328 1495 1405 graviter
1530 1329 1762 1404 saucio,
1802 1328 2049 1406 aquilam
2078 1331 2289 1388 umeris
2322 1329 2452 1388 sub-

361 1421 424 1474 11
442 1418 559 1475 isse
583 1414 790 1494 diuque
811 1421 1098 1492 portasse.
1135 1410 1263 1472 Hoc
1285 1410 1445 1471 bello
1470 1429 1598 1470 cum
1609 1410 1824 1472 Hirtius
1853 1413 1911 1470 in
1934 1413 2077 1488 acie,
2101 1410 2289 1472 Pansa
2315 1432 2453 1492 pau-

441 1500 500 1560 lo
538 1506 672 1578 post
713 1516 790 1557 ex
815 1496 1058 1556 vulnere
1082 1497 1401 1575 perissent,
1452 1513 1649 1555 rumor
1678 1494 1994 1560 increbruit
2030 1495 2229 1555 ambos
2269 1514 2457 1575 opera

443 1585 568 1643 eius
627 1584 898 1657 occisos,
949 1589 1008 1640 ut
1047 1580 1302 1640 Antonio
1351 1579 1584 1657 fugate,
1642 1598 1710 1640 re
1753 1597 1814 1658 p.
1868 1579 2201 1640 consulibus
2248 1581 2453 1642 orbata
2475 1606 2523 1646 ιε

443 1667 603 1727 solus
639 1667 900 1728 victores
932 1666 1226 1724 exercitus
1265 1673 1605 1742 occuparet.
1661 1662 1887 1723 Pansae
1919 1663 2150 1742 quidem
2180 1664 2327 1726 adeo
2362 1685 2453 1726 su-

443 1758 650 1829 specta
678 1767 836 1810 mors
865 1748 1006 1824 fuit,
1041 1756 1106 1808 ut
1141 1747 1326 1822 Glyco
1361 1747 1619 1808 medicus
1653 1746 1974 1810 custoditus
2008 1750 2109 1825 sit,
2155 1752 2319 1828 quasi
2351 1767 2451 1808 ve-

443 1835 650 1893 nenum
695 1831 921 1892 vulneri
963 1831 1295 1892 indidisset.-
1356 1830 1552 1892 Adicit
1602 1831 1691 1892 his
1733 1831 1999 1911 Aquilius
2040 1832 2257 1910 Niger,
2312 1833 2451 1893 alte-

439 1935 564 1976 rum
613 1935 646 1974 e
699 1915 1034 1976 consulibus
1081 1914 1326 1974 Hirtium
1362 1918 1420 1975 in
1454 1933 1687 1994 pugnae
1724 1915 1965 1976 tumultu
2000 1917 2072 1976 ab
2106 1920 2235 1994 ipso
2274 1917 2448 1976 inter-

361 2018 426 2071 12
441 2007 710 2079 emptum.
775 1998 895 2059 Sed
923 2007 984 2059 ut
1007 2001 1285 2077 cognovit
1312 1998 1625 2060 Antonium
1652 2009 1789 2078 post
1818 2000 2013 2076 fugam
2050 2019 2082 2070 a
2108 2000 2185 2060 M.
2224 2000 2448 2080 Lepido
2467 2027 2521 2066 20

441 2091 744 2162 receptum
787 2092 1136 2162 ceterosque
1173 2083 1354 2144 duces
1388 2091 1447 2144 et
1488 2086 1783 2144 exercitus
1814 2085 2143 2144 consentire
2176 2101 2283 2162 pro
2316 2102 2446 2162 par·

441 2168 628 2244 tibus,
661 2184 894 2227 causam
922 2169 1277 2246 optimatium
1305 2169 1431 2227 sine
1461 2169 1826 2228 cunctatione
1859 2167 2147 2244 deseruit,
2180 2168 2250 2228 ad
2275 2185 2445 2247 prae-

440 2261 658 2312 textum
685 2260 934 2310 mutatae
959 2250 1269 2312 voluntatis
1295 2249 1448 2313 dicta
1472 2251 1742 2330 factaque
1766 2251 2121 2330 quorundam
2143 2251 2445 2314 calumnia-

441 2345 566 2411 tus,
601 2336 764 2414 quasi
791 2335 888 2395 alii
916 2354 981 2394 se
1015 2353 1284 2414 puerum,
1317 2334 1413 2395 alii
1446 2336 1760 2396 ornandum
1788 2335 2223 2416 tollendumque
2241 2337 2447 2396 iactas-

441 2428 603 2495 sent,
633 2438 707 2479 ne
739 2427 834 2478 aut
865 2418 973 2478 sibi
1003 2427 1098 2478 aut
1127 2421 1422 2479 veteranis
1465 2437 1571 2498 par
1601 2421 1792 2496 gratia
1821 2420 2162 2481 referretur.
2227 2419 2303 2480 Et
2333 2437 2449 2499 quo
2469 2445 2522 2484 25
2560 2487 2567 2492 ,

439 2504 626 2578 magis
690 2504 1098 2580 paenitentiam
1165 2504 1378 2580 prioris
1448 2513 1649 2564 sectae
1706 2503 2094 2584 approbaret,
2164 2503 2451 2566 Nursinos

439 2584 644 2662 grandi
672 2587 919 2664 pecunia
951 2595 1010 2646 et
1037 2603 1203 2664 quam
1237 2586 1499 2665 pendere
1528 2588 1835 2666 nequirent
1873 2586 2145 2648 multatos
2178 2595 2449 2648 extorres

441 2669 660 2748 oppido
691 2671 835 2746 egit,
865 2670 1018 2748 quod
1032 2669 1340 2730 Mutinensi
1358 2673 1483 2732 acie
1508 2672 1981 2749 interemptorum
2004 2672 2213 2730 civium
2228 2671 2447 2732 tumulo

440 2753 676 2832 publice
714 2762 980 2814 extructo
1013 2755 1438 2832 ascripserant,
1470 2771 1577 2833 pro
1622 2753 1893 2818 libertate
1935 2772 2041 2814 eos
2074 2753 2445 2817 occubuisse.

359 2859 427 2913 13
565 2836 712 2897 Inita
742 2855 870 2898 cum
897 2837 1154 2898 Antonio
1185 2847 1244 2898 et
1269 2838 1491 2916 Lepido
1534 2839 1855 2916 societate,
1894 2838 2275 2918 Philippense
2305 2857 2447 2918 quo·
2468 2867 2526 2908 30

441 2939 554 3000 que
591 2921 837 2999 bellum,
885 2940 1222 3002 quamquam
1252 2922 1535 2983 invalidus
1568 2930 1738 3001 atque
1766 2941 1985 3002 aeger,
2025 2922 2243 3003 duplici
2274 2942 2448 3002 proe-

439 3005 518 3065 lio
559 3008 875 3084 transegit,
933 3023 1174 3084 quorum
1215 3009 1415 3085 priore
1466 3008 1673 3067 castris
1720 3017 1927 3068 exutus
1980 3010 2075 3068 vix
2117 3006 2189 3068 ad
2232 3007 2451 3068 Antoni

439 3106 620 3148 cornu
663 3090 804 3166 fuga
847 3098 1138 3150 evaserat.
1218 3089 1346 3150 Nec
1390 3108 1725 3152 successum
1786 3092 2084 3152 victoriae⁴
2114 3092 2448 3152 moderatus

439 3180 559 3249 est,
591 3173 696 3233 sed
733 3176 924 3252 capite
953 3174 1110 3234 Bruti
1133 3174 1375 3235 Romam
1405 3175 1613 3251 misso,
1654 3184 1715 3242 ut
1756 3173 2283 3236 statuaecaesaris
2313 3174 2446 3234 sub-

436 3257 722 3334 iceretur,
759 3259 814 3315 in
845 3257 1365 3336 splendidissimum
1390 3273 1675 3338 quemque
1708 3263 1997 3339 captivum
2024 3277 2138 3327 non
2164 3262 2287 3322 sine
2312 3277 2443 3319 ver·
2466 3274 2529 3318 35

435 3336 638 3397 borum
679 3341 1025 3404 contumelia
1067 3344 1301 3412 saeviit;
1342 3351 1404 3402 ut
1464 3344 1693 3422 quidem
1733 3346 1829 3402 uni
1874 3343 2217 3421 suppliciter
2247 3342 2444 3422 sepul-

310 3477 326 3490 ,
435 3430 617 3482 turam
660 3425 926 3502 precanti
980 3426 1359 3504 respondisse
1410 3426 1662 3503 dicatur,
1718 3426 1847 3489 iam
1884 3425 2069 3487 istam
2121 3425 2457 3487 volucrum

428 3503 575 3582 fore
609 3512 1020 3586 potestatam·
1064 3509 1244 3588 alios,
1286 3519 1510 3589 patrem
1547 3518 1607 3570 et
1646 3509 1843 3587 filium,
1877 3527 1985 3589 pro
2028 3510 2149 3568 vita
2175 3510 2445 3586 rogantis
