2700 4234
953 421 1372 472 PRAEFATIO.
1821 415 1830 418 ⁸
1979 425 2056 473 11

238 587 412 655 peret,
456 584 773 639 etiamnunc
798 586 1065 638 vetantem
1082 623 1097 652 ,
1139 581 1279 638 satis
1320 583 1478 638 clare
1517 597 1870 653 cognoscere
1921 583 2054 640 mihi

243 667 469 735 videor,
504 665 758 730 baudjta
781 667 1059 723 benevole
1095 665 1315 736 quidem
1350 665 1601 722 sensisse
1634 666 1704 721 de
1732 666 2054 738 Tranquillo

242 751 600 818 Frontonem,
655 749 757 805 sed
797 749 1015 806 Marcus
1060 749 1232 805 credo
1276 749 1537 805 iniuriam
1580 750 1649 805 ab
1697 765 1805 806 avo
1847 749 2054 805 illatam

244 833 494 904 cupidior
530 832 638 888 fuit
668 833 965 905 reparandi
996 849 1159 904 qnam
1188 833 1568 888 continuandi.
1639 832 1856 888 Licebit
1882 832 2056 904 igitur

245 916 594 985 existimare,
644 931 755 971 non
790 915 1041 972 defuisse
1082 915 1291 986 optimo
1322 915 1448 978 seni
1490 933 1594 988 per
1630 921 1932 972 extremam
1961 933 2053 971 sa..

244 1005 515 1054 nectutem
542 998 781 1070 gratiam
808 997 1236 1055 Antoninorum.
1485 1014 1494 1018 ’

358 1082 439 1138 De
477 1081 793 1154 seriptis
825 1081 1081 1138 Suetonii
1118 1081 1480 1154 expositurus
1519 1097 1642 1137 eum
1681 1082 1932 1140 ordinem
1961 1100 2054 1140 se-

248 1182 403 1236 quar,
438 1173 503 1222 nt
545 1164 781 1238 primum
824 1164 895 1221 de
936 1166 1011 1221 iis
1043 1165 1223 1221 dicam
1265 1181 1410 1235 qaae
1454 1173 1785 1236 supersunt,
1825 1165 1953 1221 dein
1983 1167 2054 1222 de

250 1249 472 1305 amissis.
548 1249 765 1305 Prioris
795 1249 1024 1320 generis
1056 1249 1167 1304 duo
1200 1254 1362 1317 sunt,
1399 1248 1501 1304 sed
1531 1265 1600 1303 ne
1631 1265 1697 1305 ea
1730 1249 1950 1321 quidem
1983 1250 2052 1306 ab

256 1332 391 1386 omni
417 1339 577 1404 parte
610 1331 873 1402 integrm
916 1349 1039 1388 nam
1072 1333 1141 1388 de
1180 1333 1295 1389 vita
1328 1331 1630 1388 Caesarum
1674 1333 1805 1388 libri
1840 1333 2052 1404 princi-

254 1414 347 1485 pio
376 1421 591 1485 carent,
631 1415 861 1471 libellus
902 1415 974 1470 de
1006 1415 1386 1472 Grammaticis
1417 1421 1473 1470 et
1503 1416 1824 1472 rhetoribus
1867 1417 1993 1472 line.

366 1498 454 1554 De
494 1499 649 1555 vita
710 1497 1101 1555 Caesarum
1143 1499 1321 1554 libros
1370 1505 1502 1555 octo
1552 1499 1834 1556 Hadriano
1877 1500 2052 1573 impe-
2073 1501 2372 1594 {²3:3⁸3}

246 1588 393 1638 rante
424 1583 613 1639 editos
656 1597 819 1650 esse,
865 1582 972 1638 iam
1004 1583 1136 1637 olim
1181 1599 1212 1637 e
1252 1581 1398 1636 locis
1429 1599 1484 1652 p.
1522 1587 1661 1651 254,
1705 1589 1742 1642 8
1783 1589 1839 1638 et
1864 1588 1954 1653 40,
1985 1589 2054 1641 2⁶2
2074 1615 2116 1645 ι.
2145 1602 2222 1643 120
2251 1601 2370 1643 editi.

244 1665 583 1721 intellectum
618 1672 737 1730 est;
778 1665 880 1720 sed
922 1666 1151 1721 invento
1187 1665 1404 1719 demum
1428 1664 1568 1734 Lydi
1607 1664 1790 1733 libro,
1831 1666 1924 1736 qui
1969 1673 2058 1722 est

243 1750 307 1804 de
358 1749 781 1820 magistratibus
823 1750 1221 1818 Romanorum,
1266 1745 1498 1804 Parisiis
1551 1746 1734 1804 editus
1790 1765 1840 1803 a.
1897 1755 2055 1819 1812,

242 1832 370 1887 sciri
423 1830 611 1905 potuit
659 1848 767 1888 non
814 1833 929 1888 alio
974 1849 1157 1888 anno
1206 1847 1368 1903 quam
1413 1836 1550 1890 120
1600 1831 1859 1903 vulgatos
1903 1849 2050 1888 esse.

243 1915 413 1986 Lydus
466 1914 647 1984 enim,
687 1915 1130 1972 studiosissimus
1184 1914 1491 1985 Tranquilli
1541 1909 1754 1987 (verba
1810 1915 2053 1988 repetivi

244 2015 293 2069 p.
332 2005 463 2069 286,
509 1995 579 2074 2)
634 1997 932 2056 Caesarum
974 2000 1118 2056 vitas
1157 1999 1372 2055 dieat-as
1420 1999 1500 2053 ait
1556 1997 1829 2070 Septimio
1885 2016 2082 2072 prae--

248 2081 383 2139 fecto
417 2082 741 2139 cohortium
770 2083 1264 2154 praetorianarum.
1356 2082 1436 2137 Eo
1471 2082 1600 2137 loco
1643 2099 1747 2154 pro
1777 2083 2052 2155 Septimio

246 2165 545 2238 Septicium
585 2167 963 2236 reponendum
1002 2183 1129 2222 esse
1164 2183 1285 2220 eum
1328 2165 1399 2221 de
1433 2181 1543 2236 quo
1579 2182 1746 2237 supra
1790 2166 2052 2236 diximus,

245 2250 439 2320 primus
466 2251 514 2307 l.
546 2249 611 2304 D.
632 2249 767 2305 Fuss
798 2249 853 2304 in
884 2250 1125 2322 epistola
1158 2250 1228 2305 ad
1260 2248 1484 2305 Hasium
1512 2249 1703 2304 Leodii
1739 2255 1876 2308 1820
1897 2250 2052 2305 edita

246 2333 457 2403 docuit,
502 2337 705 2405 postea
735 2333 889 2388 multi
922 2333 1173 2388 certatim
1204 2334 1682 2396 demonstrarunt;
1713 2349 1778 2388 ac
1810 2331 2054 2388 fortasse

244 2433 307 2471 ne
332 2414 598 2488 peccavit
622 2415 840 2486 quidem
874 2416 1173 2485 librarius,
1216 2432 1340 2471 cum
1370 2414 1506 2486 Lydi
1551 2415 1730 2471 codex
1769 2415 2053 2472 Parisinus

244 2497 436 2572 Snp'pl.
464 2515 659 2570 graec.
700 2516 753 2556 n.
788 2503 907 2558 257.
944 2506 1047 2556 tam
1080 2500 1247 2556 foede
1283 2499 1711 2555 commaculatus
1744 2515 1809 2555 ac
1840 2498 2052 2555 dilace-
2115 2542 2128 2550 .

244 2589 393 2638 ratus
426 2583 533 2652 sit,
576 2589 637 2638 ut
669 2599 734 2638 ea
779 2583 1022 2639 litterula
1055 2590 1279 2640 essetne
1311 2600 1347 2636 κ
1379 2599 1448 2638 an
1478 2601 1520 2654 μ,
1551 2583 1804 2655 equidem
1833 2582 2053 2639 discer-

244 2682 374 2722 nere
432 2683 542 2723 non
605 2665 893 2737 quiverim.
982 2667 1037 2722 Is
1097 2665 1378 2738 Septicius
1437 2683 1559 2721 cum
1615 2683 1718 2738 per
1772 2666 2054 2722 biennium

244 2766 291 2805 a.
322 2756 610 2810 119-121
644 2751 997 2821 praefectura
1018 2751 1249 2806 functus
1280 2750 1389 2818 sit,
1417 2749 1524 2806 iam
1553 2749 1736 2804 nullus
1768 2748 2054 2804 dubitandi

247 2832 396 2888 locus
431 2834 670 2890 relictus
704 2840 805 2888 est.

364 2917 479 2973 Sed
521 2915 802 2986 Lydianus
851 2917 1009 2973 locus
1062 2932 1171 2973 non
1217 2916 1397 2972 minus
1439 2915 1724 2972 commode
1775 2915 1831 2970 in
1876 2915 2056 2971 lucem
2077 2906 2347 2980 ἀκέφαλοι

246 3001 465 3056 emersit
506 3001 583 3056 ad
617 2999 780 3056 aliam
812 3001 1100 3056 doctorum
1132 3000 1408 3055 hominum
1451 2999 1890 3056 controversiam
1919 2998 2058 3054 diri-

244 3085 521 3153 mendam,
582 3099 722 3154 quae
760 3084 831 3139 de
887 3083 1257 3155 principio
1313 3083 1610 3139 Caesarum
1670 3082 1937 3139 amisso
1988 3098 2054 3137 an

246 3173 463 3223 extante
504 3165 843 3236 agitabatur.
934 3166 1180 3221 Mutilum
1224 3183 1353 3223 esse
1396 3167 1628 3238 primum
1670 3165 1871 3221 librum
1903 3164 2057 3220 docti

246 3249 443 3305 dudum
484 3248 751 3306 viderunt
792 3257 849 3305 et
894 3249 1057 3322 primi
1106 3249 1326 3320 quidem
1383 3249 1792 3305 commemorati
1837 3247 1905 3303 ab
1951 3247 2057 3302 Ra·-

248 3333 441 3402 phaele
485 3333 863 3390 Volaterrano
915 3333 1431 3389 commentariorum
1475 3333 1810 3389 urbanorum
1851 3332 2055 3388 Romae

250 3429 295 3469 a.
328 3423 463 3477 1506
496 3416 773 3473 editorum
802 3417 949 3474 libro
984 3422 1083 3485 19,
1114 3417 1271 3472 cuius
1304 3419 1444 3486 haec
1475 3422 1600 3472 sunt
1627 3415 1829 3472 verba:
1865 3413 2056 3486 Opinio

248 3500 728 3567 grammaticorum
772 3501 1158 3556 nonnullorum
1192 3507 1275 3555 est
1310 3502 1558 3571 primam
1598 3501 1762 3556 vitam
1797 3500 2056 3556 Caesaris

250 3578 396 3638 houd
427 3586 699 3654 integram
738 3585 1009 3656 reperiri,
1055 3599 1179 3640 cum
1206 3585 1496 3639 verisimile
1521 3599 1633 3639 non
1663 3585 1731 3638 sit
1755 3585 1930 3654 ipsius
1971 3583 2054 3635 in-

251 3667 525 3721 cunabula
570 3669 787 3738 yeneris
840 3669 1078 3722 tacuisse
1115 3667 1359 3738 adeoque
1392 3682 1468 3723 ex
1519 3667 1750 3736 abrupto
1795 3677 2056 3721 emortum
