2700 4234
494 259 615 320 150
704 269 765 317 c.
793 268 1093 320 summ-11
1126 267 1384 328 mmo.
1420 267 1517 315 mu
1549 267 1713 314 vrrs
1753 266 2126 315 caestuum
2157 267 2297 314 Lm.
2321 267 2392 314 v.

492 428 603 488 des
642 425 806 486 hanc
843 431 1089 503 partem
1130 422 1437 504 epistulae
1473 422 1658 482 huius
1698 421 2039 502 leyeudam.
2099 423 2324 482 Rursus
2365 421 2514 481 alte·

489 513 572 572 ris
607 511 842 571 litteris:

620 591 933 655 Tiberium
966 592 1420 654 adulescentem
1454 609 1566 671 eqo
1607 607 1756 650 vero
1771 635 1788 667 ,
1845 590 1989 650 dum
2019 598 2086 651 tu
2121 589 2356 686 aberis,
2407 609 2510 652 co·

490 680 640 741 tidie
667 674 947 739 invitabo
980 677 1069 737 ad
1110 695 1406 752 caenam,
1462 693 1541 736 ne
1580 675 1755 735 solus
1797 682 2013 736 caenet
2041 675 2176 735 cum
2211 692 2326 736 suo
2367 673 2511 735 Sul-

482 765 697 860 picio
706 768 765 823 et
814 758 1234 823 Athenodoro.
1328 759 1452 834 Qui
1505 759 1720 820 vellem
1782 759 2136 838 diliyentius
2195 765 2253 818 et
2309 759 2515 820 miuus
2533 780 2556 818 5

488 838 834 928 μετεώρως
878 842 1173 926 deligeret
1218 844 1343 906 sibi
1395 845 1694 924 aliqum,
1769 844 1946 904 cuius
1983 849 2210 904 motum
2247 849 2308 902 et
2333 843 2510 905 habi-

490 939 614 992 tum
669 937 727 991 et
780 929 1088 990 incessum
1120 931 1488 990 imitaretur.
1579 926 1865 988 Misellus
1915 915 2176 1006 ἀτυχεῖ·
2241 945 2391 988 uam
2442 923 2516 990 ἐν

488 1022 626 1087 τοῖς
662 1010 1091 1112 σπουδαίοις,
1144 1012 1255 1073 ubi
1299 1030 1426 1074 nou
1470 1009 1796 1073 aberravit
1834 1012 1968 1073 eius
2011 1012 2290 1088 animus,
2353 1013 2516 1072 satis

490 1105 764 1180 apparet
788 1085 831 1177 ἡ
863 1094 979 1177 τῆς
1012 1095 1226 1176 ψυχῆς
1249 1086 1463 1158 αὐτοῦ
1495 1085 1818 1176 εὐγένεια.
1876 1095 2021 1156 Item
2051 1098 2239 1155 tertiis
2271 1096 2510 1156 litteris:

620 1181 929 1245 Tiberium
988 1189 1269 1258 nepotem
1324 1187 1494 1241 tuum
1541 1182 1803 1258 placere
1860 1180 2012 1240 mihi
2065 1179 2512 1242 declamantem
2533 1203 2582 1254 ιο,

482 1269 797 1366 potuisse,
856 1281 1115 1340 peream
1152 1267 1307 1342 nisi,
1371 1282 1510 1326 mea
1539 1263 1754 1340 Livia,
1813 1264 2118 1326 admiror.
2210 1263 2376 1326 Nam
2407 1267 2514 1344 qui

486 1359 611 1411 tam
641 1346 915 1428 ἀσαφῶς
955 1349 1247 1429 loquatur
1266 1396 1283 1427 ,
1348 1350 1456 1428 qui
1497 1349 1710 1429 possit
1746 1367 1884 1409 cum
1929 1347 2242 1410 declamat
2282 1361 2512 1429 σαφως

487 1434 697 1497 dicere
725 1451 889 1514 quae
916 1433 1184 1495 dicenda
1217 1438 1390 1511 sunt,
1437 1451 1564 1494 non
1589 1433 1791 1494 video.

609 1519 736 1581 Nec
770 1518 1001 1579 dubium
1033 1528 1155 1597 est,
1204 1517 1339 1598 quid
1371 1527 1505 1596 post
1533 1518 1680 1578 haec
1715 1518 2014 1594 Augustus
2053 1519 2422 1578 constituerit
2454 1528 2514 1578 et

484 1603 790 1686 reliquerit
828 1621 957 1664 eum
1000 1603 1159 1663 nullo
1195 1611 1432 1682 praeter
1465 1602 1760 1679 auguralis
1798 1602 2116 1662 sacerdotii
2148 1602 2378 1664 honore
2409 1605 2576 1666 im-15

483 1691 779 1769 pertitam,
836 1707 907 1748 ac
938 1706 1011 1746 ne
1055 1687 1331 1748 heredem
1365 1686 1594 1765 quidem
1637 1688 1747 1746 nisi
1777 1688 1929 1747 inter
1957 1688 2163 1747 tertios
2205 1704 2276 1747 ac
2319 1704 2512 1766 paene

484 1783 799 1834 extraneos
862 1791 895 1830 e
952 1779 1119 1849 parte
1177 1780 1344 1831 sexta
1405 1773 1779 1850 nuncuparit,
1837 1771 2036 1848 legato
2096 1787 2334 1850 quoque
2395 1788 2515 1831 non

484 1857 729 1935 amplius
767 1873 936 1933 quam
972 1857 1440 1932 octingentorum
1472 1858 1872 1916 sestertiorum
1903 1864 2276 1934 prosecutus.

418 1941 452 1994 5
604 1938 871 2000 Tiberius
928 1945 1165 2017 patruus
1218 1940 1440 2017 petenti
1493 1938 1750 2001 honores
1797 1939 2126 2000 consularia
2166 1948 2512 2000 ornamenta

481 2022 709 2094 detulit3
773 2021 879 2084 sed
921 2025 1220 2083 instantius
1252 2023 1548 2100 legitimos
1585 2023 1866 2102 flagitanti
1897 2024 1954 2084 id
1996 2023 2183 2084 solum
2217 2023 2513 2084 codicillis
2531 2042 2576 2082 ιο

479 2108 819 2188 rescripsit,
874 2106 1299 2188 quadrayinta
1363 2125 1596 2170 aureos
1651 2109 1718 2169 in
1769 2107 2146 2170 Saturnalia
2199 2115 2258 2168 et
2313 2107 2509 2188 Siyil-
2633 2101 2640 2110 ’

480 2193 651 2254 laria
692 2191 941 2254 misisse
982 2192 1093 2253 ei.'
1146 2191 1310 2252 Tunc
1353 2192 1578 2253 demum
1619 2192 1848 2254 abiecta
1893 2210 2001 2272 spe
2042 2192 2374 2270 dignitatis,
2435 2192 2514 2251 ad

481 2279 657 2338 otium
689 2277 1018 2354 concessit,
1070 2276 1245 2337 modo
1276 2278 1335 2336 in
1364 2276 1550 2337 hortis
1582 2285 1640 2336 et
1671 2275 2002 2337 suburbano
2038 2275 2213 2337 modo
2245 2276 2304 2335 in
2337 2275 2510 2336 Cam-

480 2362 685 2440 paniae
752 2379 997 2422 secessu
1048 2361 1436 2437 delitescenS‚
1499 2369 1672 2440 atque
1735 2380 1811 2422 ex
1871 2361 2256 2421 contubernio
2318 2360 2510 2420 sordi·

478 2445 844 2505 dissimorum
885 2445 1176 2506 hominum
1222 2463 1401 2524 super
1439 2454 1701 2506 veterem
1743 2446 2029 2523 segnitiae
2073 2453 2270 2542 notam
2313 2444 2512 2505 ebrie·⁸
2529 2461 2579 2502 25

476 2529 610 2588 tatis
641 2543 875 2607 quoqne
907 2537 967 2588 et
994 2529 1161 2590 aleae
1193 2530 1482 2590 infamiam
1514 2529 1707 2590 subiit.

413 2617 447 2672 6
604 2610 746 2672 Cum
804 2613 1058 2691 interim,
1120 2631 1460 2694 quamquam
1513 2613 1629 2674 hoc
1678 2613 1851 2674 modo
1908 2616 2134 2692 agenti,
2197 2631 2514 2693 numquam

478 2705 573 2757 aut
610 2696 866 2758 officium
906 2697 1195 2759 hominum
1237 2707 1331 2758 aut
1376 2699 1706 2758 reverentia
1738 2697 1972 2778 publice
2016 2698 2216 2759 defuit
2307 2697 2511 2778 Eque-

476 2789 596 2842 ster
640 2781 784 2842 ordo
828 2782 918 2842 bis
964 2792 1269 2876 patronum
1310 2801 1441 2842 eum
1480 2782 1870 2862 perferendae
1912 2800 2022 2861 pro
2069 2803 2134 2844 se
2186 2783 2512 2860 legationis

474 2865 686 2944 elegit,
752 2865 934 2954 semel
974 2871 1101 2926 cum
1131 2865 1552 2944 deportandum
1588 2867 1830 2929 Romam
1864 2884 2084 2946 corpus
2115 2867 2373 2960 Augusti
2402 2865 2508 2926 hu·
2531 2886 2579 2927 30

472 2952 648 3010 meris
693 2946 811 3011 su'is
854 2950 927 3010 ab
976 2950 1315 3011 consulibus
1371 2961 1762 3030 exposceret,
1824 2954 2032 3012 iterum
2075 2969 2202 3013 cum
2257 2967 2514 3030 oppres·

473 3053 597 3095 sum
626 3036 898 3096 Seianum
934 3034 1087 3114 apud
1117 3035 1361 3096 eosdem
1389 3034 1813 3118 gratularetur;
1883 3038 2018 3115 quin
2050 3044 2109 3096 et
2138 3033 2515 3116 spectaculis

472 3119 801 3180 advenienti
836 3137 1152 3198 assurgere
1200 3129 1259 3180 et
1288 3119 1560 3179 lacernas
1601 3113 1903 3200 deponere
1939 3120 2188 3180 solebat.
2251 3120 2514 3180 Senatus

473 3219 738 3282 quoque,
804 3213 865 3264 ut
907 3203 980 3263 ad
1010 3221 1306 3263 numerum
1347 3201 1632 3264 sodalium
1665 3204 2072 3282 Augustalium
2103 3213 2266 3267 sorte
2299 3203 2511 3264 ducto-

469 3304 595 3346 rum
629 3297 794 3348 extra
839 3287 1100 3348 ordinem
1143 3285 1504 3366 adiceretur,
1563 3292 1787 3349 censuit
1818 3297 1877 3350 et
1915 3307 2055 3348 mox
2085 3297 2146 3350 ut
2175 3287 2384 3349 domus
2427 3289 2506 3365 ei,
2531 3307 2577 3348 3⁵

471 3388 640 3449 quam
669 3372 939 3432 incendio
972 3374 1275 3449 amiserat,
1335 3371 1569 3452 publica
1611 3376 1874 3452 impensa
1918 3375 2359 3456 restitueretur,
2419 3371 2508 3431 di·
2551 3393 2558 3416 ν

430 3471 436 3480 ’
472 3453 813 3534 cendaeque
855 3456 1007 3514 iuter
1048 3457 1390 3516 consulares
1429 3461 1751 3519 sententiae
1784 3459 1874 3518 ius
1915 3466 2095 3517 esset.
2186 3449 2361 3531 Quod
2402 3455 2510 3515 de-

471 3546 691 3596 cretum
736 3538 1014 3599 abolitum
1048 3548 1171 3619 est,
1231 3550 1550 3601 excusante
1597 3541 1834 3604 Tiberio
1879 3541 2336 3604 imbecillitatem
2374 3541 2514 3600 eius
