2700 4234
973 310 1553 363 VITELLIUS.
2139 304 2262 367 223

257 464 557 527 visendam
615 464 927 545 praeheret
974 466 1188 527 faciem
1244 485 1398 527 neve
1455 471 1859 538 summitteret3
1925 470 2263 548 quibusdam
2324 529 2330 533 Α

259 560 524 613 stercore
557 559 614 609 et
645 567 829 611 caeno
860 550 1312 627 incessentibus‚
1347 550 1483 611 aliis
1514 551 1932 613 incendiarium
1963 558 2259 633 etpatina-

254 637 400 697 rium
425 634 903 711 vociferantibus,
942 643 1110 713 parte
1143 635 1306 712 vulgi
1343 636 1519 695 etiam
1554 638 1825 716 corporis
1865 638 2001 697 vitia
2046 656 2259 716 expro-

257 721 491 789 brante;
541 726 666 779 erat
708 718 858 777 enim
905 720 964 777 in
1005 735 1081 778 eo
1131 720 1391 779 enormis
1425 722 1785 798 proceritas,
1828 721 2017 781 facies
2056 721 2260 783 rubida

205 818 230 857 5
256 805 601 885 plerumque
631 820 708 861 ex
735 801 1068 880 vinulentia,
1099 813 1305 863 venter
1339 802 1594 881 obesus,
1628 800 1875 864 alterum
1904 806 2091 865 femur
2126 806 2258 865 sub-

256 888 451 950 debile
481 885 729 965 impulsu
763 886 899 945 olim
933 886 1274 965 quadrigae,
1309 905 1439 946 cum
1470 889 1757 965 auriganti
1788 887 1931 951 Gaio
1975 891 2256 950 ministr&

255 983 446 1035 torem
476 971 800 1032 exhiheret.
858 969 1114 1030 Tandem
1155 972 1308 1050 apud
1345 970 1659 1032 Gemonias
1703 972 2092 1033 minutissimis
2129 975 2255 1035 icti-

253 1058 363 1118 bus
393 1056 840 1117 excarnificatus
873 1062 1046 1131 atque
1081 1055 1387 1115 confectus
1421 1064 1539 1132 est,
1584 1065 1643 1115 et
1680 1056 1812 1117 inde
1856 1074 2005 1117 unco
2036 1066 2255 1119 tractus

256 1144 312 1201 in
343 1141 623 1203 Tiberim.

189 1232 239 1274 1⁰
380 1225 563 1285 Periit
598 1241 724 1282 cum
752 1223 933 1283 fratre
967 1232 1025 1282 et
1053 1222 1174 1282 filio
1205 1240 1355 1283 anno
1402 1225 1553 1282 vitae
1598 1226 1849 1303 septimo
1896 1226 2254 1303 quinquage-
2272 1244 2341 1298 13

253 1311 434 1377 simo;
467 1326 579 1368 neo
605 1306 817 1367 fefellit
852 1309 1188 1366 coniectura
1219 1324 1420 1365 eorum
1446 1310 1540 1385 qui
1566 1310 1829 1385 augurio,
1861 1308 2018 1387 quod
2040 1308 2255 1369 factum

257 1396 309 1453 ei
333 1395 602 1455 Viennae
626 1390 1002 1466 ostendimus,
1027 1389 1144 1449 non
1169 1388 1322 1449 aliud
1347 1391 1616 1470 portendi
1633 1392 2059 1470 praedixerant,
2086 1409 2255 1470 quam

254 1488 559 1538 venturum
593 1478 651 1535 in
683 1476 926 1536 alieuius
953 1474 1239 1537 Gallicani
1275 1474 1521 1534 hominis
1555 1484 1932 1553 potestatem
1973 1475 2253 1555 siquidem

257 1562 326 1622 ab
354 1562 613 1623 Antonio
645 1560 839 1620 Primo
869 1558 1246 1621 adversarum
1290 1560 1536 1638 partium
1582 1557 1729 1618 duce
1774 1576 2097 1638 oppressus
2141 1568 2252 1635 est,

192 1647 239 1690 1⁸
259 1645 347 1707 eui
377 1645 633 1705 Tolosae
667 1653 806 1704 nato
842 1660 1173 1721 cognomen
1211 1643 1268 1702 in
1298 1644 1545 1722 pueritia
1574 1642 1773 1703 Becco
1804 1643 2023 1703 fuerat:
2064 1642 2120 1701 id
2155 1660 2252 1702 va-

255 1730 336 1791 let
365 1729 681 1808 gallinacei
712 1737 983 1789 rostrum.
1480 1758 1487 1763 -
