2700 4234
1006 310 1214 359 mvns
1247 311 1632 361 mous'rtss.
2227 305 2306 380 ‚61

299 465 503 525 mutuis
533 466 744 540 iunxit,
791 465 1253 544 promptissimus
1297 467 1590 539 affinitatis
1636 469 1914 547 cuiusque
1959 478 2133 549 atque
2177 472 2312 532 ami-

304 551 469 610 citiae
500 548 847 609 conciliator
886 557 943 608 et
974 548 1196 621 fautor:
1232 564 1355 611 —nec
1386 551 1556 611 aliter
1590 552 1895 613 universos
1940 572 2107 632 quam
2136 574 2310 615 mem-

304 633 405 693 bra
438 633 739 711 partisque
768 634 996 711 imperii
1032 652 1207 694 curae
1239 633 1467 712 habuit,
1513 643 1807 696 rectorem
1839 654 2073 715 quoque
2107 639 2313 699 solitus

306 732 606 796 apponere
636 724 827 776 aetate
860 718 1055 795 parvis
1086 728 1182 778 aut
1210 728 1403 778 mente
1436 720 1652 797 lapsis,
1683 718 1871 780 donec
1903 721 2313 782 adolescerent

260 810 401 861 saut
446 801 897 879 resipiscerent;
944 819 1014 862 ac
1057 801 1428 880 plurimorum
1475 802 1697 862 liberos
1740 813 1798 863 et
1847 802 2115 866 educavit
2145 806 2311 865 simul

304 904 430 945 cum
460 885 583 945 suis
612 893 671 945 et
702 884 958 944 instituit.
2289 922 2322 949 ᾗ

419 962 512 1029 Ex
535 968 875 1028 militaribus
908 969 1096 1047 copiis
1128 968 1398 1047 legiones
1427 978 1485 1031 et
1517 971 1729 1032 auxilia
1761 972 2164 1049 provinciatim
2203 972 2398 1035 dis-49

299 1053 526 1129 tribuit,
569 1053 817 1113 classem
844 1051 1051 1113 Miseni
1096 1061 1155 1112 et
1198 1054 1436 1113 alteram
1467 1052 1784 1115 Ravennae
1829 1054 1898 1115 ad
1941 1056 2176 1116 tutelam
2208 1057 2312 1116 Su-

302 1138 429 1216 peri
460 1144 518 1197 et
550 1136 729 1196 Inferi
760 1136 934 1195 maris
965 1136 1327 1215 conlocavit,
1376 1146 1632 1199 ceterum
1674 1156 1969 1199 numerum
2015 1142 2220 1218 partim
2256 1141 2313 1199 in

238 1242 289 1283 ιο
305 1220 460 1281 urbis
492 1220 696 1298 partim
729 1220 789 1279 in
822 1221 910 1280 sui
941 1220 1257 1281 custodiam
1288 1222 1540 1299 adlegit,
1571 1222 1805 1282 dimissa
1842 1221 2313 1300 Calagurritano-

304 1324 427 1365 rum
454 1322 652 1381 manu,
692 1322 861 1383 quam
890 1321 1075 1382 usque
1110 1303 1180 1365 ad
1214 1305 1503 1366 devictum
1531 1306 1877 1383 Antonium,
1911 1309 2046 1383 item
2079 1304 2311 1368 Germa-

303 1406 539 1465 norum,
590 1406 758 1467 quam
809 1405 993 1466 usque
1046 1388 1119 1449 ad
1172 1388 1396 1449 cladem
1435 1391 1743 1451 Varianam
1792 1392 1941 1451 inter
1991 1392 2313 1469 armigeros

304 1474 461 1534 circa
492 1489 557 1533 se
588 1471 885 1533 habuerat.
964 1471 1173 1551 Neque
1217 1482 1408 1533 tamen
1451 1492 1713 1553 umquam
1760 1475 1962 1552 plures
1996 1492 2162 1552 quam
2194 1484 2314 1536 tres

304 1556 580 1618 cohortes
630 1556 687 1615 in
730 1556 874 1615 urbe
917 1574 1052 1616 esse
1099 1574 1307 1635 passus
1359 1566 1451 1616 est
1479 1575 1698 1636 easque
1735 1560 1860 1619 siue
1897 1560 2135 1636 castris,
2179 1558 2313 1618 reli-

235 1658 283 1699 15
304 1659 445 1721 quas
483 1640 541 1699 in
556 1638 811 1709 hiberna
840 1650 900 1699 et
935 1641 1156 1701 aestiva
1185 1642 1346 1704 circa
1379 1641 1615 1701 finitima
1658 1641 1875 1721 oppida
1908 1642 2192 1702 dimittere
2223 1660 2314 1701 as-

298 1733 515 1801 suerat.
597 1724 883 1805 Quidquid
930 1732 1120 1785 autem
1172 1724 1388 1804 ubique
1448 1725 1685 1784 militum
1734 1734 1924 1803 esset,
1978 1724 2046 1784 ad
2098 1734 2314 1785 certam

297 1808 720 1888 stipendiorum
763 1810 1267 1887 praemiorumque
1318 1809 1621 1870 formulam
1676 1809 2012 1885 adstrinxit,
2065 1809 2312 1869 delinitis

296 1911 403 1973 pro
438 1892 630 1971 gradu
659 1893 938 1973 cuiusque
970 1902 1029 1952 et
1064 1893 1423 1972 temporibus
1457 1894 1693 1954 militiae
1738 1902 1796 1953 et
1826 1892 2146 1954 commodis
2180 1894 2312 1953 mis·
2365 1918 2385 1929 ·

298 1980 558 2054 sionum,
607 1995 680 2036 ne
724 1985 819 2037 aut
864 1985 1057 2037 aetate
1106 1986 1202 2037 aut
1232 1980 1428 2057 inopia
1458 1986 1593 2058 post
1633 1979 1966 2039 missionem
2009 1977 2311 2038 sollicitari

228 2078 277 2119 20
296 2062 365 2123 ad
403 2080 500 2121 res
549 2078 736 2122 novas
781 2070 1041 2139 possent.
1115 2062 1310 2141 thue
1354 2071 1641 2141 perpetuo
1691 2080 1759 2122 ac
1805 2063 1930 2122 sine
1973 2060 2312 2121 difficultate

295 2154 559 2224 sumptus
598 2144 670 2204 ad
700 2144 947 2205 tuendos
979 2162 1087 2205 eos
1116 2146 1681 2225 prosequendosque
1727 2154 2106 2225 suppeteret,
2149 2162 2308 2205 aera-

293 2232 434 2289 rium
464 2228 717 2289 militare
754 2247 881 2289 cum
910 2230 1300 2307 vectigalibus
1332 2231 1501 2289 novis
1535 2229 1847 2288 constituit.

418 2312 495 2373 Et
548 2330 666 2391 quo
716 2312 965 2373 celerius
1008 2332 1079 2375 ac
1123 2314 1229 2373 sub
1273 2332 1496 2373 manum
1542 2312 1860 2373 adnuntiari
1910 2314 2311 2390 cognoscique

296 2406 530 2477 posset,
586 2396 719 2474 quid
762 2397 818 2456 in
850 2398 1151 2475 provincia
1198 2414 1428 2475 quaque
1459 2404 1795 2474 gereretur,
1838 2397 2079 2456 iuvenes
2124 2397 2308 2474 primo

228 2495 278 2535 25
295 2481 537 2541 modicis
578 2480 899 2541 intervallis
935 2499 1040 2560 per
1073 2482 1334 2542 militaris
1366 2482 1519 2558 viae,
1566 2480 1774 2540 dehinc
1820 2479 2083 2540 vehicula
2115 2480 2308 2558 dispo-

296 2566 422 2626 suit.
497 2563 876 2626 Commodius
908 2565 963 2624 id
996 2566 1177 2625 visum
1210 2574 1332 2642 est,
1381 2574 1440 2625 ut
1468 2566 1566 2643 qui
1597 2582 1630 2624 a
1664 2564 1802 2624 loco
1836 2565 2134 2644 perferunt
2161 2564 2310 2623 litte-

293 2668 422 2726 raS,
453 2650 813 2727 interrogari
850 2667 1117 2728 quoque,
1150 2652 1199 2709 si
1232 2648 1370 2728 quid
1397 2668 1494 2709 res
1527 2650 1798 2727 exigant,
1832 2649 2077 2728 possint.
2129 2648 2194 2708 In
2228 2647 2308 2707 di·
2327 2654 2396 2706 50

297 2732 650 2810 plomatibus
691 2731 1025 2812 libellisque
1077 2743 1135 2793 et
1186 2733 1454 2813 epistolis
1494 2733 1792 2810 signandis
1843 2734 2002 2793 initio
2062 2731 2310 2812 sphinge

270 2815 435 2875 ‘usus
488 2826 615 2893 est,
669 2832 806 2877 mox
864 2818 1113 2895 imagine
1166 2818 1364 2894 Magni
1415 2816 1764 2894 Alexandri,
1817 2816 2131 2876 novissime
2189 2833 2310 2891 sua,

236 2898 662 2961 aoDioscuridis
692 2918 861 2961 mauu
892 2901 1149 2981 sculpta,
1195 2919 1307 2980 qua
1338 2902 1576 2978 signare
1611 2901 1857 2960 insecuti
1892 2916 2122 2979 quoque
2158 2900 2310 2979 prin-

302 2983 464 3061 cipes
513 2994 985 3064 perseverarunt.
1061 2984 1155 3045 Ad
1202 2985 1484 3064 epistolas
1528 2984 1711 3043 omnis
1757 2983 2023 3045 horarum
2078 3000 2310 3061 quoque

298 3077 585 3129 momenta
616 3086 728 3128 nec
766 3068 881 3129 diei
912 3068 1084 3131 modo
1124 3068 1227 3130 sed
1262 3078 1319 3128 et
1361 3069 1586 3145 noctis,
1633 3068 1840 3146 quibus
1883 3067 2052 3128 datae
2095 3067 2308 3145 signifi·

302 3160 598 3229 carentur,
635 3150 902 3213 addebat.
1007 3176 1016 3184 ·
2300 3220 2305 3227 ,

423 3232 783 3297 Clementiae
817 3236 1219 3315 civilitatisque
1252 3238 1378 3298 eius
1419 3237 1594 3298 multa
1637 3244 1695 3296 et
1736 3252 1943 3313 magna
1972 3235 2312 3297 documenta
2328 3249 2392 3302 51

235 3330 285 3371 85
304 3326 445 3377 sunt.
497 3317 608 3379 ‘Ne
642 3336 1000 3398 enumerem,
1034 3330 1175 3399 quot
1203 3329 1262 3381 et
1292 3338 1442 3399 quos
1475 3320 1830 3381 diversarum
1867 3322 2108 3398 partium
2141 3322 2309 3382 venia

305 3408 359 3459 et
385 3402 785 3463 incolumitate
816 3404 1060 3465 donatos
1090 3406 1417 3483 principem
1453 3406 1622 3465 etiam
1652 3407 1709 3464 in
1743 3406 1977 3465 civitate
2006 3404 2197 3466 locum
2227 3414 2309 3464 te·

301 3501 439 3544 nere
483 3504 696 3565 passus
738 3489 840 3549 sit:
895 3487 1115 3548 Iunium
1154 3487 1442 3549 Novatum
1487 3486 1846 3557 etffcassium
1892 3488 2221 3550 Patavinum
2275 3506 2308 3545 e

302 3566 478 3645 plebe
512 3568 777 3632 homines
828 3571 1068 3634 alterum
1113 3572 1394 3653 pecunia,
1439 3572 1681 3634 alterum
1723 3574 1841 3633 levi
1884 3571 2062 3632 exilio
2105 3573 2308 3649 punire
