2700 4234
1126 290 1334 340 mmo.
2124 279 2240 344 183

364 448 537 508 Suam
570 445 799 525 quidem
829 445 1156 525 pudicitiam
1187 464 1370 525 usque
1405 446 1553 508 adeo
1584 448 1897 528 prostituit,
1939 456 1998 507 ut
2043 457 2237 508 conta·
2257 458 2328 513 29

234 532 463 593 minatis
494 549 683 610 paene
718 528 986 589 omnibus
1011 529 1283 589 membris
1313 533 1628 592 novissime
1663 533 1826 610 quasi
1857 549 2044 608 genus
2078 529 2238 592 lusus

237 617 628 692 excogitaret,
661 631 778 692 quo
820 613 983 673 ferae
1029 613 1187 693 pelle
1230 623 1532 675 contectus
1581 617 1939 675 emitteretur
1980 633 2015 674 e
2057 633 2238 675 cavea

234 701 608 776 virorumque
650 716 721 758 ac
765 697 1102 757 feminarum
1146 696 1216 756 ad
1269 699 1520 778 stipitem
1574 697 1956 776 deligatorum
2007 699 2238 776 inguina

190 783 558 858 sinvaderet,
591 790 649 841 et
693 799 819 842 cum
858 781 1069 841 affatim
1114 780 1502 860 desaevisset,
1543 783 1931 843 conficeretur
1970 800 2002 842 a
2050 782 2236 857 Dory·

236 865 429 948 phoro
459 864 701 936 liberto:
738 866 828 926 cui
860 865 1050 942 etiam,
1085 866 1234 924 sicut
1267 867 1382 944 ipsi
1414 866 1660 946 Sporus,
1693 869 1770 928 ita
1793 869 1921 945 ipse
1947 865 2234 946 denupsit,

234 968 422 1012 voces
454 967 686 1030 quoque
718 957 776 1008 et
804 949 1090 1008 heiulatus
1118 950 1231 1008 vim
1265 951 1603 1029 'patientium
1647 949 1930 1028 virginum
1969 951 2234 1010 imitatus.

232 1035 331 1095 Ex
356 1033 647 1094 nonnullis
665 1034 927 1112 comperi
952 1035 1451 1112 persuasissimum
1474 1034 1747 1094 habuisse
1772 1053 1922 1110 eum,
1946 1034 2237 1094 neminem

233 1119 534 1180 hominem
559 1115 853 1196 pudicam
881 1123 992 1178 aut
1015 1115 1147 1177 ulla
1174 1117 1462 1196 corporis
1481 1125 1669 1196 parte
1688 1137 1916 1196 purum
1949 1135 2104 1193 esse,
2133 1134 2232 1177 oe·

163 1221 376 1269 mrum
429 1201 762 1281 plerosque
811 1200 1209 1262 dissimulare
1254 1201 1469 1262 vitiam
1521 1208 1581 1263 et
1632 1202 1861 1263 callide
1910 1207 2236 1281 opteqere,·

232 1286 489 1364 ideoque
522 1285 811 1364 professis
842 1285 992 1363 apud
1027 1303 1093 1345 se
1126 1286 1546 1346 obscenitatem
1587 1295 1784 1347 cetera
1826 1300 2056 1365 quoque
2101 1301 2235 1345 con·

237 1371 496 1432 cessisse
528 1369 758 1429 delicta.

362 1453 697 1514 Divitiarum
730 1461 789 1512 et
818 1455 1101 1531 pecuniae
1132 1453 1378 1514 fructum
1413 1471 1529 1514 non
1572 1453 1741 1513 alium
1787 1453 2022 1532 putabat
2065 1470 2231 1532 quam
2253 1458 2325 1512 30

238 1538 656 1617 profusionem,
687 1535 989 1598 sordidos
1019 1554 1100 1598 ac
1126 1536 1439 1616 deparcos
1480 1555 1618 1598 esse
1659 1536 1884 1617 quibus
1926 1537 2232 1615 impensa-

165 1647 217 1686 ιε
235 1640 374 1682 rum
411 1621 577 1682 ratio
625 1626 959 1696 constaret,
997 1621 1373 1699 praelautos
1424 1638 1685 1700 vereque
1733 1620 2096 1700 maqnificos
2134 1620 2241 1699 qui

238 1705 641 1765 abuterentur
670 1721 748 1766 ac
772 1703 1123 1783 perderent.
1213 1705 1506 1766 Laudabat
1534 1705 1956 1783 mirabaturque
1986 1721 2234 1763 avuncu-

236 1789 355 1850 lum
388 1789 583 1849 Gaium
612 1788 773 1848 nullo
802 1789 986 1866 magis
1023 1792 1275 1866 nomine,
1306 1807 1473 1868 quam
1514 1789 1666 1868 quod
1710 1790 1963 1868 ingentis
1999 1806 2030 1847 a
2065 1786 2234 1847 Tibe-

235 1873 330 1932 rio
375 1872 613 1932 relictas
654 1888 803 1950 opes
845 1874 900 1931 in
940 1872 1107 1933 brevi
1154 1874 1343 1951 spatio
1393 1872 1783 1953 prodegisset.
1875 1873 2068 1947 Quare
2123 1887 2236 1930 uec

237 1955 525 2034 largiendi
554 1974 665 2016 nec
694 1955 1028 2017 absumendi
1059 1957 1288 2017 modum
1321 1958 1520 2018 tenuit.
1605 1956 1672 2017 In
1705 1956 2045 2032 Tiridatem,
2084 1952 2237 2034 quod

162 2061 217 2102 20
238 2041 338 2101 vix
372 2039 650 2100 credibile
686 2040 969 2118 videatur,
1001 2043 1313 2120 octingena
1345 2059 1627 2101 nummum
1665 2039 1818 2100 milia
1865 2040 2064 2100 diurna
2105 2050 2235 2098 ero·
2267 2079 2270 2082 -

236 2125 397 2202 gavit
426 2124 778 2203 abeuntique
807 2143 988 2204 super
1017 2125 1345 2186 sestertium
1374 2127 1563 2185 milies
1594 2125 1851 2186 contulit.
1938 2122 2235 2182 Menecra-

4 2228 8 2282 ι
233 2218 333 2268 ten
365 2208 756 2270 citharoedum
786 2217 845 2269 et
876 2209 1173 2287 Spiculum
1196 2209 1614 2284 myrmillonem
1639 2206 2060 2286 triumphalium
2083 2206 2235 2264 viro-

5 2290 7 2307 '
234 2311 357 2353 rum
388 2293 745 2372 patrimoniis
788 2291 1142 2372 aedibusque
1187 2292 1440 2353 donavit.
1531 2291 2016 2371 cercopithecum
2055 2287 2234 2348 Pane-

235 2386 423 2437 rotem
453 2375 865 2454 feneratorem,
899 2385 959 2436 et
988 2377 1221 2437 urbanis
1252 2377 1597 2456 rusticisque
1628 2375 1881 2456 praediis
1913 2371 2233 2450 locupleta·

165 2484 219 2524 25
238 2469 379 2536 tum,
411 2476 599 2537 prope
633 2463 800 2538 regio
834 2461 1038 2521 extulit
1067 2461 1291 2521 funere.
1378 2460 1608 2521 Nullam
1638 2468 1859 2520 vestem
1904 2457 1991 2516 bis
2033 2454 2232 2515 induit.

241 2542 670 2620 Quadringenis
698 2545 754 2603 in
786 2552 1058 2624 punctum
1091 2546 1380 2604 sestertiis
1412 2544 1597 2605 aleam
1629 2543 1782 2604 lusit.
1852 2541 2113 2602 Piscatus
2145 2546 2237 2599 est

235 2635 364 2687 rete
403 2636 600 2687 aurato
631 2637 689 2688 et
721 2646 975 2708 purpura
1021 2645 1326 2707 coccoque
1372 2627 1601 2689 funibus
1644 2629 1830 2688 nexis.
1917 2624 2235 2703 Numquam

235 2711 420 2770 minus
448 2711 606 2771 mille
642 2714 897 2773 carrucis
927 2713 1144 2774 fecisse
1175 2713 1287 2772 iter
1314 2712 1585 2787 traditur,
1626 2713 1808 2773 soleis
1842 2710 2115 2769 mularum
2145 2724 2233 2767 ar-

238 2795 485 2871 genteis,
536 2797 885 2857 canusinatis
925 2795 1291 2874 munenibus,
1328 2795 1606 2856 armillata
1647 2795 2017 2871 falerataque¹
2047 2790 2234 2851 Maza-

163 2899 218 2941 so
241 2895 368 2936 cum
395 2877 557 2939 turba
592 2888 765 2958 atque
797 2897 1114 2940 cursorum.

363 2959 493 3022 Non
522 2963 578 3022 in
610 2962 721 3024 alia
752 2983 818 3023 re
846 2973 1035 3024 tamen
1066 2964 1394 3025 damnosior
1424 2983 1591 3044 quam
1622 2964 1678 3022 in
1713 2957 2093 3033 aedificando,
2127 2956 2226 3016 do·
2251 2965 2314 3019 31

236 3065 385 3106 mum
418 3064 450 3106 a
480 3045 700 3108 Palatio
730 3045 1023 3126 Esquilias
1052 3067 1235 3127 usque
1267 3048 1431 3124 fecit,
1464 3066 1630 3127 quam
1663 3046 1848 3125 primo
1885 3042 2232 3103 transito·

236 3131 445 3207 riam,
478 3148 615 3190 mox
639 3131 909 3192 incendio
941 3131 1297 3211 absumptam
1328 3134 1763 3210 restitutamque
1803 3142 2094 3188 auream
2134 3139 2233 3182 no-

236 3214 487 3274 minavit.
561 3213 649 3274 De
682 3217 844 3275 cuius
868 3218 1056 3294 spatio
1082 3225 1252 3295 atque
1278 3216 1432 3275 cultu
1459 3215 1752 3276 suffecerit
1775 3212 1922 3272 haec
1945 3207 2235 3269 retulisse.

165 3313 217 3357 35
239 3297 600 3357 Vestibulum
632 3299 757 3358 eius
791 3300 911 3377 fuit,
948 3300 1004 3358 in
1036 3316 1150 3378 quo
1183 3297 1453 3360 colossus
1486 3298 1646 3375 CXX
1674 3296 1883 3378 pedum
1925 3301 2106 3354 staret
2149 3292 2235 3370 ip·

236 3380 357 3441 sius
404 3379 635 3459 effigie3
676 3391 831 3444 tanta
862 3383 1090 3459 laxitaS‚
1123 3391 1183 3443 ut
1215 3384 1476 3463 porticus
1520 3382 1784 3462 triplices
1828 3377 2098 3438 miliarias
2137 3375 2236 3435 ha-

212 3463 431 3534 ·beret;
464 3466 603 3525 item
638 3474 902 3543 stagnum
924 3467 1097 3526 maris
1127 3467 1323 3543 instar,
1358 3469 1836 3546 circumsaeptum
1863 3459 2143 3523 aediliciis
2165 3455 2237 3517 ad

234 3546 457 3608 urbium
490 3551 776 3627 speciem
810 3568 942 3610 rura
975 3551 1247 3629 insuper,
1280 3551 1436 3610 arvis
1478 3559 1648 3629 atque
1691 3549 1900 3608 vinetis
1953 3551 2013 3603 et
2045 3541 2236 3621 pascis
