2700 4234
925 313 1138 360 DIVUS
1181 312 1563 362 AUGUSTUS.
2165 305 2247 367 39

231 486 509 549 proavum
549 465 904 546 exprobrat,
949 469 1269 528 restionem
1313 487 1345 528 e
1390 486 1547 547 pago
1586 469 1875 547 Thurino,
1936 487 2103 530 avum
2156 489 2245 532 ar·

229 555 567 630 gentarium.
635 551 764 610 Nec
806 553 1110 628 quicquam
1139 552 1287 611 ultra
1332 551 1405 610 de
1436 552 1979 630 paternis'Augusti
2018 555 2243 616 maiori·

179 637 204 652 ⁴
229 638 336 699 bus
363 637 622 716 repperi.
1665 633 1673 636 ’

353 719 419 782 C.
454 720 731 781 Octavius
770 726 937 798 pater
983 737 1016 780 a
1054 721 1346 798 principio
1386 721 1591 780 aetatis
1630 729 1691 780 et
1728 739 1795 780 re
1842 731 1901 780 et
1954 724 2296 784 existima-3

179 808 386 867 stione
413 822 625 880 magna
654 803 794 880 fuit,
839 811 901 862 ut
931 802 1200 881 equidem
1230 804 1407 864 mirer
1438 801 1591 864 hunc
1624 822 1859 883 quoque
1889 824 1921 866 a
1949 806 2244 866 nonnullis

225 891 618 967 argentarium
657 895 829 966 atque
873 889 1044 946 etiam
1080 889 1234 948 inter
1285 887 1577 948 divisores
1636 905 1969 968 operasque
2014 908 2241 970 campe·

223 976 362 1034 stris
405 971 728 1053 proditum;
783 971 991 1050 amplis
1030 972 1181 1032 enim
1222 972 1529 1032 innutritus
1584 973 1826 1051 opibus,
1886 974 2143 1035 honores
2184 983 2245 1035 et

221 1058 472 1136 adeptus
531 1065 622 1116 est
677 1055 854 1116 facile
913 1064 972 1115 et
1029 1057 1277 1132 egregie
1331 1055 1765 1117 administravit.
1838 1057 1932 1118 Ex
1972 1068 2243 1138 praetura

219 1141 626 1204 Macedoniam
667 1141 940 1216 sortitus,
997 1140 1309 1217 fugitivos,
1356 1139 1646 1201 residuam
1692 1143 1959 1221 Spartaci
1998 1152 2056 1202 et
2091 1143 2243 1204 Cati-

151 1245 200 1287 10
221 1227 383 1286 linae
423 1243 680 1301 manum,
725 1223 1038 1287 Thurinum
1079 1242 1282 1302 agrum
1319 1226 1603 1303 tenentis,
1649 1227 1708 1284 in
1749 1227 1956 1287 itinere
2002 1227 2242 1303 delevit,

220 1310 474 1386 negotio
502 1308 609 1370 sibi
638 1311 698 1368 in
727 1317 930 1370 senatu
963 1319 1132 1370 extra
1169 1309 1433 1370 ordinem
1470 1308 1624 1370 dato.
1691 1310 2041 1372 Provinciae
2076 1329 2242 1390 prae-

220 1396 335 1454 fuit
367 1411 486 1454 non
519 1395 742 1454 minore
774 1394 987 1454 iustitia
1017 1411 1186 1472 quarn
1219 1391 1588 1464 fortitudine;
1635 1411 1879 1474 namque
1922 1395 2123 1455 Bessis
2174 1413 2246 1456 ac

220 1477 552 1540 Thracibus.
585 1494 798 1554 magno
829 1477 1062 1556 proelio
1107 1478 1286 1555 fusis,
1331 1479 1410 1538 ita
1446 1480 1651 1539 socios
1678 1481 1980 1558 tractavit,
2026 1489 2088 1540 ut
2120 1482 2242 1559 epi-

219 1563 417 1623 stolae
445 1561 522 1626 M.
560 1560 870 1622 Ciceronis
908 1571 1112 1622 extent
1153 1561 1363 1641 quibus
1406 1562 1677 1637 Quintum
1714 1563 1988 1642 fratrem,
2036 1563 2245 1625 eodem

147 1667 199 1707 15
219 1658 491 1726 tempore
523 1664 726 1726 parurn
769 1646 1028 1706 secunda
1066 1647 1218 1706 fama
1259 1647 1741 1726 proconsulatum
1786 1646 1967 1709 Asiae
2008 1648 2241 1709 admini-

217 1740 533 1808 strantem,
577 1730 841 1792 hortatur
867 1740 926 1790 et
964 1739 1198 1807 monet,
1244 1733 1497 1790 imitetur
1529 1732 1587 1790 in
1618 1732 2025 1810 promerendis
2064 1733 2244 1792 sociis

216 1817 476 1878 vicinum
517 1833 680 1877 suum
727 1814 1046 1876 Octavium.
1119 1815 1431 1876 Decedens
1462 1815 1839 1892 Macedonia,
1883 1818 2043 1895 prius
2077 1821 2295 1895 quam4

215 1901 489 1982 profiteri
519 1917 586 1958 se
620 1899 980 1960 candidatum
1010 1899 1347 1960 consulatus
1390 1910 1629 1978 posset,
1676 1910 1925 1961 mortem
1964 1901 2108 1962 obiit
2152 1919 2242 1960 re—

215 1985 553 2066 pentinam,
605 1983 1018 2062 superstitibus
1073 1983 1276 2045 liberis
1333 1982 1577 2044 Octavia
1633 1987 1885 2063 maiore,
1944 2003 2113 2065 qnam
2169 2004 2246 2045 ex

143 2096 199 2137 20
217 2068 554 2144 Ancharia,
601 2077 660 2127 et
701 2067 945 2128 Octavia
981 2069 1210 2128 minore
1251 2071 1390 2128 item
1430 2067 1735 2146 Augusto,
1796 2087 1946 2148 quos
1986 2088 2063 2130 ex
2110 2068 2245 2129 Atia

218 2154 458 2215 tulerat.
505 2151 641 2214 Atia
669 2152 745 2213 M.
778 2152 918 2213 Atio
949 2152 1134 2227 Balbo
1167 2161 1228 2212 et
1252 2151 1417 2227 Iulia,
1464 2170 1675 2213 sorore
1708 2151 1773 2212 C.
1810 2152 2105 2231 Caesam,
2142 2171 2243 2229 ge·

216 2241 343 2298 nita
379 2247 492 2297 est.
562 2236 806 2313 Balbus,
864 2246 1108 2317 paterna
1151 2239 1334 2318 stirpe
1368 2236 1664 2313 AricinuS,
1710 2237 1903 2296 multis
1942 2239 1999 2296 in
2030 2236 2246 2298 familia

218 2323 540 2383 senatoriis
569 2320 950 2399 imaginibus,
999 2340 1030 2380 a
1070 2331 1251 2382 matre
1280 2321 1554 2398 Magnum
1582 2321 1920 2400 Pompeium
1955 2323 2245 2380 artissimo

221 2405 608 2484 contingebat
639 2404 824 2482 gradu
855 2406 1204 2485 functusque
1230 2405 1467 2466 honore·
1493 2413 1801 2484 praeturae
1834 2407 1985 2464 inter
2014 2405 2245 2481 viginti-

152 2513 200 2554 25
219 2492 390 2551 viros
423 2508 625 2567 agrum
655 2487 1006 2569 Campanum
1035 2489 1197 2570 plebi
1233 2488 1378 2548 Iulia
1410 2488 1547 2566 lege
1582 2488 1797 2549 divisit.
1846 2490 2065 2550 Verum
2094 2487 2247 2547 idem

219 2576 548 2651 Antonius,
620 2573 956 2653 despiciens
1010 2576 1184 2635 etiam
1241 2583 1559 2635 maternam
1619 2573 1871 2652 Augusti
1936 2575 2245 2651 originem,

221 2677 509 2738 proavum
539 2661 663 2718 eius
692 2658 824 2719 Afri
865 2660 1106 2736 generis
1147 2659 1330 2719 fuisse
1378 2667 1437 2718 et
1470 2657 1647 2720 modo
1690 2661 2124 2736 unguentariam
2165 2666 2245 2717 ta-

221 2743 463 2804 bernam
505 2742 680 2804 modo
721 2744 1022 2823 pistrinum
1064 2744 1299 2804 Ariciae
1350 2743 1693 2810 exercuisse
1732 2743 1933 2802 obicit.
2012 2742 2247 2802 Cassius

223 2827 458 2906 quidem
495 2824 824 2888 Parmensis
870 2827 1112 2907 quadam
1164 2827 1419 2907 epis-tola
1470 2843 1586 2886 non
1626 2835 1840 2886 tantum
1882 2835 1943 2887 ut
1984 2827 2246 2904 pistoris,

156 2933 206 2974 so
225 2912 334 2972 sed
395 2914 564 2972 etiam
633 2921 694 2972 ut
764 2913 1100 2973 nummulari
1166 2920 1442 2992 nepotem
1516 2912 1604 2970 sic
1674 2918 1834 2970 taxat
1889 2909 2245 2986 Augustum:

223 2993 516 3058 Materna
555 2997 670 3058 tibi
714 2995 1004 3075 farinast
1065 3015 1146 3056 ex
1197 2993 1573 3058 erudissimo
1627 2991 1888 3054 Ariciae
1944 2992 2246 3070 pistrino:

225 3079 390 3141 hanc
456 3080 639 3158 finaeit
689 3081 982 3142 manibus
1037 3080 1279 3160 collybo
1351 3077 1736 3140 decoloratis
1802 3076 2251 3138 Nerulonensis

225 3181 596 3226 men-tarsus.

346 3249 529 3312 Natus
590 3259 678 3310 est
736 3251 1036 3328 Augustus
1104 3250 1181 3310 M.
1251 3248 1445 3310 Tullio
1509 3248 1800 3308 Cicerone
1860 3244 1927 3306 C.
1988 3245 2295 3314 Antonio5

167 3347 211 3390 aa
234 3349 427 3394 conss.
470 3332 656 3395 v1111.
701 3333 828 3394 Kal.
874 3335 1125 3411 Octob.‚
1185 3333 1359 3414 paulo
1422 3342 1553 3393 ante
1610 3332 1756 3393 solis
1802 3338 2100 3408 exortum,
2155 3350 2246 3391 re-

231 3418 405 3492 gione
436 3418 651 3495 Palati,
699 3418 767 3478 ad
813 3417 1022 3498 Capita
1064 3417 1314 3493 bubula,
1362 3417 1459 3477 ubi
1500 3434 1653 3476 nunc
1705 3414 2021 3476 sacrarium
2048 3414 2244 3491 habet,

231 3500 520 3580 aliquanto
563 3511 700 3580 post
735 3521 899 3581 quam
946 3505 1223 3582 excessit
1256 3503 1647 3562 constitutum.
1722 3501 1869 3561 Nam
1908 3508 1971 3559 ut
2010 3507 2244 3558 senatus

234 3586 374 3642 actis
419 3587 780 3670 continetur,
829 3607 958 3648 cum
1004 3586 1072 3648 C.
1105 3587 1438 3663 Laetor-im,
1484 3585 1830 3645 adulescens
1872 3583 2102 3662 patricii
2138 3597 2241 3656 ge·
