2700 4234
943 309 1006 358 c,
1049 309 1421 358 culeum.
2058 301 2174 362 127

170 467 401 546 Sparsit
441 473 500 524 et
543 461 784 524 missilia
812 463 1095 526 variarum
1124 481 1346 540 rerum,
1402 472 1463 523 et
1493 465 1727 541 panaria
1764 483 1889 526 cum
1924 465 2173 527 obsonio

173 551 397 622 viritim,
425 547 641 615 divisit:
690 564 802 624 qua
853 547 1186 625 epulatione
1238 548 1415 625 equiti
1466 547 1537 608 R.
1584 557 1783 608 contra
1824 567 1891 610 se
1940 549 2177 610 hilarius

169 633 512 710 avidiusque
566 629 828 688 vescenti
881 639 1075 706 partes
1136 647 1272 690 suas
1307 631 1492 707 misit,
1545 630 1650 690 sed
1688 639 1747 690 et
1798 634 2056 692 senatori
2096 633 2173 692 ob

167 716 424 792 eandem,
446 731 676 773 causam
720 710 1056 790 codicillos,
1097 713 1300 791 quibus
1343 722 1670 792 praetorem
1706 733 1835 774 eum
1879 724 2043 775 extra
2082 734 2171 776 or-

116 828 142 868 5
165 800 361 861 dinem
393 795 752 874 designabat.
822 795 1018 856 Edidit
1061 805 1122 856 et
1165 799 1461 856 circenses
1507 797 1787 877 plurimos
1832 817 1865 858 a
1898 816 2063 860 mane
2100 798 2174 858 ad

167 899 509 964 vesperam,
572 881 894 939 interiecta·
931 879 1102 940 modo
1163 879 1567 942 Africanarum
1624 883 1935 942 venatione
1996 882 2177 943 modo-

160 967 382 1028 Troiae
413 965 782 1040 decursione,
828 971 888 1024 et
919 963 1198 1042 quosdam
1227 967 1597 1042 praecipuos,
1636 965 1905 1036 minioet
1934 965 2169 1040 chryso-

161 1051 328 1111 colla
358 1056 652 1109 constrato
690 1049 873 1124 circo,
917 1065 1028 1106 nec
1059 1047 1192 1107 ullis
1220 1049 1330 1108 nisi
1360 1066 1437 1107 ex
1469 1051 1763 1109 senatorio
1793 1048 1992 1108 ordine
2022 1050 2168 1109 auri-

156 1132 458 1212 gantihus.
533 1129 832 1194 Commisit
873 1139 932 1190 et
974 1130 1228 1207 subitos,
1270 1149 1396 1190 cum
1431 1149 1465 1192 e
1495 1131 1793 1194 Gelotiana
1838 1142 2173 1211 apparatum

83 1239 136 1278 ιο
159 1217 320 1278 circi
345 1215 799 1293 prospicientem
823 1215 992 1292 pauci
1018 1233 1092 1274 ex
1114 1216 1399 1292 proximis
1416 1215 1735 1276 Maenianis
1758 1215 2169 1293 postulassent.

295 1297 525 1358 Novum
559 1307 866 1375 praeterea
909 1305 1079 1376 atque
1132 1297 1437 1358 inauditum
1477 1317 1664 1374 genus
1706 1299 2029 1377 spectaculi
2069 1313 2252 1367 eit-19

161 1382 472 1460 cogitavit.
555 1379 700 1442 Nam
732 1380 993 1440 Baiarum
1025 1381 1274 1440 medium
1319 1381 1681 1442 intervallum
1714 1381 1786 1442 ad
1824 1382 2169 1442 Puteolanas

158 1467 384 1542 moles,
426 1466 591 1524 trium
631 1463 843 1524 milium
885 1472 946 1524 et
985 1473 1385 1525 sescentorum
1427 1464 1555 1524 fere
1591 1483 1857 1543 passuum
1906 1467 2168 1544 spatium,

161 1559 350 1630 ponte
408 1549 736 1624 coniunxit,
809 1549 1124 1608 contractis
1173 1547 1422 1627 undique
1476 1551 1757 1607 onerariis
1819 1549 2059 1609 navibus
2112 1557 2173 1608 et

89 1661 140 1700 15
161 1633 370 1696 ordine
405 1630 620 1710 duplici
650 1630 722 1690 ad
751 1630 1036 1692 anchoras
1069 1631 1421 1708 conlocatis,
1466 1632 1917 1710 superiectoque
1948 1649 2171 1708 aggere

161 1729 406 1778 terreno
445 1733 516 1775 ac
547 1714 774 1774 directo
811 1714 869 1774 in
901 1714 1132 1793 Appiae
1176 1717 1304 1775 viae
1342 1715 1605 1774 formam.
1684 1714 1797 1774 Per
1837 1714 1989 1774 hunc
2029 1732 2169 1792 pon-

160 1813 282 1862 tem
311 1799 464 1860 ultro
509 1801 655 1858 citro
698 1801 1038 1860 commeavit
1066 1797 1240 1859 biduo
1279 1799 1621 1874 continenti,
1662 1800 1847 1876 primo
1892 1797 1987 1858 die.
2030 1796 2169 1856 fale-

162 1893 295 1945 rato
357 1899 531 1961 equo·
553 1882 912 1960 insignisque
963 1899 1219 1960 quercea
1260 1899 1477 1942 corona
1518 1891 1579 1940 et
1632 1890 1829 1942 caetra
1870 1890 1929 1940 et
1972 1879 2169 1958 gladio

164 1983 460 2044 aureaque
489 1964 730 2034 clamide
750 2010 767 2042 ‚
815 1966 1098 2043 postridie
1128 1965 1495 2044 quadrigario
1539 1964 1733 2025 habitu
1766 1965 2181 2042 curriculoque,

86 2064 142 2105 20
159 2051 349 2126 biiugi
399 2049 752 2109 famosorum
783 2066 1088 2126 equorum,
1133 2067 1274 2128 prae
1320 2068 1387 2109 se
1427 2049 1625 2108 ferens
1654 2049 1903 2109 Dareum
1932 2065 2173 2127 puerum

163 2153 243 2194 ex
284 2131 624 2192 Parthorum
659 2131 990 2208 obsidibus,
1047 2135 1354 2194 comitante
1408 2135 1903 2210 praetorianorum
1942 2134 2169 2209 agmine

163 2227 225 2277 et
246 2217 305 2274 in
340 2214 567 2274 essedis
591 2215 834 2275 cohorte
864 2217 1192 2276 amicorum.
1267 2216 1405 2276 Scio
1437 2214 1753 2292 plerosque
1785 2216 2169 2290 existimasse,

161 2299 342 2360 talem
375 2317 408 2358 a
445 2296 588 2358 Gaio
631 2307 870 2376 pontem
911 2301 1303 2376 excogitatum
1346 2296 1729 2358 aemulatione
1763 2297 2013 2374 XerxiS,
2077 2299 2171 2374 qui

161 2399 284 2442 non
333 2382 458 2441 sine
515 2380 891 2444 admiratione
946 2381 1236 2460 aliquanto
1291 2381 1683 2458 angustiorem
1732 2381 2171 2459 Hellespontum

87 2488 142 2527 25
167 2464 658 2534 contabulaverit3
716 2465 897 2542 alios,
935 2475 995 2524 ut
1038 2463 1394 2526 Germaniam
1442 2472 1502 2524 et
1546 2463 1919 2540 Britanniam,
1964 2463 2171 2542 quihus

159 2547 527 2624 imminebat,
595 2548 836 2610 alicuius
891 2548 1130 2608 inmensi
1186 2550 1385 2628 operis
1439 2548 1589 2608 fama
1642 2548 1951 2608 territaret.
2052 2546 2171 2607 Sed

162 2649 338 2694 avum
374 2648 560 2690 meum
608 2639 932 2692 narrantem
975 2650 1122 2710 puer
1165 2631 1495 2708 audiebam,
1564 2627 1794 2692 causam
1850 2633 2051 2710 operis
2098 2631 2172 2690 ab

161 2714 540 2775 interioribus
594 2715 794 2776 aulicis
839 2715 1122 2794 proditam
1154 2715 1308 2794 quod
1363 2714 1695 2790 Thi-asylus
1732 2715 2172 2776 mathematicus

162 2799 341 2860 anxio
375 2797 450 2857 de
492 2814 840 2858 successore
885 2797 1120 2860 Tiberio
1157 2808 1216 2860 et
1258 2801 1318 2860 in
1355 2817 1555 2858 verum
1596 2807 1871 2876 nepotem
1911 2798 2171 2876 proniori

83 2894 140 2935 30
163 2883 546 2956 affirmasset,
621 2899 746 2942 non
795 2882 998 2961 ’παρὰ
1055 2881 1275 2944 Gaium
1330 2880 1781 2959 imperaturum
1829 2896 2015 2960 quam
2053 2897 2173 2958 per

161 2964 479 3026 Baianum
501 2963 700 3027 sinum
727 2965 905 3044 equis.
924 2966 1370 3026 discursui-um.

287 3047 490 3109 Edidit
517 3057 576 3108 et
601 3067 854 3128 peregre
888 3049 1252 3128 spectacula,
1295 3050 1357 3108 in
1388 3047 1583 3108 Sicilia
1614 3045 1920 3120 Syracusis
1951 3045 2167 3104 asticos
2186 3057 2256 3112 20

161 3132 364 3209 ludos,
425 3139 485 3190 et
527 3133 584 3191 in
636 3131 821 3194 Gallia
870 3132 1168 3209 Luguduni
1208 3131 1535 3200 miscellos;
1593 3129 1702 3190 sed
1739 3129 1833 3189 hic
1879 3136 2171 3188 certamen

162 3232 398 3295 qnoque
429 3213 694 3276 Graecae
719 3215 1072 3294 Latinaeque
1100 3215 1403 3279 facundiae
1421 3261 1438 3292 ‚
1484 3231 1600 3292 quo
1642 3214 1952 3274 certamine
1980 3211 2173 3273 ferunt

87 3309 142 3350 3⁵
163 3297 491 3359 victoribus
549 3299 806 3377 praemia
847 3300 1036 3360 victos
1093 3299 1437 3376 contulisse,
1494 3297 1810 3358 eorundem
1854 3306 1915 3358 et
1968 3295 2170 3358 laudes

163 3399 526 3460 componere
561 3390 838 3452 coactos;
884 3400 992 3443 eos
1039 3391 1260 3459 autem,
1310 3383 1408 3461 qui
1428 3383 1673 3444 maxime
1716 3380 2171 3459 displicuissent,

162 3466 386 3546 scripta
444 3483 554 3526 sna
615 3481 880 3544 spongea
939 3465 1209 3542 linguave
1257 3465 1458 3528 delere
1510 3467 1733 3542 iussos,
1802 3466 1911 3525 nisi
1968 3462 2181 3524 ferulis·

162 3550 466 3627 obiurgari
491 3556 590 3608 aut
618 3547 849 3610 flumine
879 3550 1144 3627 proximo
1171 3550 1359 3628 mergi
1389 3548 1740 3610 maluissent.
1972 3547 2005 3572 ⁶
