2700 4234
711 831 732 848 .
799 753 904 837 Q·
952 751 1432 835 SUETONI
1488 749 2172 862 TRANQUILLI

531 936 768 1036 DE
873 933 1336 1063 VITA
1449 931 2489 1038 CAESARUM

1293 1125 1571 1190 LIBER
1608 1125 1735 1190 ΙΠ.

1187 1285 1833 1363 TIBERIUS.

452 1649 483 1702 1
630 1636 877 1697 Patricia
916 1653 1065 1713 gens
1097 1633 1334 1695 Claudia
1376 1635 1514 1713 (fuit
1542 1635 1689 1694 enim
1724 1644 1785 1694 et
1810 1636 1919 1695 alia
1951 1633 2213 1714 plebeia,
2257 1653 2370 1694 nec
2402 1655 2512 1715 po·
2570 1668 2595 1708 ⁵

504 1723 680 1782 tentia
722 1722 907 1780 minor
949 1737 1061 1779 nec
1093 1719 1403 1797 dignitate)
1452 1728 1575 1779 orta
1610 1728 1697 1779 est
1729 1737 1805 1778 ex
1830 1718 2111 1797 Regillis,
2156 1719 2375 1798 oppido
2410 1723 2517 1782 Sa-

504 1806 786 1865 binorum.
829 1804 971 1864 Inde
999 1803 1240 1863 Romam
1268 1821 1479 1863 recens
1512 1802 1799 1862 conditam
1826 1821 1952 1862 cum
1978 1820 2184 1881 magna
2217 1802 2521 1866 clientium

504 1907 672 1948 manu
702 1889 1111 1964 conmigravit,
1154 1896 1396 1948 auctore
1428 1886 1556 1947 Tito
1594 1886 1758 1946 Tatio
1794 1896 2069 1948 consorte
2100 1887 2361 1965 Romuli,
2392 1891 2517 1967 vel,

439 2032 444 2041 ,
505 1971 660 2052 quod
688 1972 871 2048 magis
905 1978 1150 2048 constat,
1182 1970 1319 2031 Atta
1350 1969 1590 2051 Claudio
1620 1973 1813 2048 gentis
1846 1971 2132 2050 principe,
2166 1980 2302 2051 post
2332 1991 2519 2051 reges

401 2125 404 2130 ,
437 2070 450 2133 ζ
505 2055 1342 2130 exactosfiQLQss-QQQ:
1378 2063 1549 2132 atque
1584 2057 1642 2114 in
1677 2057 1947 2134 patricias
1986 2064 2279 2132 cooptata,
2306 2075 2513 2134 agrum
2544 2083 2599 2123 ιο

504 2141 742 2218 insuper
765 2147 921 2200 trans
944 2138 1226 2208 Anienem
1254 2138 1560 2199 clientibus
1584 2139 1887 2218 locumque
1912 2138 2021 2198 sibi
2052 2138 2123 2198 ad
2156 2139 2521 2219 sepulturam

507 2223 612 2284 sub
646 2222 938 2304 Capitolio
966 2223 1197 2302 publice
1231 2223 1481 2301 accepit.
1534 2222 1831 2302 Deinceps
1855 2223 2217 2302 procedente
2240 2231 2521 2302 tempore

507 2307 934 2385 duodetriginta
961 2307 1314 2384 consulatus,
1332 2307 1643 2368 dictaturas
1670 2309 1939 2386 quinque,
1960 2325 2235 2367 censuras
2260 2317 2518 2388 septem,

505 2391 820 2471 triumphos
857 2410 964 2450 sex
983 2437 1000 2467 ,
1045 2392 1184 2452 duas
1215 2391 1519 2452 ovationes
1549 2391 1759 2470 adepta
1786 2401 1893 2451 est.
1957 2390 2099 2451 Cum
2125 2393 2521 2471 praenomini—

507 2475 613 2534 bus
644 2475 1196 2554 cognominibusque
1236 2477 1415 2536 variis
1456 2476 1933 2554 distingueretur,
1974 2475 2111 2535 Luci
2153 2494 2519 2554 praenomen
2550 2496 2599 2536 ιε

509 2575 796 2618 consensu
829 2558 1182 2637 repudiavit,
1230 2569 1535 2638 postquam
1568 2579 1602 2619 e
1639 2559 1861 2620 duobus
1889 2558 2199 2640 gentilibus
2232 2560 2523 2640 praeditis

507 2659 580 2700 eo
620 2642 766 2702 alter
809 2641 1126 2719 latrocinii,
1173 2643 1371 2702 caedis
1412 2643 1561 2704 alter
1594 2645 1897 2704 convictus
1930 2653 2037 2704 est.
2099 2643 2256 2704 Inter
2290 2662 2523 2722 cogno-

503 2727 652 2786 mina
685 2735 873 2790 autem
902 2735 960 2786 et
989 2725 1241 2787 Neronis
1269 2728 1610 2815 assumpsit,
1654 2746 1767 2806 quo
1798 2729 2153 2806 significatur
2182 2728 2377 2804 lingua
2409 2730 2521 2790 Sa-

504 2809 638 2870 bina
663 2810 1251 2892 Qus.
1343 2860 1353 2874 ,
1494 2857 1502 2866 .
1582 2853 1621 2874 .

451 2889 512 2960 2'
626 2894 802 2955 Multa
838 2895 1142 2954 multorum
1178 2861 1567 2956 Claudiorum
1572 2898 1818 2973 egregia
1846 2897 2077 2972 merita,
2128 2896 2303 2957 multa
2339 2898 2596 2958 etiam-20

437 2980 741 3058 sequius
783 2977 1074 3039 admissa
1058 2999 1114 3038 m
1147 2998 1270 3039 rem
1302 2998 1359 3059 p.
1390 2989 1605 3040 extant.
1670 2980 1787 3040 Sed
1817 2988 1877 3039 ut
1908 2981 2226 3059 praecipua
2258 2998 2521 3042 comme-

503 3081 756 3140 morem,
789 3063 1014 3162 Appius
1048 3063 1272 3124 Caecus
1301 3064 1641 3136 societatem
1674 3083 1799 3135 cum
1832 3082 1977 3143 rege
2007 3063 2189 3139 Pyrro
2220 3073 2281 3124 nt
2310 3083 2521 3144 parum

505 3147 840 3208 salubrem
825 3146 953 3208 miri
981 3145 1270 3208 dissuasit.
1329 3145 1598 3208 Claudius
1624 3147 1863 3208 Caudex
1894 3150 2107 3226 primus
2139 3149 2291 3224 freto
2319 3147 2522 3211 classe

505 3232 748 3290 traiecto
793 3230 1024 3292 Poenos
1066 3232 1262 3292 Sicilia
1305 3233 1545 3311 expulit.
1613 3231 1739 3292 Tib.
1782 3229 1943 3292 Nero
1988 3217 2431 3292 advenientemffl
2440 3252 2521 3293 ex

505 3312 778 3391 Hispania
836 3332 964 3373 cum
1013 3315 1340 3392 ingentibus
1393 3318 1577 3396 copiis
1624 3315 2073 3394 Hasdrubalem,
2131 3316 2289 3395 prius
2340 3335 2519 3396 quam
2540 3345 2603 3384 25

505 3395 775 3454 Annibali
817 3397 978 3456 fratri
1029 3401 1506 3495 coniungeretur,
1570 3401 1883 3480 oppressit.
1972 3399 2190 3460 Contra
2236 3398 2519 3462 Claudius

504 3479 892 3558 RegillianuS,
924 3478 1220 3542 decemvir
1249 3482 1479 3560 legibus
1511 3483 1855 3560 scribendis,
1888 3486 2173 3562 virginem
2201 3486 2518 3561 ingenuam

507 3579 614 3642 per
645 3564 758 3623 vim
789 3563 1040 3626 libidinis
1069 3568 1258 3644 gratia
1287 3568 1342 3626 in
1374 3569 1709 3627 servitutem
1738 3586 2005 3628 asserere
2044 3577 2301 3647 conatuS,
2338 3586 2521 3630 causa
