2700 4234
483 260 1068 355 DEPERDITORUM⁰
1083 304 1451 355 mmmmm
1492 294 2193 397 REn1QmAn.319

309 462 624 539 Simulare,
654 460 1041 538 dissimulare]
1066 459 1399 521 simulamus
1413 477 1562 569 quae
1589 460 1903 539 nescimus,
1931 460 2191 525 dissimu-

194 547 369 617 lamus
400 564 548 626 qnae
578 505 812 606 sbimus.

311 630 616 692 Servitium
649 637 707 689 et
731 627 1092 707 servitutem]
1118 628 1371 688 servitus
1394 637 1485 689 est
1514 629 1843 689 necessitas
1873 631 2189 711 serv1endi,

193 714 483 775 servitium
516 713 890 773 servientium
923 728 1214 772 numerus.

141 827 167 867 5
311 798 554 859 Sensum
584 805 642 858 et
670 796 1050 875 intellectum]
1076 812 1284 855 sensns
1313 794 1591 857 naturalis
1622 804 1743 873 est,
1767 796 2101 860 intellectus
2135 800 2193 859 in

189 882 361 942 rebus
395 880 681 942 obscuris.

308 965 658 1045 Sanguinem
707 979 973 1023 cruorem
1006 972 1064 1023 et
1095 964 1309 1025 saniem
1361 962 1477 1023 hoc
1520 962 1735 1043 differt]
1781 966 2019 1044 sanguis
2050 964 2193 1026 dici·

188 1058 276 1110 tur
315 1068 441 1111 cum
471 1050 621 1109 intra
659 1064 874 1126 corpus
905 1055 1034 1126 est,
1095 1064 1166 1107 eo
1198 1047 1354 1126 quod
1385 1064 1493 1107 nos
1534 1048 1788 1125 sanciat,
1832 1047 1889 1108 id
1932 1058 2023 1109 est
2053 1066 2191 1109 con·

187 1134 390 1203 tineat;
430 1148 602 1192 cruor
652 1149 779 1192 eum
816 1130 1098 1209 funditur,
1134 1130 1320 1192 dictus
1353 1130 1423 1191 ab
1461 1148 1533 1191 eo
1573 1129 1731 1211 quod
1761 1148 1871 1192 nos
1915 1148 2191 1195 corruere

118 1241 168 1283 10
189 1225 391 1295 cogat;
425 1216 618 1276 sanies
649 1232 820 1275 cruor
853 1214 1132 1295 putridus.

315 1299 522 1359 Scelus
573 1308 633 1359 et
672 1298 925 1378 facinus]
968 1298 1164 1359 scelus
1211 1300 1429 1359 crimen
1470 1306 1594 1374 est,
1646 1297 1870 1359 facinus
1916 1302 2089 1361 etiam
2132 1302 2191 1361 in

187 1383 354 1447 laude
386 1383 637 1462 ponitur.

263 1525 270 1529 .
311 1466 510 1528 Solum
547 1469 773 1528 unicum
818 1467 1136 1528 solitarium
1191 1476 1250 1527 et
1293 1467 1488 1546 unum]
1533 1467 1696 1529 solus
1745 1488 1778 1529 a
1826 1469 2039 1530 ceteris
2096 1487 2188 1529 re·

186 1552 383 1628 lictus,
429 1570 572 1611 unus
603 1552 818 1613 initium
852 1552 1177 1628 multorum,
1223 1550 1519 1611 solitarius
1548 1552 1675 1611 sine
1716 1554 1952 1630 ceteris,
1986 1552 2189 1614 unicus

113 1659 162 1700 15
188 1636 281 1715 qui
311 1645 557 1716 propter
586 1638 841 1715 inopiam
867 1635 1112 1695 aliorum
1141 1633 1199 1693 id
1228 1634 1416 1713 ipsum
1448 1643 1537 1694 est
1570 1634 1725 1713 quod
1757 1635 1940 1696 solus.

85 1790 90 1795 ⁸
311 1718 735 1780 Soloecismum
781 1728 840 1779 et
867 1717 1310 1797 barbarismum]
1361 1718 1749 1779 soloecismus
1785 1720 1842 1779 in
1885 1736 2062 1780 sensu
2104 1719 2186 1796 fit,

181 1802 568 1864 barbarismus
597 1806 655 1871 in
690 1812 860 1863 voce.

313 1887 506 1965 Super
549 1895 608 1947 et
657 1885 857 1964 supra]
898 1902 1074 1963 super
1132 1886 1405 1965 superior
1456 1886 1767 1965 inferiore,
1814 1905 1992 1966 supra
2033 1884 2188 1966 quod

181 1970 531 2031 substratum
565 1968 779 2049 aliquid
809 1968 986 2029 habet
1015 1976 1108 2028 aut
1137 1968 1294 2047 quod
1326 1987 1501 2050 supra
1535 1971 1670 2050 quid
1698 1973 1971 2031 imminet.

106 2077 160 2117 20
313 2052 491 2113 Simul
524 2060 584 2112 et
626 2053 839 2132 simitu]
887 2050 1052 2113 simul
1092 2069 1203 2113 una
1245 2054 1579 2133 pariterque
1625 2074 1725 2115 res
1768 2055 2064 2131 declarat,
2126 2063 2189 2115 ut

179 2136 348 2198 simul
381 2137 626 2214 legimus
653 2136 750 2198 vel
787 2138 1121 2207 scribimus;
1166 2137 1351 2197 simitu
1392 2137 1511 2198 loci
1554 2140 1766 2217 recipit
1808 2138 2186 2216 significatio-

179 2239 331 2298 nem,
356 2229 643 2300 tamquam
673 2220 839 2282 simul
871 2223 970 2282 itu.

304 2304 552 2365 Saevum
584 2314 645 2365 et
687 2305 1017 2384 crudelem]
1060 2322 1270 2365 saevus
1298 2304 1456 2365 circa
1491 2304 1741 2367 verbera
1771 2314 1895 2384 est,
1934 2304 2186 2365 crudelis

176 2398 527 2450 monstratur
559 2391 859 2468 sangnine.

103 2486 156 2527 25
308 2472 408 2534 Sic
437 2482 496 2533 et
535 2474 636 2553 ita]
677 2476 764 2534 sic
793 2474 888 2553 qui
914 2472 1052 2535 dicit
1083 2472 1336 2534 ostendit
1378 2472 1739 2553 exemplum,
1779 2474 1859 2535 ita
1896 2470 1967 2533 ad
2007 2472 2183 2533 ratio-

173 2573 308 2617 nem
336 2558 606 2618 refertur.

308 2640 531 2701 Stillam
565 2651 622 2702 et
655 2643 898 2722 guttam]
927 2650 1088 2720 gutta
1119 2642 1382 2703 imbrium
1420 2650 1527 2719 est,
1564 2642 1719 2702 stilla
1751 2641 1867 2703 olei
1890 2638 1986 2700 vel
2011 2639 2183 2699 aceti.

300 2724 628 2787 Terminum
659 2735 717 2786 et
748 2726 944 2805 finem]
975 2728 1251 2787 terminus
1282 2726 1513 2786 nonnisi
1549 2744 1717 2786 manu
1752 2726 2023 2806 ponitur,
2056 2722 2183 2783 finis

173 2810 463 2869 sermonis
492 2809 588 2870 vel
618 2810 930 2890 voluptatis
961 2818 1056 2872 ant
1087 2810 1325 2871 alicuius
1351 2811 1439 2870 rei
1472 2809 1737 2885 intellegi
1768 2814 1983 2889 potest.

100 2914 152 2955 ao
302 2892 497 2969 Terga
555 2902 612 2953 et
651 2894 912 2973 tergora]
960 2903 1128 2972 terga
1173 2894 1489 2971 hominum,
1535 2902 1777 2970 tergora
1827 2889 2179 2959 animaliumg

173 2984 233 3035 et
265 2978 325 3035 in
357 2994 599 3038 numero
631 2978 907 3055 singulari
938 2986 1166 3056 tergum
1195 2978 1443 3039 hominis
1474 2976 1715 3037 dicimus
1748 2984 1805 3037 et
1830 2985 2035 3052 tergus
2064 2973 2179 3036 ani-

169 3059 360 3121 malis.

303 3143 450 3205 Tum
481 3154 540 3204 et
557 3145 716 3224 tunc]
742 3152 858 3205 tum
892 3144 1110 3205 ordinis
1139 3144 1329 3206 habet
1347 3144 1855 3223 significationem,
1881 3152 2017 3205 tunc
2041 3150 2180 3203 tem-

171 3228 359 3306 poris,

95 3333 148 3374 35
301 3310 534 3373 Tenere
565 3320 624 3372 et
659 3330 888 3373 sumere
913 3322 970 3373 et
1003 3313 1299 3393 accipere]
1339 3322 1601 3373 tenemus
1641 3329 1790 3391 quae
1826 3319 1961 3371 sunt
1988 3310 2048 3370 in
2077 3326 2180 3371 no-

170 3402 294 3456 stra
334 3404 658 3475 potestate,
703 3398 972 3457 sumimus
1007 3398 1234 3476 posita,
1280 3397 1599 3476 accipimus
1636 3396 1767 3458 data
1814 3394 1913 3455 vel
1951 3394 2024 3455 ab
2062 3394 2179 3454 alio

168 3490 456 3559 accepta3
487 3481 584 3540 vel
614 3489 875 3541 tenemus
908 3490 965 3541 et
995 3482 1268 3542 sumimus
1298 3499 1331 3541 a
1362 3480 1552 3558 nobis,
1590 3480 1907 3560 accipimus
1936 3476 2009 3538 ab
2044 3477 2179 3537 alio.

300 3563 551 3626 Tardum
604 3567 832 3646 pigrum
887 3567 1128 3627 inertem
1178 3574 1236 3625 et
1283 3565 1550 3643 segnem]
1592 3564 1793 3626 tardus
1835 3561 2042 3622 dicitur
2086 3560 2182 3639 qui
