2700 4234
915 320 1330 369 PRAEFATIO.
1835 322 2018 372 XXIII

310 477 694 534 Memmianum
715 477 968 534 codicem
992 478 1230 534 omnium
1255 478 1350 549 qui
1366 484 1621 535 aetatem
1653 480 1897 537 tulerunt
1925 481 2013 537 in-

189 561 546 634 tegerrimum
575 576 737 630 esse,
780 562 850 618 ab
885 561 1047 619 initio
1093 577 1284 617 onmes
1328 561 1731 617 intellexerunt
1762 568 1819 618 et
1847 580 2017 636 prae-

191 646 538 702 dicaverunt.
631 643 747 699 Sed
793 650 971 701 tamen
1015 645 1319 702 cavendum
1355 650 1443 699 est
1472 661 1543 701 ne
1588 644 1809 702 nimiam
1838 647 1909 702 de
1942 662 2013 704 eo

189 727 670 802 exspectationem
712 728 1092 801 concipiamus
1139 734 1196 783 et
1235 726 1485 800 reliquos
1527 744 1663 800 prae
1706 744 1775 785 eo
1822 745 2015 787 omnes

189 812 620 869 contemnamus.
712 810 914 868 Errant
957 812 1100 868 enim
1144 827 1265 867 cum
1305 811 1583 867 Richardo
1617 812 1873 869 Bentleio
1918 814 2012 885 qui

189 894 564 951 Suetonianos
619 894 847 951 codices
898 895 970 951 ad
1019 910 1180 950 unum
1234 910 1427 951 omnes
1470 910 1543 950 ex
1588 895 1697 950 hoc
1741 900 2013 968 tamquam

189 977 452 1050 primario
486 983 723 1049 parente
751 984 910 1034 natos
947 979 1259 1034 voluerunt.
1350 977 1431 1034 Ea
1461 976 1655 1049 opinio
1686 979 1831 1052 adeo
1867 980 2011 1037 salsa

189 1066 274 1116 est
311 1066 372 1115 ut
413 1076 482 1116 ne
517 1076 682 1116 unum
713 1061 936 1132 quidem
976 1060 1210 1131 librum,
1257 1068 1411 1116 certe
1464 1074 1659 1116 eorum
1699 1062 1770 1117 de
1812 1062 2013 1133 quibus

190 1148 438 1213 constat,
484 1143 656 1200 liceat
697 1158 770 1199 ex
803 1160 872 1200 eo
905 1144 1241 1216 descriptum
1285 1144 1495 1200 dicere.
1586 1144 1825 1201 Laborat
1868 1146 2013 1202 enim

190 1226 345 1282 vitiis
392 1226 754 1297 quibusdam,
812 1242 1045 1299 quorum
1095 1227 1272 1283 ceteri
1326 1226 1457 1283 libri
1510 1242 1701 1283 omnes
1746 1234 2013 1300 expertes

173 1316 335 1365 sunt.
423 1309 517 1363 Sic
547 1311 845 1366 verborum
889 1311 1015 1382 plus
1045 1309 1295 1367 minusve
1341 1328 1399 1383 p.
1436 1316 1541 1381 38,
1587 1316 1653 1370 16
1700 1313 1841 1367 vallo
1870 1327 2014 1383 per.-

188 1410 246 1464 p.
285 1398 378 1463 58,
408 1398 476 1450 14
501 1394 706 1464 ἰρεωης
743 1411 800 1466 p.
820 1399 944 1465 169,
975 1400 1042 1453 19
1067 1396 1289 1475 imperii
1309 1398 1509 1466 quarto
1538 1394 1778 1457 dec-imo,-
1806 1412 1863 1467 p.
1878 1401 2013 1465 -193,

185 1482 256 1535 38
299 1492 504 1547 mayna
549 1478 661 1531 iam
688 1477 946 1533 ordinum
984 1477 1302 1550 frequentia
1336 1480 1437 1535 vix
1478 1483 1737 1549 repertae
1766 1477 2019 1550 Capitolii

185 1560 400 1628 claves,
461 1576 590 1615 cum
628 1575 704 1615 ex
741 1562 1022 1622 oratione;
1068 1578 1123 1633 p.
1157 1566 1295 1631 211,
1334 1566 1399 1620 17
1434 1563 1645 1623 ειαιίηις
1687 1579 1743 1633 p.
1776 1568 1913 1632 236,
1942 1567 2015 1620 20

185 1658 255 1697 ac
288 1645 499 1715 magis:
535 1660 591 1720 p.
625 1648 756 1716 249,
785 1649 854 1703 31
887 1645 1297 1714 conspiratione
1321 1640 1681 1699 'desideratur
1714 1644 1771 1699 in
1801 1644 1911 1700 hoc
1939 1643 2012 1699 li-

185 1728 308 1796 bro,
343 1731 630 1798 comparet
662 1726 719 1781 in
749 1726 984 1797 reliquis
1012 1726 1288 1796 omiliae,
1321 1726 1473 1797 quod
1505 1726 1627 1781 lieri
1658 1726 1812 1781 nullo
1842 1732 2009 1798 pacto

186 1809 484 1881 potuisset,
515 1809 565 1865 si
594 1808 686 1864 hic
718 1810 866 1866 liber
896 1809 1135 1865 omnium
1165 1809 1329 1879 origo
1363 1808 1669 1866 communis
1700 1814 1870 1865 esset.
1924 1809 2009 1865 Ac

185 1892 234 1947 si
270 1893 394 1964 quis
431 1908 540 1950 non
585 1908 658 1948 ex
701 1892 828 1964 ipso
867 1892 1192 1949 Memmiano
1237 1892 1469 1963 codice,
1524 1893 1627 1949 sed
1670 1909 1742 1947 ex
1785 1891 2007 1964 gemino

186 1976 376 2047 aliquo
410 1976 644 2046 eiusque
679 1975 956 2033 simillimo
991 1976 1243 2047 reliquos
1274 1975 1640 2032 descendisse
1670 1976 1906 2045 diceret,
1938 1992 2009 2030 ne

186 2059 238 2114 is
280 2058 504 2130 quidem
558 2066 716 2115 recle
781 2059 1075 2118 iudicaret.
1164 2059 1395 2129 Magnus
1438 2058 1583 2114 enim
1628 2064 1715 2115 est
1758 2059 2009 2114 locorum

185 2157 477 2211 numerus,
507 2141 604 2198 ubi
637 2159 760 2198 cum
787 2142 1112 2198 Remmiano
1145 2142 1298 2198 multi
1332 2141 1429 2198 alii
1461 2143 1655 2198 eadem
1687 2142 2008 2213 corruptela

187 2226 375 2281 affecti
405 2231 551 2281 sunt.
644 2225 742 2282 Sic
770 2226 1106 2283 versiculum
1149 2226 1239 2298 qui
1272 2242 1325 2297 p.
1365 2230 1468 2293 22,
1514 2230 1547 2284 6
1580 2225 1650 2279 de
1683 2225 1860 2280 tribus
1892 2238 2008 2279 me-

185 2308 308 2364 dius
343 2314 458 2378 est,
490 2324 600 2365 nou
632 2308 988 2365 Memmianus
1020 2310 1184 2365 modo
1216 2309 1317 2365 sed
1346 2307 1585 2363 Parisini
1623 2322 1844 2378 quoque
1872 2311 2010 2365 5801

185 2397 244 2446 et
272 2397 448 2461 5804,
481 2392 766 2452 Mediceus
799 2393 1002 2448 tertius
1031 2398 1088 2447 et
1127 2408 1156 2448 a
1187 2392 1365 2464 prima
1401 2406 1561 2447 manu
1591 2390 1875 2446 Mediceus
1917 2405 2012 2445 sc-

185 2474 399 2531 cundus
435 2472 708 2549 (prunum
735 2482 868 2548 puto
903 2474 1166 2547 scriptum
1202 2471 1482 2548 oportuit)
1516 2474 1839 2543 omiserunt,
1874 2488 2011 2528 euu-

186 2558 310 2612 dem
352 2556 763 2615 vetustissimus
799 2558 1020 2630 quidam
1063 2557 1397 2631 epitomator
1428 2563 1486 2613 et
1526 2557 1764 2614 loannes
1808 2556 2009 2612 Sares-

183 2640 470 2697 heriensis
505 2648 571 2711 3,
617 2646 683 2701 14
729 2641 1164 2712 ignoraverunt,
1215 2642 1532 2711 frustraque
1572 2640 1679 2695 fuit
1722 2639 2007 2695 Bentleius

185 2739 306 2779 cum
344 2724 417 2780 ad
444 2724 725 2795 margines
756 2724 1064 2780 Memmiani
1097 2724 1229 2780 libri
1258 2724 1468 2780 alicubi
1505 2722 1849 2780 delitescere
1876 2738 2008 2793 spe-

184 2813 355 2862 raret.
415 2806 622 2863 Verum
654 2822 760 2863 nec
789 2807 1099 2863 desiderari
1131 2812 1320 2879 potest
1345 2806 1445 2861 ille
1480 2805 1791 2862 versiculus
1824 2810 1882 2860 et
1910 2802 2009 2859 alii

184 2889 458 2946 librorum
503 2890 701 2963 generi
744 2891 998 2946 debetur.
1089 2890 1132 2944 E
1183 2890 1413 2945 diverso
1444 2889 1619 2945 verba
1663 2886 1907 2943 insiticia
1951 2886 2010 2941 in

181 2972 381 3028 bonam
407 2981 654 3046 partem,
687 2990 829 3045 quac
852 2968 914 3045 'p.
950 2978 1066 3037 131,
1097 2979 1166 3033 33
1199 2972 1387 3028 addita
1423 2977 1549 3028 sunt
1578 2971 1648 3027 ad
1678 2970 2008 3027 vocabulum

183 3062 356 3129 notos,
389 3057 750 3113 Memmianus
783 3056 1024 3128 itemque
1049 3050 1204 3111 multi
1235 3056 1332 3110 alii
1359 3054 1490 3111 libri
1522 3054 1878 3121 admiserunt,
1909 3052 2012 3108 scd

185 3147 380 3196 carent
411 3157 482 3198 eo
511 3140 892 3197 additamento
921 3155 1042 3193 cum
1067 3137 1320 3195 Mediceo
1353 3138 1531 3210 primo
1567 3142 1623 3192 et
1652 3136 1820 3191 tertio
1850 3133 2009 3191 aliis·
2050 3194 2055 3199 ,

185 3237 292 3292 que
323 3225 512 3281 multis
544 3223 709 3280 libris
741 3220 1019 3277 editiones
1051 3238 1261 3277 omnes.

302 3306 403 3363 His
435 3306 714 3379 exemplis
746 3303 886 3361 salis
918 3306 1349 3361 demonstratum
1384 3318 1518 3359 esse
1547 3301 1804 3371 videtur,
1848 3300 2013 3356 M'em-

183 3389 418 3447 mianu-
452 3389 711 3447 codicem
740 3402 852 3443 non
883 3404 1006 3443 eum
1039 3402 1190 3457 csse,
1221 3388 1369 3442 unde
1402 3391 1676 3456 tamquam
1711 3402 1742 3441 c
1772 3383 2012 3456 simplici

182 3472 372 3531 radice
416 3473 768 3545 reliquorum
815 3469 1082 3527 librorum
1123 3471 1353 3526 suboles
1386 3464 1550 3525 enata
1592 3469 1685 3525 sit.
1771 3469 2016 3523 Fuerunt

183 3555 324 3613 enim
348 3557 642 3616 iam-nono
677 3554 908 3612 saeculo
933 3570 1042 3625 quo
1079 3553 1176 3610 ille
1203 3553 1449 3624 scriptus
1462 3556 1567 3608 est
1595 3551 1699 3607 etsi
1736 3566 1846 3607 non
1876 3548 2013 3606 toti-
