2700 4234
526 307 1080 359 DEPERDITORUM
1123 304 1485 357 mmmmm
1526 306 1926 367 RELIQUIAE.
2100 294 2222 356 305

229 465 418 529 culum
471 474 530 525 et
580 460 932 524 Gaditanum.
1009 462 1408 523 Aestuaria
1460 471 1591 522 sunt
1643 463 1863 538 onmia,
1931 479 2039 539 per
2076 479 2227 539 quae

229 568 388 611 mare
443 547 699 608 vicissim
737 556 852 606 tum
897 546 1128 607 accedit
1176 554 1294 605 tum
1353 545 1595 606 recedit.
1688 545 1926 605 Altum
1984 545 2227 623 proprie

227 650 384 693 mare
426 630 770 711 prol-'undum
810 630 1032 690 dicitur.
1113 627 1309 690 Vada
1351 640 1481 689 sunt
1514 628 1721 709 quibus
1748 631 1805 689 in
1844 629 1987 689 mari
2029 637 2227 709 potest

233 718 402 793 stari,
445 733 594 795 quae
634 714 930 791 Vergilius
978 712 1178 773 brevia
1223 713 1511 793 appellat,
1563 730 1711 791 quae
1764 712 1969 773 eadem
2019 710 2227 774 Graeci

187 799 507 860 sbrachea.
594 798 812 857 Sinus
855 797 1108 857 maiores
1157 814 1432 857 recessus
1472 798 1647 856 maris
1688 796 1988 871 dicuntur,
2041 806 2102 856 ut
2141 806 2231 856 est

235 880 513 961 Caspius,
555 880 876 957 Arabicus,
922 879 1183 949 Indicum
1227 880 1481 940 minores
1504 889 1692 941 autem
1723 878 1917 957 anguli
1945 879 2229 956 dicuntur,

233 976 296 1026 ut
337 966 674 1040 Paestanus,
713 964 1067 1039 Amyclanus
1113 972 1171 1023 et
1223 965 1407 1024 ceteri
1448 964 1686 1023 similes.
1758 962 2056 1024 Flustra
2102 972 2231 1023 sunt

233 1058 422 1110 motus
463 1049 638 1109 maris
681 1047 805 1107 sine
848 1054 1196 1126 tempestate
1243 1046 1591 1108 fluctuantis,
1672 1046 1927 1107 Naevius
1972 1049 2030 1107 in
2067 1047 2230 1108 bello

235 1134 488 1194 Poenico
546 1132 634 1191 sic
673 1132 777 1191 ait:
840 1128 1190 1193 Onerariae
1243 1137 1503 1192 onustae
1547 1130 1805 1191 stabant
1850 1131 1918 1191 in
1971 1128 2231 1209 flustris,

164 1229 218 1271 ιο
238 1225 300 1275 ut
364 1216 414 1275 si
473 1215 728 1277 diceret:
785 1215 844 1273 in
886 1214 1032 1275 salo.
1121 1212 1356 1274 Moles
1408 1232 1559 1294 quae
1598 1216 1847 1274 eminent
1886 1222 1946 1273 et
1991 1232 2232 1293 procur-

236 1308 368 1359 runt
405 1298 585 1374 mari,
643 1296 718 1357 de
759 1297 965 1375 quibus
1004 1298 1320 1359 Pacuvius:
1396 1296 1622 1361 Omnes
1651 1296 1932 1359 latebras
1971 1296 2084 1358 aab
2114 1297 2233 1359 leto

235 1382 396 1443 mole
444 1379 772 1443 obstrusas
817 1382 1011 1441 sinus.
1117 1378 1399 1441 Caecus
1450 1382 1659 1442 fluctus
1710 1392 1934 1441 tumens
1987 1382 2233 1442 necdum

238 1476 428 1526 tamen
467 1482 678 1540 canus,
721 1464 792 1524 de
839 1483 954 1544 quo
991 1464 1128 1525 Atta
1175 1466 1230 1525 in
1278 1464 1504 1543 Togata
1540 1466 1625 1525 sic
1666 1466 1771 1526 ait:
1833 1464 1959 1526 Pro
1997 1466 2233 1544 populo

235 1548 458 1628 fluctus
479 1564 704 1609 caecos
725 1547 973 1627 faciant
1005 1564 1122 1627 per
1163 1547 1577 1626 discordiam,
1626 1557 1685 1609 et
1715 1547 2045 1626 Augustus:
2092 1548 2237 1623 ,Nos

165 1646 222 1688 15
239 1633 510 1694 venimus
553 1630 882 1711 Neapolim
913 1630 1104 1710 fluctu
1143 1632 1384 1711 quidem
1424 1648 1633 1694 caeco.
1707 1630 1916 1691 Litus
1961 1632 2235 1709 quidquid

240 1734 386 1794 aqua
421 1716 684 1776 adluitur.
751 1714 1047 1776 Flumen
1087 1717 1269 1777 omnis
1292 1716 1499 1777 humor
1534 1718 1631 1795 qui
1670 1715 1769 1775 vel
1819 1714 2046 1775 modice
2092 1715 2231 1775 fluit.

240 1798 562 1861 Torrens
601 1798 808 1859 fluvius
839 1800 972 1878 quia
1006 1798 1200 1877 pluvia
1244 1801 1487 1876 crescit,
1522 1800 1787 1859 siccitate
1822 1800 2126 1875 torrescit,
2179 1800 2237 1859 id

241 1892 330 1943 est
362 1884 608 1951 arescit;
639 1882 711 1941 de
743 1899 860 1960 quo
887 1882 1171 1943 Pacuvius
1201 1885 1311 1945 ait:
1371 1882 1683 1945 Flammea
1723 1900 1965 1961 vapore
1994 1888 2240 1945 torrens

239 1971 454 2028 torret.
543 1963 752 2025 Ostia
811 1966 998 2027 exitus
1043 1965 1330 2028 fluminum
1370 1970 1429 2027 in
1468 1986 1645 2029 mare.
1736 1965 1933 2027 Tolli
1966 1984 2239 2045 aquarum

164 2050 572 2129 zoproiectus,
611 2047 814 2125 quales
840 2055 969 2109 sun-t
993 2051 1048 2110 in
1072 2049 1295 2113 Aniene
1333 2052 1561 2115 flumine
1591 2069 1761 2129 quam
1792 2052 2036 2110 maxime
2069 2068 2237 2129 prae-

242 2133 420 2211 cipiti.
508 2128 796 2193 Isidorus
827 2132 905 2193 de
933 2140 1166 2195 natura
1188 2153 1396 2196 rerum
1432 2144 1532 2209 44,
1558 2143 1719 2195 1-4
1749 2132 1844 2194 ed.
1874 2131 2151 2195 Arevali.

366 2215 458 2275 De
509 2215 831 2277 nominibus
876 2218 1215 2297 ventorum]
1276 2217 1570 2291 Quosdam
1626 2226 1817 2277 autem
1874 2215 2239 2295 Tranquillus

238 2300 514 2378 proprios
549 2299 809 2359 locorum
831 2300 998 2361 flatus
1030 2302 1204 2360 certis
1235 2301 1498 2379 appellat
1524 2299 1859 2375 vocabulis,
1888 2316 2000 2377 quo
2034 2318 2109 2359 ex
2139 2320 2241 2359 nu-

239 2398 401 2442 mero
447 2391 578 2443 sunt
612 2383 670 2441 in
719 2384 886 2459 Syria
934 2384 1149 2460 Syrus,
1199 2381 1488 2444 carbasus
1529 2384 1585 2443 in
1619 2381 1854 2459 Cilicia,
1896 2384 1953 2442 in
1981 2384 2240 2461 Propon-

164 2488 223 2530 25
245 2466 364 2527 tide
399 2464 706 2543 Thracias,
749 2466 808 2525 in
836 2464 1029 2526 Attica
1063 2467 1305 2546 Sciron,
1346 2470 1405 2527 in
1434 2466 1617 2529 Gallia
1650 2465 1906 2544 Circius,
1949 2468 2005 2526 in
2035 2466 2241 2547 Hispa·

240 2550 336 2610 nia
367 2548 776 2611 Sucronensis.
845 2546 1138 2611 Isidorus
1165 2550 1243 2613 de
1279 2558 1513 2613 natura
1539 2569 1749 2612 rerum
1778 2559 1879 2627 37,
1910 2561 1967 2611 5.

363 2649 514 2701 Nolui
539 2649 622 2700 hie
643 2658 870 2717 repetere
902 2634 1126 2695 Versus
1167 2635 1239 2696 de
1267 2634 1379 2696 XII
1408 2638 1595 2695 ventis
1635 2633 1954 2716 Tranquilli
1988 2632 2241 2714 physici,

241 2732 370 2785 quos
396 2734 423 2768 e
443 2718 572 2769 libro
599 2718 915 2771 Bruxellensi
941 2734 1024 2770 ne.
1051 2718 1217 2771 10721
1255 2718 1394 2771 Saec.
1421 2718 1534 2769 XII.
1562 2718 1859 2770 Theodorus
1882 2718 2063 2770 Oehler
2088 2718 2244 2770 edidit

239 2790 295 2839 in
315 2786 491 2837 Museo
513 2786 758 2839 Rhenano
791 2788 921 2839 1842
944 2804 996 2855 p.
1027 2786 1126 2841 130
1149 2805 1261 2853 sqq.

163 2882 224 2925 30
369 2854 680 2935 Stipulari]
729 2857 1040 2917 Suetonius
1071 2865 1260 2917 autem
1296 2858 1532 2934 passive
1564 2856 1804 2935 protulit
1836 2857 1893 2915 in
1925 2854 2052 2915 1111.
2087 2854 2242 2916 Pra-

239 2949 510 3000 torum:
556 2935 884 3017 Laetoria,
921 2956 1081 3020 quae
1100 2945 1270 3001 vetat
1292 2940 1588 3001 minorem
1620 2939 1803 3001 annis
1830 2937 2050 3018 viyinti
2074 2939 2243 3018 qnin-

239 3038 362 3103 que
385 3021 682 3100 stipulari
725 3018 1240 3109 ἐπερωτᾶσθαι).
1274 3023 1640 3085 Priscianus
1662 3030 1717 3101 8,
1749 3032 1808 3099 4,
1845 3030 1917 3083 21
1936 3042 2004 3101 p.
2037 3030 2149 3083 794
2172 3022 2241 3083 Ρ.

239 3104 552 3165 Suetonius
590 3107 646 3164 in
681 3104 708 3165 1
737 3106 808 3167 11.
855 3107 1232 3179 Pratorum
1271 3107 1474 3169 minor
1513 3108 1731 3188 viqinti
1757 3106 2021 3187 quinque
2050 3124 2241 3169 anno·

239 3206 380 3249 rum
421 3190 720 3267 stipulari
753 3209 880 3251 non
915 3198 1120 3269 potest
1148 3192 1383 3270 passive
1416 3190 1575 3251 dixit.
1628 3190 1993 3252 Priscianus
2024 3198 2116 3267 18,
2154 3198 2242 3267 19,

163 3293 222 3337 aa
247 3278 362 3332 149
383 3289 450 3350 p.
485 3280 639 3333 1164
670 3271 739 3333 P.
1550 3273 1555 3279 '

370 3356 681 3416 Suetonius
711 3358 767 3417 in
795 3355 951 3418 VIII.
983 3356 1399 3419 Pratorum:
1464 3358 1643 3420 Fasti
1683 3358 1817 3419 dies
1856 3364 1999 3419 sunt
2025 3356 2245 3437 quibus

240 3438 342 3517 ius
376 3437 588 3517 fatur,
645 3440 716 3500 id
750 3446 846 3503 ost
881 3441 1140 3518 dicitur,
1195 3446 1264 3501 nt
1304 3441 1539 3520 nefasti
1574 3441 1794 3521 quibus
1833 3461 1958 3504 non
1998 3442 2241 3503 dicitur.

243 3519 613 3583 Priscianus
641 3531 700 3601 8,
724 3535 786 3603 4,
815 3533 892 3587 20
903 3543 972 3605 p.
1001 3524 1188 3587 793P.
1224 3523 1511 3587 Isidorus
1536 3526 1859 3588 denatura
1880 3542 2089 3587 rerum
2112 3532 2162 3599 1,
2184 3532 2243 3583 4.

345 3626 656 3673 sum-omns,
1814 3611 1893 3671 20
