2700 4234
458 286 539 347 ’76
628 297 687 347 0.
719 296 1019 345 snmom
1054 296 1309 356 TRANQ.
1340 296 1438 343 DE
1467 296 1632 343 vrrs
1676 294 2042 343 CAEsAnmu
2071 296 2210 343 mn.
2241 296 2315 342 11.

456 452 685 513 facilius
730 452 993 511 efficeret
1030 460 1125 509 aut
1152 450 1366 511 necubi
1397 450 1678 510 lectorem
1711 450 1809 509 vel
1837 449 2156 510 auditorem
2189 449 2460 510 obturba-

454 545 547 595 ret
592 553 663 596 ac
702 542 1057 617 moraretur,
1102 552 1291 613 neque
1338 533 1810 613 praepositiones
1843 532 2083 592 urbibus
2113 533 2330 594 addere
2359 552 2463 607 ne·

456 638 571 698 que
618 619 1057 681 coniunctiones
1106 619 1337 696 saepius
1381 618 1593 677 iterare
1637 615 1942 694 dubitavit,
1984 634 2132 695 quae
2165 616 2464 677 detractae

456 703 700 763 afferunt
730 702 944 781 aliquid
976 700 1378 777 obscuritatis,
1426 701 1536 759 etsi
1564 702 1806 777 gratiam
1837 709 2068 778 augent.
2129 699 2466 762 cacozelos

456 796 514 847 et
544 786 931 866 antiquarios,
964 793 1023 844 ut
1058 784 1291 843 diverso
1319 802 1542 861 genere
1573 784 1840 859 vitiosos,
1873 783 2001 863 pari
2026 784 2258 844 fastidio
2292 802 2459 862 spre-
2479 810 2508 849 ⁵

456 872 557 946 vit,
584 868 1031 946 exagitabatque
1062 884 1513 945 nonnumquam;
1547 867 1604 925 in
1631 868 1830 945 primis
1849 867 2250 937 Maecenatem
2275 886 2461 945 suum,

458 950 1118 1031 cuiusmyrobrechis,
1159 962 1221 1011 ut
1258 952 1366 1027 ait,
1413 949 1730 1011 cincinnos
1772 969 1957 1029 usque
1995 968 2224 1029 quaque
2259 968 2460 1029 perse-

456 1039 646 1115 quitur
684 1046 743 1095 et
782 1035 1053 1095 imitando
1088 1052 1194 1113 per
1222 1035 1416 1094 iocum
1445 1032 1664 1093 irridet.
1718 1033 1835 1093 Sed
1865 1052 1976 1094 nec
2003 1033 2238 1094 Tiberio
2273 1035 2463 1113 parcit

457 1129 515 1179 et
559 1120 824 1181 exoletas
858 1117 1138 1179 interdum
1167 1127 1225 1177 et
1256 1116 1591 1177 reconditas
1623 1134 1808 1177 voces
1839 1119 2165 1196 aucupanti.
2225 1118 2302 1177 M.
2335 1118 2458 1196 qui-

452 1204 583 1263 dem
620 1203 931 1264 Antonium
981 1211 1040 1262 ut
1091 1203 1347 1262 insanum
1399 1202 1697 1279 increpat,
1757 1203 1922 1280 quasi
1974 1219 2044 1261 ea
2087 1202 2460 1279 scribentem,
2481 1220 2531 1261 ιο
2636 1200 2637 1205 ’

455 1305 603 1365 quae
640 1286 917 1346 mirentur
958 1286 1153 1365 potius
1193 1284 1459 1345 homines
1504 1302 1672 1362 quam
1715 1285 2056 1362 intellegant
2069 1309 2083 1355 ;
2131 1285 2340 1345 deiude
2373 1286 2458 1345 lu·

453 1371 597 1430 dens
642 1370 851 1429 malum
892 1377 950 1429 et
990 1370 1329 1429 inconstans
1373 1369 1430 1427 in
1472 1367 1747 1445 eligendo
1779 1388 2004 1447 genere
2035 1368 2262 1430 dicendi
2295 1370 2459 1447 inge-

452 1456 603 1513 nium
632 1453 789 1529 eiuS,
826 1452 979 1513 addit
1009 1452 1189 1513 haec:
1228 1450 1437 1531 Tuque
1459 1449 1732 1529 dubitas,
1761 1452 2085 1513 Cimberne
2104 1450 2345 1514 Annius
2374 1470 2464 1512 an

460 1536 765 1597 Veranius
802 1535 1069 1597 Flaccus
1105 1534 1390 1596 imitandi
1425 1535 1552 1596 sint
1592 1534 1738 1612 tibi,
1780 1537 1873 1597 ita
1911 1543 1980 1597 ut
2005 1535 2248 1613 verbis,
2296 1553 2461 1616 quae

454 1620 717 1699 Crispus
742 1619 1082 1681 Sallustius
1122 1618 1437 1698 eoecerpsit
1469 1636 1554 1679 σω.
1585 1616 1945 1698 Oriyinibus
1976 1618 2237 1681 Catonis
2253 1664 2270 1696 ,
2313 1627 2453 1680 uta·
2480 1642 2530 1682 ιι

449 1706 583 1765 ris?
614 1722 699 1765 an
719 1705 928 1783 potius
950 1701 1371 1764 Asiaticorum
1399 1710 1718 1764 oratorum
1746 1703 1958 1764 inanis
1979 1705 2295 1764 sententiis
2316 1721 2455 1765 ver-

450 1788 667 1849 borum
728 1786 1088 1849 volubilitas
1138 1786 1204 1846 in
1254 1792 1533 1846 nostrum
1580 1804 1920 1848 sermonem
1968 1786 2460 1865 transferenda?

447 1872 523 1932 Et
565 1868 811 1949 quadam
851 1870 1100 1948 epistola
1129 1868 1495 1947 Agrippinae
1529 1872 1722 1950 neptis
1754 1871 2046 1949 ingenium
2081 1870 2456 1949 conlaudans,

448 1954 578 2015 Sed
602 1971 761 2032 opus
792 1960 914 2029 est,
961 1954 1174 2031 inquit,
1224 1952 1383 2013 dare
1411 1959 1470 2013 te
1497 1970 1786 2032 operam,
1823 1973 1900 2015 ne
1925 1954 2178 2015 moleste
2204 1953 2460 2015 scribas

454 2044 512 2097 et
548 2036 847 2115 loquaris.
1504 2034 1512 2039 ”
2472 2058 2526 2098 2⁰

364 2116 429 2171 87
576 2118 878 2181 Cotidiano
942 2137 1210 2180 sermone
1268 2122 1550 2199 quaedam
1599 2123 1958 2201 frequentius
2016 2130 2074 2181 et
2121 2120 2458 2182 notabiliter

450 2222 765 2283 usurpasse
823 2222 979 2279 eum,
1038 2203 1265 2264 litterae
1312 2206 1498 2285 ipsius
1549 2204 1950 2283 autographae
2008 2212 2339 2281 ostentant,
2397 2207 2458 2265 in

454 2287 661 2365 quibus
711 2286 1062 2362 identidem,
1111 2304 1241 2347 cum
1294 2288 1521 2367 aliquos
1569 2306 1870 2368 numquam
1927 2288 2220 2348 soluturos
2277 2290 2454 2365 signi·

452 2372 629 2432 ficare
678 2371 825 2448 vult,
880 2369 969 2431 ad
1006 2368 1153 2432 Kal.
1200 2370 1485 2433 Graecas
1533 2372 1849 2433 soluturos
1893 2372 2000 2441 ait;
2053 2380 2112 2431 et
2151 2388 2278 2443 cum
2317 2372 2454 2431 hor·

448 2462 600 2515 tatur
640 2453 883 2515 ferenda
927 2471 1063 2513 esse
1110 2458 1472 2533 praesentia,
1513 2456 1950 2535 qualiacumque
1994 2456 2136 2532 sint,
2191 2460 2464 2516 contenti
2473 2475 2526 2516 25

450 2537 644 2597 simus
684 2536 803 2598 hoc
836 2535 1072 2597 Catone
1080 2560 1113 2607 ,·
1164 2546 1223 2596 et
1264 2538 1338 2598 ad
1377 2538 1809 2618 exprimendam
1839 2538 2145 2599 festinatae
2174 2539 2262 2598 rei
2290 2538 2454 2598 velo-

452 2623 715 2696 citatem,
760 2619 1022 2680 celcrius
1061 2637 1247 2699 quam
1286 2623 1594 2701 asparayi
1632 2627 1972 2691 cocuntur‚·
2015 2623 2180 2700 ponit
2221 2622 2455 2683 assidue

452 2713 509 2763 et
546 2721 655 2782 pro
702 2702 877 2763 stulto
920 2701 1240 2765 baceolum
1284 2705 1460 2784 apud
1489 2705 1727 2786 pullum
1749 2703 2191 2784 pulleiaceum,
2239 2714 2298 2766 et
2343 2724 2453 2785 pro

450 2790 662 2848 cerrito
688 2803 1121 2864 vacerrosum,
1157 2797 1216 2848 et
1242 2789 1472 2868 capide
1499 2809 1564 2849 se
1599 2789 1816 2849 babere
1846 2806 1954 2867 pro
1991 2788 2175 2865 male,
2209 2798 2267 2849 et
2301 2787 2453 2851 beti-

446 2888 598 2930 zare
638 2889 746 2949 pro
793 2871 1103 2948 languere,
1156 2872 1311 2950 quod
1353 2874 1532 2951 vulgo
1576 2872 1981 2934 lachanizare
2026 2871 2260 2942 dicitur;
2314 2873 2454 2933 item
2469 2888 2522 2931 as

445 2954 639 3015 simus
680 2971 789 3031 pro
820 2973 1045 3031 sumus,
1090 2964 1147 3014 et
1179 2954 1396 3016 domos
1429 2958 1689 3034 genitivo
1726 2974 1863 3017 casu
1899 2955 2175 3033 singulari
2208 2973 2318 3036 pro
2351 2956 2454 3017 do-

444 3056 588 3097 mus.
645 3036 774 3097 Nec
816 3055 1079 3116 unquam
1110 3036 1278 3098 aliter
1315 3038 1464 3099 baec
1496 3040 1641 3118 duo,
1681 3058 1755 3099 ne
1795 3040 1922 3117 quis
1964 3039 2228 3099 mendam
2266 3042 2456 3118 magis

448 3139 615 3199 quam
651 3120 1121 3181 consuetudinem
1152 3130 1333 3200 putet.

562 3203 778 3264 Notavi
815 3206 959 3264 etin
992 3204 1389 3284 chirographo
1423 3208 1546 3267 eius
1575 3206 1673 3267 illa
1706 3208 2059 3285 praecipue:
2099 3224 2216 3266 non
2253 3205 2458 3266 dividit

442 3286 625 3347 verba
666 3306 777 3347 nec
826 3286 899 3347 ab
942 3296 1201 3348 extrema
1242 3298 1407 3368 parte
1452 3308 1722 3350 versuum
1765 3290 2106 3351 abundantis
2137 3289 2363 3350 litteras
2397 3292 2524 3353 inst

446 3369 689 3429 alterum
729 3370 1035 3448 transfert,
1073 3370 1178 3432 sed
1214 3372 1428 3433 ibidem
1471 3374 1658 3433 statim
1701 3374 1908 3435 subicit
1935 3371 2452 3451 circumducitque.

356 3450 965 3531 880rthograpbiam,
1017 3454 1074 3514 id
1126 3464 1217 3514 est
1266 3456 1570 3516 formulam
1619 3458 2020 3535 rationemque
2073 3455 2370 3516 scribendi
2420 3474 2455 3516 a

445 3536 829 3611 grammaticis
876 3538 1209 3615 institutam,
1240 3556 1376 3628 ‘uon
1420 3538 1568 3599 adeo
1603 3541 1852 3603 custodit
1887 3558 1957 3601 ac
1987 3541 2217 3602 videtur
2249 3556 2455 3599 eorum
