2700 4234
443 325 559 390 106
606 339 664 387 c.
704 337 1003 386 smt‘rom
1047 335 1304 395 TRANQ.
1335 336 1429 382 DE
1460 336 1625 384 v1TA
1659 335 2027 384 CAESARUM
2061 337 2200 384 Lm.
2244 337 2353 383 111.

440 504 760 573 temporum
801 492 1181 552 atrocitatem.
1267 490 1437 565 Quod
1478 499 1667 550 tamen
1704 489 2051 550 beneficium
2092 491 2232 551 tanti
2276 491 2467 550 aesti-

437 579 644 653 mavit,
678 586 736 636 ut
767 583 1017 636 montem
1051 572 1307 632 Caelium
1339 573 1734 652 appellatione
1765 582 1975 633 mutata
2009 575 2214 634 vocari
2248 573 2465 650 Augu-

441 670 586 721 stum
630 660 882 720 iusserit.
955 657 1119 718 Militi
1161 665 1298 732 post
1346 656 1633 736 duplicata
1682 675 1757 716 ex
1804 657 2054 734 Augusti
2102 666 2464 717 testamento

440 746 638 821 legata
671 743 811 804 nihil
845 758 1108 819 umquam
1144 740 1389 817 largitus
1424 749 1545 816 est,
1594 748 2001 820 praeterquam
2035 739 2263 817 singula
2295 741 2467 802 milia

441 828 803 890 denariorum
848 823 1257 904 praetorianis,
1301 823 1457 902 quod
1490 825 1702 885 Seiano
1749 842 1813 884 se
1856 842 1973 884 non
2016 824 2461 885 accommodas·
2488 848 2515 887 5

441 921 603 987 sent,
667 919 732 977 et,
782 901 1337 987 quaedam'munera
1372 907 1631 982 Syriacis
1671 907 2039 986 legionibus,
2087 907 2243 986 quod
2285 908 2464 969 solae

439 994 652 1054 nullam
685 993 878 1053 Seiani
917 991 1225 1068 imaginem
1265 993 1416 1051 inter
1449 993 1614 1068 signa
1647 991 1984 1051 coluissent.
2048 991 2244 1069 Atque
2280 993 2465 1052 etiam

439 1078 746 1138 missiones
777 1085 1184 1136 veteranorum
1216 1075 1542 1134 rarissimas
1575 1075 1749 1153 iecit,
1782 1094 1858 1135 ex
1890 1077 2053 1136 senio
2081 1084 2343 1152 mortem,
2378 1093 2469 1134 ex

440 1169 625 1222 morte
672 1157 1073 1238 compendium
1117 1167 1375 1235 captans.
1436 1157 1525 1217 Ne
1570 1160 1905 1237 provincias
1938 1159 2165 1239 quidem
2195 1158 2465 1218 liberali-

441 1254 560 1324 tate
587 1244 708 1304 ulla
739 1242 1084 1318 sublevavit,
1119 1251 1367 1321 excepta
1398 1240 1573 1320 Asia,
1610 1239 1867 1302 disiectis
1897 1252 2089 1302 terrae
2119 1251 2279 1303 motu
2313 1243 2465 1301 civi·
2492 1257 2547 1297 ιο

442 1328 672 1388 tatibus,

360 1429 426 1484 49
460 1427 465 1432 ·
563 1409 933 1470 'Procedente
973 1423 1111 1467 mox
1152 1417 1419 1486 tempore
1452 1411 1620 1468 etiam
1650 1408 1723 1469 ad
1752 1409 1984 1488 rapinas
2017 1409 2304 1469 convertit
2335 1409 2468 1467 ani-

443 1513 612 1556 mum.
675 1493 777 1554 Sat
810 1500 1065 1568 constat,
1115 1490 1235 1551 CN.
1265 1493 1564 1552 Lentulum
1606 1511 1915 1570 augurem,
1967 1494 2057 1553 cui
2095 1510 2305 1552 census
2335 1509 2468 1551 ma·

443 1581 627 1640 ximus
670 1577 877 1652 fuerit,
919 1584 1072 1636 metu
1107 1585 1165 1636 et
1195 1593 1418 1653 angore
1450 1577 1522 1636 ad
1551 1576 1838 1636 fastidium
1870 1579 2022 1636 vitae
2052 1575 2123 1636 ab
2160 1594 2233 1637 eo
2265 1584 2471 1636 actum

445 1671 502 1724 et
545 1671 608 1721 ut
649 1678 723 1720 ne
764 1677 880 1739 quo
919 1659 1029 1718 nisi
1069 1661 1200 1738 ipso
1241 1658 1459 1720 herede
1503 1669 1857 1730 moreretur;
1913 1661 2347 1720 condemnatam
2397 1668 2471 1718 et
2496 1676 2550 1716 15

444 1746 956 1825 generosissimam
995 1743 1264 1802 feminam
1306 1742 1611 1822 Lepidam,
1662 1745 1720 1802 in
1763 1745 2009 1820 gratiam
2054 1744 2273 1818 Quirini
2316 1759 2470 1802 con-

447 1829 655 1890 sularis
701 1826 1039 1906 praedivitis
1089 1835 1146 1885 et
1190 1826 1349 1902 orbi,
1395 1828 1492 1905 qui
1536 1827 1825 1886 dimissam
1872 1843 2064 1888 eame
2092 1827 2468 1887 matrimonio

447 1921 582 1993 post
622 1910 997 1970 vicensimum
1039 1927 1245 1968 annum
1288 1911 1499 1968 veneni
1531 1909 1667 1969 olim
1698 1912 1755 1968 in
1788 1929 1852 1970 se
1890 1911 2210 1991 comparati
2244 1927 2467 1986 argue-

447 1995 572 2065 bat;
624 2001 930 2072 praeterea
969 1991 1277 2052 Galliarum
1308 2001 1367 2051 et
1399 1992 1801 2070 Hispaniarum
1837 1995 2157 2072 Syriaeque
2190 2001 2247 2052 et
2276 1992 2469 2052 Grae-

450 2080 575 2139 ciae
607 2077 907 2155 principes
941 2077 1290 2135 confiscatos
1327 2077 1403 2135 ob
1435 2085 1548 2136 tam
1579 2077 1712 2136 leve
1740 2095 1811 2137 ac
1838 2086 1949 2138 tam
1982 2077 2263 2157 inpudens
2300 2075 2470 2136 calu·
2494 2097 2555 2139 20

447 2162 720 2222 mniarum
751 2177 967 2237 genus,
1011 2168 1071 2218 ut
1104 2158 1444 2236 quibusdam
1475 2177 1591 2220 non
1626 2160 1778 2220 aliud
1809 2163 1883 2220 sit
1915 2161 2240 2236 obiectum,
2286 2177 2476 2238 quam

450 2242 603 2324 quod
635 2253 854 2323 partem
877 2246 963 2303 rei
989 2243 1282 2304 familiaris
1312 2244 1369 2302 in
1392 2245 1637 2322 pecunia
1662 2243 1973 2314 haberent;
2002 2244 2260 2324 plurimis
2284 2243 2475 2302 etiam

449 2327 776 2388 civitatibus
828 2335 886 2386 et
919 2327 1158 2405 privatis
1194 2335 1429 2387 veteres
1461 2328 1841 2388 immunitates
1888 2337 1945 2386 et
1976 2329 2067 2388 ius
2094 2327 2475 2388 metallorum

449 2431 517 2474 ae
547 2408 922 2487 vectigalium
954 2411 1249 2488 adempta;
1299 2410 1404 2470 sed
1436 2420 1494 2470 et
1524 2413 1833 2471 Vononem
1862 2429 2067 2489 regem
2096 2410 2473 2488 Parthorum,

451 2497 548 2574 qui
600 2493 801 2572 pulsus
851 2510 884 2552 a
925 2495 1044 2553 suis
1075 2494 1236 2572 quasi
1268 2495 1326 2552 in
1358 2495 1529 2554 fidem
1558 2492 1620 2553 P.
1650 2495 1720 2554 R.
1757 2513 1884 2555 cum
1913 2496 2135 2573 ingenti
2162 2511 2305 2572 gaza
2334 2491 2472 2553 An·
2500 2515 2557 2556 2⁵

451 2576 722 2638 tiochiam
757 2593 822 2635 se
853 2585 1194 2654 receperat,
1234 2577 1544 2656 spoliatum
1576 2577 1819 2655 perfidia
1852 2587 1909 2638 et
1945 2581 2222 2640 occisum.

369 2688 436 2741 50
581 2659 784 2719 Odium
831 2657 1110 2719 adversus
1147 2660 1610 2720 necessitudines
1652 2661 1710 2721 in
1755 2660 1945 2722 Druso
1991 2664 2231 2741 primum
2273 2661 2475 2721 fratre

453 2744 672 2804 detexit
706 2741 964 2824 (prodita
997 2745 1119 2803 eius
1153 2743 1423 2821 epistola,
1472 2763 1581 2823 qua
1627 2763 1825 2805 secum
1856 2745 1927 2804 de
1960 2745 2230 2824 cogendo
2262 2743 2329 2804 ad
2361 2761 2475 2803 re-

454 2827 796 2888 stituendam
841 2826 1164 2888 libertatem
1199 2826 1465 2904 Augusto
1507 2826 1746 2908 agebat)
1779 2828 1986 2888 deinde
2018 2839 2077 2888 et
2109 2831 2167 2889 in
2194 2827 2475 2905 reliquis.

452 2911 632 2972 Iuliae
687 2911 858 2971 uxori
914 2919 1126 2970 tantum
1161 2911 1300 2970 afuit
1341 2919 1401 2970 ut
1444 2911 1775 2990 relegatae,
1822 2913 1976 2991 quod
2016 2913 2301 2972 minimum
2342 2921 2473 2989 est,
2500 2938 2556 2980 30

455 2996 611 3056 offici
655 3003 750 3056 aut
792 2993 1151 3054 humanitatis
1197 2993 1415 3072 aliquid
1448 2995 1799 3073 impertiret,
1840 3005 1902 3054 ut
1935 3015 2011 3056 ex
2050 2996 2476 3056 constitutione

456 3079 636 3159 patris
679 3096 793 3138 uno
840 3077 1059 3157 oppido
1093 3078 1344 3138 clausam
1375 3077 1548 3138 domo
1584 3097 1816 3157 quoque
1850 3079 2056 3157 egredi
2088 3089 2147 3140 et
2179 3096 2473 3140 commer-

456 3163 550 3223 cio
591 3162 878 3222 hominum
917 3163 1031 3222 frui
1077 3162 1355 3229 vetuerit;
1403 3161 1509 3221 sed
1555 3171 1613 3221 et
1644 3163 1875 3240 peculio
1910 3180 2197 3223 concesso
2230 3182 2261 3223 a
2293 3169 2476 3241 patre

457 3245 852 3324 praebitisque
875 3247 1074 3305 annuis
1098 3244 1401 3322 fraudavit,
1437 3263 1543 3324 per
1574 3248 1832 3324 speciem
1865 3246 2082 3325 publici
2108 3249 2266 3324 iuriS,
2303 3247 2475 3324 quod

457 3327 595 3387 nihil
635 3326 708 3386 de
756 3327 845 3385 bis
879 3326 1176 3405 Augustus
1223 3337 1567 3389 testamento
1618 3331 1889 3390 cavisset.
1964 3329 2207 3390 Matrem
2245 3329 2472 3390 Liviam
2494 3349 2551 3390 35

457 3418 732 3488 gravatus
773 3409 934 3470 velut
978 3420 1174 3490 partes
1215 3412 1323 3472 sibi
1354 3430 1571 3491 aequas
1599 3415 1896 3491 potentiae
1938 3412 2353 3490 vindicantem,
2406 3423 2473 3474 et

459 3510 839 3572 congressum
872 3493 995 3554 eius
1025 3496 1312 3556 assiduum
1343 3497 1545 3556 vitavit
1577 3504 1636 3554 et
1659 3497 1961 3575 longiores
1986 3499 2470 3574 secretioresque

460 3593 794 3655 sermones,
842 3596 914 3638 ne
960 3578 1248 3655 consiliis,
1289 3579 1495 3658 quibus
1532 3587 1721 3640 tamen
1756 3581 2038 3640 interdum
2082 3590 2143 3641 et
2176 3599 2357 3659 egere
2409 3590 2473 3640 et
