2700 4234
838 372 858 379 ,
891 320 1308 373 PRAEFATIO.
1841 327 1989 373 LVII

294 475 534 537 Meliora
559 479 732 551 igitur
759 498 822 537 ea
856 482 1109 554 exempla
1133 481 1278 546 dico.
1311 497 1453 553 quae
1484 483 1796 539 Iudicem
1824 501 1990 558 prae-
2020 489 2138 537 Libri
2164 506 2255 539 :m-

180 564 440 627 scriptum
469 564 678 619 habent
707 581 898 621 eorum
927 564 1407 637 grammaticorum
1439 572 1495 621 et
1517 567 1821 639 rhetorum,
1850 584 1990 641 quo·

177 665 290 705 rum
325 647 472 703 vitas
509 647 736 703 libellus
768 648 988 720 integer
1013 647 1353 705 continebat.
1441 649 1495 707 Is
1530 648 1990 715 iudexnecessa·

177 734 256 789 rio
293 730 720 803 antiquissimus
763 738 819 787 et
850 733 941 788 vel
972 731 1333 788 Henochiano
1374 731 1523 789 libro
1570 734 1851 806 antiquior
1882 740 1987 803 est,

175 834 292 873 cum
334 821 393 871 et
439 816 769 888 deperditae
809 816 986 889 partis
1029 815 1247 871 nomina
1289 817 1634 888 servaverit,
1687 820 1787 874 cfr.
1844 818 1987 875 infra

172 918 221 973 p.
246 904 388 970 272,
441 905 498 955 et
539 900 608 956 ad
658 899 1016 973 superstitem
1059 904 1270 972 partem
1313 896 1801 977 emendationisu)
1849 920 1988 960 non-

171 984 308 1040 nihil
343 983 619 1039 conferat.
679 984 942 1041 Fortasse
971 1001 1040 1039 ne
1072 988 1288 1039 erraret
1319 984 1561 1055 quidem,
1592 985 1638 1040 si
1672 986 1797 1057 quis
1825 980 1986 1042 Plinii

171 1066 424 1136 maioris,
455 1065 643 1137 Gellii,
673 1066 903 1139 Hygini,
932 1067 1197 1137 Polyaeni
1230 1067 1501 1139 exemplis
1534 1085 1665 1124 usus
1703 1069 1811 1142 ipsi
1846 1069 1986 1125 Sue-

173 1152 328 1207 tonio
381 1150 672 1207 tribueret.

300 1234 456 1289 Hunc
494 1235 665 1305 igitur
695 1235 974 1291 nominum
1018 1234 1257 1291 indicem
1308 1233 1365 1289 in
1400 1236 1581 1307 capite
1624 1236 1803 1292 libelli
1847 1237 1984 1293 scri-

175 1318 561 1390 ptum‘habent
585 1318 718 1375 libri
749 1319 836 1375 hi:

264 1410 315 1461 1.
351 1400 680 1458 Vaticani
715 1404 852 1464 duo
884 1403 953 1458 ab
984 1401 1206 1457 Achille
1239 1402 1421 1459 Statio
1464 1420 1513 1459 a.
1553 1409 1685 1464 1565
1728 1404 1987 1477 inspecti,

171 1484 346 1541 hodie
379 1484 485 1540 nisi
519 1485 686 1542 fallor
727 1485 972 1542 numeris
1003 1492 1140 1547 1518
1170 1492 1226 1541 et
1265 1492 1402 1547 1862
1432 1486 1715 1559 distincti,
1756 1505 1987 1560 quorum

174 1575 414 1641 uterque
430 1568 605 1625 Taciti
643 1586 864 1641 quoque
890 1568 1234 1626 Germaniam
1267 1577 1325 1625 et
1355 1570 1425 1625 de
1440 1568 1791 1640 Oratoribus,
1822 1588 1985 1643 prae—

171 1660 330 1709 terea
365 1652 525 1724 prior
552 1653 953 1725 Porphyrionis
978 1653 1193 1710 scholia
1230 1652 1535 1709 Horatiana
1567 1654 1832 1709 continet.
1878 1656 1989 1712 Va-

171 1738 408 1793 rietates
451 1754 482 1793 a
529 1736 710 1793 Statio
742 1737 996 1809 proditas
1033 1738 1332 1809 plerasque
1376 1736 1432 1791 in
1472 1736 1729 1793 Leidensi
1766 1754 1989 1810 quoque

170 1822 265 1878 vel
295 1819 550 1877 Gudiano
587 1819 734 1877 libro
776 1821 1061 1890 invenias,
1112 1820 1214 1877 sed
1255 1826 1380 1876 uter
1409 1820 1517 1875 utri
1556 1820 1793 1877 similior
1821 1822 1896 1878 sit
1934 1822 1991 1879 in

171 1905 268 1961 illa
305 1902 690 1975 distinguendi
719 1904 1065 1976 negligentia
1097 1919 1207 1959 non
1237 1904 1452 1961 dixeris
1465 1899 1556 1977 ³⁶).
1638 1904 1839 1960 Verum
1870 1922 1992 1963 cum

171 1989 231 2045 iu
267 1988 464 2043 Tacito
507 1987 594 2043 illi
635 1988 934 2045 secundum
970 1988 1294 2044 Leidensem
1337 1988 1529 2060 optimi
1581 1988 1991 2058 existimentur,

173 2072 367 2143 utique
411 2070 728 2141 dignissimi
770 2077 897 2127 sunt
946 2071 1039 2144 qui
1083 2070 1338 2128 Suetonii
1371 2088 1592 2144 quoque
1638 2074 1821 2143 gratia
1862 2073 1989 2129 dili-

176 2162 377 2227 genter
415 2154 818 2211 examinentur.

259 2244 312 2295 2.
372 2238 584 2294 Leide
605 2238 753 2294 nsis
783 2238 961 2295 XVIII
988 2237 1166 2294 Periz.
1200 2254 1251 2293 c.
1285 2244 1353 2299 21
1402 2254 1522 2294 cum
1565 2239 1784 2294 duobus
1816 2228 1992 2295 Taciti

177 2320 390 2379 libellis
418 2320 766 2379 coniunctus.
833 2321 1088 2395 Scriptus
1121 2327 1208 2377 est
1240 2339 1289 2378 a.
1321 2326 1458 2381 1460
1488 2322 1556 2377 ab
1586 2322 1817 2378 Ioviano
1847 2320 1987 2377 Pon-

176 2413 328 2477 tano,
363 2406 610 2463 fortasse
641 2404 909 2479 Neapoli,
947 2406 1048 2462 cfr.
1079 2422 1134 2477 p.
1168 2410 1301 2475 288,
1333 2412 1443 2461 tum
1474 2422 1524 2461 a.
1560 2409 1695 2465 1742
1722 2406 1991 2461 incertum

176 2491 322 2547 unde
355 2508 386 2547 a
417 2489 783 2547 Leidensibus
827 2495 883 2545 et
921 2506 1054 2547 aere
1087 2489 1307 2560 quidem
1354 2489 1502 2561 quod
1530 2487 1854 2545 Perizonius
1904 2488 1989 2544 le-

312 2686 408 2749 34)
437 2686 774 2739 Praenomina
807 2690 1270 2755 grammaticorum,
1304 2703 1435 2752 quae
1469 2689 1570 2738 iam
1596 2688 1648 2738 in
1668 2686 1991 2738 Henochiano

179 2756 307 2805 libro
349 2755 660 2806 effluxerant
707 2763 828 2807 noto
872 2757 958 2807 illo
1013 2757 1293 2807 scribarum
1336 2770 1478 2806 more
1514 2756 1757 2822 capitales
1800 2755 1993 2805 litteras

179 2824 442 2875 omittendi
459 2862 474 2885 ‚
520 2832 575 2875 ut
617 2825 680 2875 ab
711 2826 976 2875 miniatore
1015 2826 1296 2875 ornatiores
1337 2824 1619 2884 addantur,
1670 2822 1855 2873 Indicis
1896 2835 1993 2887 ope

264 2893 276 2905 .
924 2914 928 2919 .
1592 2894 1621 2925 ς,

176 2901 460 3020 {wit
488 2892 865 3029 {2222122315‘132
885 2894 1128 3013 {⁴403ss
1147 2890 1836 3025 33t32²a11¹u⁵11d55⁵2ss0332
1869 2890 1993 3010 333:

177 3038 293 3083 stat.
381 3033 508 3082 Item
559 3045 743 3081 nomen
801 3032 1100 3081 Voltacilius
1143 3046 1196 3098 p.
1243 3031 1344 3080 270
1365 3068 1378 3091 ,
1436 3028 1501 3083 13
1562 3030 1715 3081 indici
1762 3030 1991 3089 debetur,

178 3099 239 3149 ab
272 3098 584 3164 Hieronymo
625 3102 964 3155 confirmatur.
1039 3100 1271 3151 Ceterum
1309 3099 1433 3148 vitia
1474 3113 1675 3164 quoque
1707 3099 1863 3148 index
1900 3110 1995 3148 sua

179 3167 341 3230 habet,
378 3176 436 3218 ut
469 3184 586 3219 cum
615 3185 668 3237 p.
694 3168 812 3231 267,
845 3168 878 3220 6
911 3182 1239 3235 praenomen,
1274 3183 1327 3235 p.
1363 3167 1483 3230 263,
1516 3167 1579 3219 16
1614 3168 1869 3234 integrum
1902 3178 1994 3215 uo-

178 3251 292 3286 men
340 3238 557 3299 omittit,
609 3252 660 3304 p.
699 3238 800 3289 265
823 3275 835 3299 ,
893 3239 960 3290 18
999 3238 1254 3301 fryyinwn
1295 3236 1444 3286 offert
1488 3249 1581 3303 pro
1616 3235 1831 3301 imino,-
1878 3247 1995 3283 nam

179 3322 228 3370 p.
245 3304 362 3368 265,
381 3307 452 3359 29
486 3320 799 3371 praenomen
825 3308 876 3357 0¹.
916 3309 968 3357 in
1003 3305 1231 3357 Gudiano
1263 3305 1468 3369 quidem
1503 3304 1670 3355 indice
1706 3310 1997 3371 corruptum

178 3388 278 3424 non
307 3384 403 3425 est.

312 3458 405 3525 35)
439 3460 677 3511 Forsitan
720 3460 940 3525 priorem
979 3456 1238 3523 (indiam,
1283 3460 1618 3525 posteriorem
1656 3457 1891 3507 Leidensi
1928 3458 1999 3506 si-

173 3528 423 3581 miliorem
461 3528 718 3594 suspicari
748 3527 881 3589 licet,
919 3542 1030 3577 cum
1063 3528 1116 3577 in
1148 3527 1316 3578 libello
1343 3528 1408 3579 de
1442 3527 1711 3578 Germania
1734 3525 1998 3575 Leidensis

169 3604 220 3648 et
261 3598 547 3651 Vaticanus
585 3594 719 3647 1862
752 3596 1016 3646 concinere
1046 3597 1258 3647 soleant.

2054 546 2204 590 liores.

2291 0 2691 289 x?
