2700 4234
976 349 1183 397 mvus
1220 348 1473 398 muns
2152 339 2224 398 11

210 505 316 567 ulli
355 504 607 565 feminae
636 503 793 579 fore,
826 502 1215 580 responderet
1240 504 1406 583 quasi
1435 503 1743 582 adludens,
1775 506 1842 565 in
1863 503 2056 583 Syria
2077 521 2226 584 quo-

210 608 331 669 que
357 604 663 685 regnasse
681 584 1083 663 Semiramin,
1114 604 1524 667 maynamque
1551 586 1748 649 Asiae
1771 596 2016 667 partem
2037 586 2226 648 Ama·

213 690 410 735 zonas
445 672 713 733 tenuisse
747 670 1076 750 quondam.

226 737 291 777 V
340 758 599 817 Functus
631 754 951 853 consulatu,
984 754 1125 815 Gaio
1156 754 1424 817 Memmio
1453 756 1749 835 Lucioque
1776 755 2030 817 Domitio
2062 772 2228 834 prae·
2244 764 2316 819 23
2377 828 2392 835 ἱ

166 841 440 902 stoi-ibus
489 840 561 899 de
612 838 936 917 superioris
983 839 1114 897 anui
1164 840 1309 898 actis
1367 840 1787 918 referentibus,
1839 841 2229 917 cognitionem

216 925 441 987 senatui
501 921 741 991 detulit·
728 970 742 991 ,
798 938 910 981 nec
961 922 1062 981 illo
1123 923 1474 1001 suscipiente
1496 968 1514 1000 ,
1569 925 1878 1003 triduoque
1939 941 2047 1003 per
2095 923 2228 981 inri-

214 1018 305 1069 tas
348 1007 765 1067 altereationes
820 1005 1158 1084 absumpto,
1202 1006 1259 1065 in
1313 1006 1675 1085 provinciam
1725 1008 1892 1077 abiit;
1941 1016 2000 1067 et
2041 1007 2248 1069 statim.

218 1101 495 1171 quaestor
553 1092 679 1149 eius
730 1091 786 1148 in
839 1087 1251 1168 praeiudicium
1302 1089 1526 1169 aliquot
1577 1092 1906 1153 criminibus
1961 1094 2230 1169 arreptus

218 1185 329 1236 est.
416 1174 556 1237 Mox
598 1182 658 1233 et
700 1173 833 1251 ipse
868 1192 900 1232 a
933 1173 1109 1233 Lucio
1144 1173 1398 1234 Antistio
1435 1175 1553 1235 TR.
1587 1176 1696 1236 PL.
1729 1175 2084 1254 postulatus,
2129 1192 2231 1251 ap-

150 1277 201 1317 io
221 1258 444 1338 pellato
498 1257 721 1317 demum
780 1257 1037 1333 collegio
1091 1258 1366 1335 optinuit,
1427 1277 1554 1318 cum
1605 1260 1692 1319 rei
1742 1259 2010 1337 publicae
2056 1274 2231 1317 causa

220 1341 462 1403 abesset
493 1358 626 1400 reus
654 1358 729 1399 ne
769 1341 955 1400 lieret.
1040 1339 1135 1400 Ad
1167 1345 1535 1401 securitatem
1567 1358 1713 1419 ergo
1749 1344 1974 1421 posteri
2005 1350 2228 1418 tempo-

216 1427 303 1485 ris
345 1428 403 1483 in
444 1440 655 1500 magno
698 1415 938 1501 negotio
979 1423 1177 1485 habuit
1207 1425 1474 1503 obligare
1520 1443 1755 1504 semper
1793 1443 2016 1487 annuos
2048 1424 2229 1500 magi-

220 1516 467 1584 stratus,
513 1515 573 1565 et
613 1525 647 1567 e
692 1507 1033 1586 petitoribus
1063 1524 1181 1587 non
1222 1509 1374 1569 alios
1403 1511 1680 1570 adiuvare
1713 1520 1807 1570 aut
1847 1510 1920 1569 ad
1948 1510 2230 1569 honorem
2415 1536 2426 1566 ι

222 1593 340 1672 pati
377 1592 720 1671 pervenire,
754 1608 926 1669 quam
960 1578 1057 1670 qfii
1085 1591 1195 1651 sibi
1224 1596 1594 1673 recepissent
1628 1602 2101 1672 propugnaturos
2130 1590 2265 1689 ab·
2400 1600 2409 1609 '

151 1676 465 1740 assentiam
497 1692 689 1743 suam:
740 1677 901 1735 cuius
931 1678 1085 1755 pacti
1118 1693 1237 1735 non
1271 1676 1550 1737 dubitavit
1579 1695 1612 1737 a
1647 1675 1984 1755 quibusdam
2015 1677 2104 1735 ius
2146 1668 2229 1733 iu·

219 1760 458 1821 randum
502 1768 677 1837 atque
718 1760 889 1819 etiam
929 1759 1318 1839 syngrapham
1350 1762 1613 1837 exigere.
1703 1760 1820 1820 Sed
1869 1778 1996 1819 cum
2023 1758 2231 1818 Lucius
2247 1764 2318 1816 24

217 1843 502 1903 Domitius
544 1843 878 1903 consulatus
924 1843 1257 1903 candidatus
1314 1844 1505 1924 palam
1547 1846 1885 1921 minaretur,
1935 1841 2234 1903 consulem

222 1946 289 1987 se
321 1927 659 1986 effecturum
685 1927 841 2005 quod
864 1934 1105 2005 praetor
1127 1929 1429 2006 nequisset
1453 1927 1964 2027 adempturumque
1984 1928 2039 1986 ei
2064 1943 2230 1997 exer-

224 2013 401 2087 citus,
450 2008 722 2070 Crassum
752 2010 1206 2090 Pompeiumque
1248 2014 1306 2071 in
1348 2012 1549 2072 urbem
1583 2014 1918 2091 provinciae
1953 2028 2094 2070 suae
2123 2010 2230 2069 Lu-

148 2112 203 2153 20
226 2113 351 2156 cam
394 2103 687 2154 extractos
732 2095 1031 2173 conpulit,
1066 2104 1127 2154 ut
1171 2095 1511 2163 detrudendi
1542 2095 1778 2156 Domitii
1817 2114 1992 2157 eausa
2024 2110 2230 2155 consu-

221 2178 397 2239 latum
445 2178 705 2237 alterum
739 2187 1036 2256 peterent,
1090 2180 1458 2259 perfecitque
1509 2197 1618 2258 per
1669 2189 2004 2257 utrumque,
2062 2186 2124 2237 ut
2173 2178 2231 2235 in

222 2262 667 2341 quinquennium
717 2261 829 2321 sibi
873 2262 1173 2340 imperium
1213 2272 1656 2342 prorogaretur.
1746 2264 1871 2337 Qua
1915 2260 2122 2321 fiducia
2161 2260 2232 2319 ad

219 2347 525 2423 legiones,
565 2362 709 2424 quas
750 2363 783 2405 a
812 2363 879 2404 re
910 2345 1143 2425 publica
1172 2356 1522 2426 acceperat,
1566 2347 1710 2406 alias
1742 2348 1970 2425 privato
2004 2351 2232 2421 sumptu

222 2428 464 2504 addidit,
513 2446 681 2488 unam
721 2430 895 2489 etiam
926 2446 1001 2488 ex
1032 2428 1429 2509 Transalpinis
1471 2431 1892 2509 conscriptam,
1938 2425 2231 2487 vocabulo

147 2536 202 2575 2⁵
224 2530 459 2593 quoque
492 2510 715 2573 Gallico
752 2511 1011 2590 (Alauda
1054 2513 1205 2573 enim
1240 2513 1680 2593 appellabatur)
1725 2531 1894 2592 quam
1917 2510 2231 2588 disciplina

224 2596 497 2675 cultuque
536 2596 797 2657 Romano
840 2598 1148 2656 institutam
1199 2606 1257 2656 et
1306 2607 1596 2675 ornatam,
1647 2606 1856 2676 postea
1903 2596 2232 2655 universam

223 2679 459 2740 civitate
503 2678 755 2739 donavit.
843 2678 973 2739 Nec
1018 2678 1226 2740 deinde
1266 2682 1387 2742 ulla
1425 2682 1568 2742 belli
1623 2682 1977 2756 occasione,
2031 2696 2104 2737 ne
2147 2678 2230 2735 in-

221 2764 357 2823 iusti
388 2762 617 2841 quidem
649 2780 723 2823 ac
751 2764 1069 2843 periculosi
1108 2764 1407 2842 abstinuit,
1453 2774 1570 2825 tam
1603 2764 1920 2825 foederatis
1951 2780 2122 2840 quam
2149 2761 2231 2819 ἰιι-

222 2848 392 2907 festis
414 2864 483 2907 ac
508 2844 651 2907 feris
680 2848 953 2925 gentibus
975 2848 1126 2908 ultro
1155 2811 1482 2924 lacessitis,
1515 2847 1664 2907 adeo
1695 2857 1754 2907 ut
1786 2854 2019 2907 senatus
2051 2860 2232 2923 quon-

152 2944 205 2986 ιο
228 2931 358 2991 dam
388 2930 621 3007 legatos
653 2931 725 2993 ad
766 2931 1186 3011 explorandum
1216 2942 1423 2993 statum
1453 2930 1764 2993 Galliarum
1791 2929 2100 2989 mittendos
2135 2928 2232 2987 de-

226 3015 512 3090 creverit,
545 3032 615 3075 ac
642 3015 901 3075 nonnulli
926 3015 1246 3077 dedendum
1274 3035 1405 3077 eum
1425 3014 1689 3076 hostibus
1713 3014 2060 3075 censuerint.
2116 3009 2233 3072 Sed

222 3114 515 3177 prospere
570 3098 987 3159 decedentibus
1027 3100 1227 3178 rebus,
1275 3110 1335 3160 et
1375 3100 1612 3178 saepius
1653 3107 1712 3159 et
1767 3098 2013 3177 plurium
2064 3112 2234 3174 quam

225 3182 527 3260 quisquam
556 3200 825 3261 umquam
858 3183 1077 3244 dierum
1108 3184 1568 3263 supplicationes
1603 3181 1952 3261 impetravit.
2041 3178 2317 3241 Gessitas

226 3274 415 3325 autem
445 3283 659 3327 novem
686 3269 883 3343 annis,
919 3267 1126 3345 quibus
1152 3269 1209 3327 in
1242 3268 1487 3347 imperio
1520 3268 1654 3343 fuit,
1688 3266 1836 3326 haec
1862 3266 2011 3325 fere.

157 3364 211 3406 55
356 3348 596 3410 Omnem
648 3350 892 3413 Galliam
912 3395 930 3427 ,
986 3368 1136 3430 quae
1188 3352 1337 3413 saltu
1391 3351 1692 3425 Pyrenaeo
1749 3349 2118 3429 Alpibusque
2173 3355 2233 3406 et

226 3440 425 3492 monte
472 3432 785 3511 Gebenna,
828 3435 1151 3497 fluminibus
1191 3435 1398 3496 Rheno
1445 3453 1514 3495 ae
1554 3434 1840 3495 Rhodano
1887 3435 2231 3505 continetur,

168 3532 175 3541 ‘
228 3524 507 3596 pal-etque
553 3519 799 3579 circuitu
854 3518 928 3579 ad
978 3518 1071 3578 bis
1112 3528 1171 3579 et
1219 3520 1418 3579 tricies
1465 3527 1693 3578 centum
1743 3518 1896 3577 milia
1938 3533 2232 3595 passuum,
2274 3525 2290 3549 '‘-
2335 3514 2340 3521 ’

234 3608 469 3677 praeter
504 3602 703 3663 socias
743 3620 815 3663 ac
860 3601 1013 3663 bene
1046 3604 1281 3663 meritas
1310 3603 1612 3679 civitates,
1655 3602 1712 3661 in
1748 3601 2084 3680 provinciae
2115 3598 2233 3657 for·
