2700 4234
488 336 607 398 140
669 346 728 396 c.
755 345 1055 396 semem
1082 344 1337 404 Tamo.
1371 343 1467 392 nn
1496 344 1660 392 vrrA
1699 342 2064 392 CAESARUM
2098 345 2238 393 mn.
2264 346 2399 396 1111.

485 501 657 563 mimo
694 509 929 580 praeter
956 497 1185 559 modum
1223 499 1632 576 intemperans.
1717 497 1990 576 Repetita
2028 516 2234 576 caena,
2277 517 2492 562 renun-

487 585 677 646 tiantis
726 591 989 644 coactum
1023 601 1233 660 agmen
1282 583 1432 642 sicut
1475 589 1637 640 erant
1678 579 1955 641 loricatos
2005 581 2076 642 ad
2123 581 2490 644 discumben-

489 668 617 728 dum
646 667 979 728 adhortatus
1021 675 1129 726 est.
1215 665 1436 728 Monuit
1480 664 1647 724 etiam
1696 666 1997 725 notissimo
2041 665 2256 743 virgili
2289 685 2488 745 versu,

489 753 791 813 durarent
818 750 1226 828 secundisque
1252 767 1322 810 se
1350 748 1539 810 rebus
1568 755 1911 810 servarent.

614 835 807 913 Atque
848 835 996 894 inter
1028 832 1175 894 haec
1215 833 1512 895 absentem
1551 840 1810 892 senatum
1838 830 2230 912 populumque
2261 837 2486 911 gravis·
2507 856 2536 896 ε

491 921 635 979 simo
680 917 1006 994 obiurgavit
1046 916 1266 993 edicto,
1313 913 1468 995 quo'd
1511 913 1792 978 Caesare
1815 916 2168 994 proeliante
2204 925 2263 979 et
2300 919 2490 980 tantis

491 999 949 1063 discriminibus
1002 999 1271 1077 abiecte,
1326 999 1688 1077 tempestiva
1749 1000 2036 1061 convivia
2053 1046 2070 1076 ,
2139 1001 2372 1062 circum
2434 1008 2493 1063 et

406 1085 735 1151 46theatra
767 1090 826 1145 et
844 1101 1137 1146 amoenos
1166 1100 1449 1143 secessus
1483 1081 1885 1144 celebrarent.
1973 1083 2277 1144 Postremo
2324 1087 2490 1164 quasi

492 1177 923 1248 perpetraturus
962 1166 1209 1243 bellum,
1252 1166 1473 1228 directa
1526 1167 1651 1226 acie
1684 1168 1740 1226 in
1769 1166 1944 1227 litore
1975 1167 2192 1228 Oceani
2223 1186 2293 1228 ac
2319 1169 2488 1230 balli-

491 1254 593 1314 stis
623 1251 1015 1329 machinisque
1041 1250 1371 1329 dispositis,
1416 1251 1643 1310 nemine
1672 1267 1856 1328 gnaro
1889 1260 1986 1311 aut
2016 1252 2288 1329 opinante
2327 1253 2486 1331 quid·
2507 1271 2566 1312 ιο

490 1353 617 1396 nam
648 1343 960 1412 coepturus
1005 1342 1201 1410 esset,
1266 1343 1510 1412 repente
1550 1342 1609 1392 ut
1649 1333 1903 1394 conchas
1945 1334 2216 1411 legerent
2257 1336 2486 1412 galeas-

492 1437 605 1498 que
650 1427 709 1476 et
766 1419 923 1477 sinus
984 1417 1281 1496 replerent
1337 1417 1672 1495 imperavit,
1737 1417 1945 1494 spolia
1991 1415 2228 1480 Oceani
2267 1437 2490 1480 vocans

491 1501 801 1580 Capitolio
834 1500 1199 1580 Palatioque
1229 1499 1471 1578 debita,
1529 1508 1588 1560 et
1616 1501 1672 1560 in
1703 1501 1971 1561 indicium
2005 1503 2286 1563 victoriae
2331 1503 2488 1564 altiss

490 1587 685 1647 simam
714 1593 927 1645 turrem
958 1585 1263 1662 excitavit,
1310 1603 1386 1645 ex
1421 1602 1533 1664 qua
1564 1593 1624 1645 ut
1651 1583 1839 1646 Pharo
1873 1585 2142 1646 noctibus
2176 1584 2248 1646 ad
2276 1605 2487 1663 regen-

489 1670 597 1733 dos
636 1670 862 1731 navium
905 1686 1108 1731 cursus
1160 1669 1328 1746 ignes
1381 1669 1722 1738 emicarent;
1791 1671 2272 1749 pronuntIatoque
2327 1671 2492 1730 militi
2513 1681 2570 1722 15
2664 1667 2666 1676 ἶ

489 1754 759 1814 donativo
822 1755 1079 1813 centenis
1136 1754 1342 1812 viritim
1391 1751 1674 1830 denariis,
1721 1753 1882 1831 quasi
1939 1771 2106 1813 omne
2161 1754 2493 1832 exemplum

488 1837 852 1899 liberalitatis
890 1854 1308 1914 supergressus
1349 1832 1564 1912 Abire,
1607 1837 1818 1914 inquit,
1863 1836 2043 1913 laeti,
2103 1836 2272 1898 abite
2321 1837 2490 1898 locu·

535 1921 720 1983 letes!
864 1933 869 1938 ·

404 1939 531 2069 471,
621 2001 950 2063 Conversus
990 2001 1125 2062 hinc
1154 2001 1226 2062 ad
1265 2021 1460 2064 curam
1500 2002 1796 2081 triumphi,
1843 2013 2080 2082 praeter
2121 2005 2388 2083 captivos
2423 2023 2494 2066 ac

488 2087 818 2164 transfugas
860 2084 1141 2147 barbaros
1171 2085 1478 2148 Galliarum
1508 2104 1738 2184 quoque
1791 2088 2261 2165 procerissimum
2296 2106 2493 2167 quem-
2512 2102 2570 2144 ιο

492 2189 607 2250 que
661 2179 719 2230 et
772 2171 910 2250 (ut
894 2188 1021 2248 ipse
1050 2169 1312 2248 dicebat)
1362 2158 2002 2250 ἄξιοθριοὲμβευτον,
2064 2189 2133 2232 ac
2179 2172 2496 2234 nonnullos

492 2274 569 2315 ex
600 2253 956 2334 principibus
981 2254 1126 2330 legit
1157 2273 1226 2314 ac
1267 2255 1529 2353 seposuit
1570 2253 1640 2314 ad
1681 2271 1981 2334 pompam,
2029 2257 2346 2334 coegitque
2377 2274 2498 2317 non

488 2347 703 2400 tantum
761 2337 994 2398 rutilare
1054 2345 1112 2396 et
1165 2340 1520 2398 summittere
1579 2356 1829 2414 comam,
1897 2337 2002 2398 sed
2056 2348 2115 2399 et
2165 2357 2497 2400 sermonem

494 2423 887 2484 Germanicum
923 2422 1225 2482 addiscere
1254 2431 1312 2481 et
1344 2423 1572 2483 nomina
1600 2420 1904 2482 barbarica
1934 2421 2110 2506 ferre.
2183 2422 2499 2502 Praecepit

495 2506 661 2565 etiam
692 2507 969 2581 triremis,
1012 2505 1217 2583 quibus
1261 2506 1559 2566 introierat
1601 2505 1924 2583 Oceanum,
1966 2499 2175 2582 magna
2220 2525 2296 2566 ex
2326 2517 2580 2585 pal-teas

490 2590 696 2648 itinere
741 2590 1001 2648 terrestri
1040 2588 1285 2650 Romam
1325 2588 1552 2650 devehi.
1616 2590 1863 2668 Scripsit
1903 2598 1964 2649 et
1990 2590 2498 2669 procuratoribuS,

491 2670 833 2748 triumphum
890 2681 1239 2751 appararent
1288 2691 1454 2753 quam
1501 2673 1726 2733 minima
1778 2691 2024 2749 summa,
2092 2672 2198 2734 sed
2251 2684 2501 2754 quantus

492 2773 792 2834 numquam
841 2755 985 2816 alius
1038 2756 1273 2833 fuisset,
1324 2757 1552 2836 quando
1605 2758 1663 2816 in
1710 2758 1956 2818 omnium
2001 2756 2290 2817 hominum
2341 2757 2501 2820 bona

491 2842 578 2900 ius
605 2839 904 2900 haberent.
2664 2901 2666 2904 ,

410 2935 476 2990 48
619 2922 782 2983 Prius
812 2942 981 3003 quam
1017 2924 1315 3003 provincia
1344 2922 1689 3002 decederet,
1725 2924 2026 2985 consilium
2055 2925 2178 2985 iniit
2208 2925 2500 2987 nefandae
2525 2945 2584 2986 ss

492 3008 843 3084 atrocitatis,
888 3007 1189 3086 legiones,
1236 3026 1382 3088 quae
1427 3017 1565 3086 post
1613 3026 1918 3068 excessum
1965 3008 2215 3087 Augusti
2259 3009 2502 3070 seditio-

490 3110 619 3152 nem
664 3091 800 3150 olim
839 3100 1173 3169 moverant,
1233 3090 1694 3169 contrucidandi,
1756 3090 1912 3171 quod
1955 3100 2014 3152 et
2065 3100 2288 3170 patrem
2335 3112 2504 3154 suum

493 3174 888 3237 Germanicum
924 3175 1127 3236 ducem
1159 3183 1218 3234 et
1246 3193 1311 3235 se
1346 3174 1619 3236 infantem
1652 3182 1786 3236 tunc
1830 3175 2234 3252 obsedissent,
2281 3178 2502 3256 vixque

492 3277 523 3318 a
555 3267 668 3318 tam
710 3260 1016 3337 praecipiti
1052 3260 1404 3335 cogitatione
1435 3268 1770 3336 revocatus,
1834 3258 2079 3320 inhiberi
2129 3258 2288 3319 nullo
2319 3260 2501 3321 modo

490 3343 676 3421 potuit
722 3345 855 3421 quin
904 3342 1197 3403 decimare
1251 3343 1408 3403 velle
1469 3351 1897 3423 perseveraret.
1985 3343 2245 3403 Vocatas
2299 3344 2584 3422 itaque-‘³⁵

492 3425 564 3486 ad
596 3426 937 3486 concionem
968 3428 1250 3502 inermeS,
1293 3435 1466 3504 atque
1512 3427 1681 3486 etiam
1719 3425 1929 3502 gladiis
1970 3425 2284 3505 depositis,
2333 3428 2503 3505 equi-

491 3517 607 3568 tatu
632 3518 845 3569 armato
871 3509 1261 3570 circumdedit.
1353 3507 1470 3569 Sed
1516 3527 1642 3569 cum
1683 3508 1908 3570 videret
1947 3517 2224 3587 suspecta
2266 3527 2334 3568 re
2371 3509 2504 3588 ple-

491 3609 711 3670 rosque
753 3590 926 3652 dilabi
960 3591 1030 3652 ad
1066 3591 1408 3652 resumenda
1440 3593 1490 3651 si
1518 3610 1628 3671 qua
1663 3594 1750 3652 vis
1780 3593 1949 3653 lieret
1991 3609 2180 3670 arma,
2234 3592 2512 3671 profugit
