2700 4234
704 316 877 365 11v111
1382 313 1796 362 PRAEFATIO·

711 481 944 548 caverat
970 479 1199 549 emptus.
1288 472 1506 529 Librum
1543 472 1780 528 omnium
1812 471 2075 544 optimum
2116 479 2173 529 et
2212 472 2526 546 integerri-

710 575 852 616 mum
882 557 1076 628 (etiam
1106 572 1268 626 nunc,
1297 562 1591 628 postquam
1605 554 1883 613 Gudianus
1909 551 2182 630 accessit)
2216 556 2527 628 diligenter

711 642 1131 714 descripserunt
1158 646 1216 696 et
1244 639 1596 695 contulerunt
1624 638 1936 696 Ludovicus
1968 641 2138 696 Tross
2177 639 2232 695 in
2270 640 2524 698 editione

709 726 1007 784 Hammone
1043 742 1093 782 a.
1126 727 1256 783 1841
1282 723 1526 793 vulgata,
1554 721 1701 779 Frid.
1735 721 1944 778 Ritscbl
1971 721 2029 778 iu
2061 721 2320 795 Paret-gis
2351 722 2524 780 Plan-

706 810 841 865 tinis
876 814 908 867 1
936 825 993 880 p.
1020 813 1155 878 609,
1196 807 1278 863 lo.
1310 805 1470 863 ford„
1499 806 1809 863 Humana
1841 807 1911 862 ad
1939 806 2119 861 Taciti
2152 805 2519 865 Germaniam.

792 900 845 953 3.
910 891 1270 948 Gudianus
1310 895 1410 959 93,
1465 889 1814 959 Guelferbyti
1869 889 2149 962 repositus
2203 890 2306 945 cfr.
2348 889 2525 948 Ebert

708 976 845 1033 bibl.
880 973 1161 1031 Guelferb.
1192 990 1247 1047 p.
1275 979 1416 1043 159,
1461 971 1721 1028 foliorum
1760 971 2238 1045 quaternariorum
2280 981 2522 1047 septem,

710 1059 968 1155 optimus.
1054 1057 1175 1112 Mea
1206 1056 1387 1128 gratia
1418 1055 1846 1126 diligentissime
1882 1056 2118 1112 eontulit
2149 1057 2523 1115 amicissimus

709 1144 796 1198 vir
830 1140 1244 1199 Theodorus
1281 1138 1618 1195 Moebius
1646 1138 1968 1211 Lipsiensis.

835 1225 1131 1282 Praeterea
1183 1221 1240 1278 in
1269 1221 1627 1280 Vaticano
1655 1227 1826 1293 4498,
1872 1222 1930 1277 in
1963 1239 2073 1294 quo
2103 1223 2382 1280 volumine
2425 1241 2523 1280 sn-

710 1326 812 1382 per
842 1308 982 1364 duos
1013 1306 1188 1362 Taciti
1228 1305 1457 1362 libellos
1503 1304 1752 1361 eiusdem
1781 1304 2084 1377 Agricola,
2129 1306 2260 1362 item
2304 1298 2518 1364 Plinius

712 1393 782 1448 de
832 1390 973 1449 viris
1025 1388 1335 1446 illustribus
1387 1388 1668 1460 multaque
1715 1388 1824 1445 alia
1879 1386 2088 1462 scripta
2143 1390 2520 1462 continentur,

708 1477 1017 1532 Massmann
1055 1473 1287 1529 cundem
1325 1472 1601 1528 nominum
1642 1472 1884 1528 indicem
1928 1473 2235 1544 praefixum
2272 1473 2521 1530 inveniri

707 1560 902 1615 refert.
988 1557 1103 1613 Nec
1146 1556 1322 1612 minus
1366 1555 1422 1611 in
1475 1553 1963 1627 Neapolitano
2007 1555 2130 1612 sive
2177 1556 2522 1614 Parnesiano

703 1642 849 1698 idem
875 1640 1057 1699 videri
1097 1641 1307 1713 poterit
1345 1639 1590 1711 scriptus
1621 1655 1780 1709 esse,
1827 1655 1946 1694 cum
1993 1645 2146 1695 certe
2188 1639 2244 1695 in
2275 1639 2523 1697 Taciteis

703 1724 915 1781 libellis
972 1724 1256 1796 exemplar
1296 1723 1436 1779 illud
1494 1721 1841 1794 superiorum
1885 1729 1940 1778 et
1979 1721 2213 1779 maxime
2257 1722 2519 1781 Vaticani

708 1815 844 1868 1518
880 1823 1067 1864 comes
1094 1807 1171 1862 sit
1205 1812 1527 1878 perpetuus.
1618 1804 1820 1862 Contra
1865 1805 2101 1862 omissus
2133 1812 2238 1876 est,
2273 1807 2519 1864 consilio

705 1897 839 1963 puto
872 1890 1138 1959 editoris,
1179 1889 1235 1944 in
1259 1890 1299 1945 F
1312 1888 1678 1945 lorentina
1712 1889 1961 1945 editione
2001 1907 2049 1946 a.
2081 1894 2248 1955 14783
2283 1905 2522 1962 namque

708 1990 773 2030 ea
816 1989 937 2028 cum
968 1973 1131 2029 libris
1164 1972 1325 2028 modo
1360 1971 1696 2029 enumeratis
1727 1972 1940 2044 alioqui
1983 1973 2309 2046 conspirare
2349 1974 2517 2030 solet.

415 2066 605 2110 Lim-ide
607 2070 666 2108 te·
832 2057 944 2112 Iam
985 2057 1074 2112 bis
1107 2054 1268 2112 libris
1300 2056 1530 2112 alterum
1568 2056 1838 2112 librorum
1884 2072 2062 2127 genus
2093 2057 2396 2130 opponitur
2436 2057 2518 2113 in·

463 2118 621 2161 '³⁰¹³‘
708 2140 833 2197 dice
884 2140 983 2196 illo
1027 2139 1374 2205 destitutum,
1432 2155 1660 2195 numero
1704 2139 1911 2210 maius,
1959 2139 2209 2197 bonitate
2260 2140 2518 2196 inferius.

706 2223 1021 2294 Diligenter
1053 2223 1249 2280 collati
1274 2229 1402 2279 sunt
1431 2222 1518 2278 bi·

792 2314 841 2365 1.
884 2306 1423 2376 Berolinensis,
1455 2305 1618 2362 simul
1650 2322 1772 2362 cum
1803 2305 2100 2365 Caesarum
2135 2306 2266 2363 vitis
2298 2309 2367 2365 ab
2397 2307 2517 2363 An-

708 2391 864 2447 tonio
897 2390 1187 2446 sinibaldo
1222 2389 1456 2462 Neapoli
1493 2406 1544 2444 a.
1576 2393 1708 2450 1477
1739 2391 2001 2463 scriptus.
2092 2391 2225 2446 Eius
2254 2392 2519 2447 collatio-

708 2490 831 2529 nem
862 2490 970 2529 non
994 2473 1354 2544 indiligenter
1387 2472 1586 2529 factam
1611 2472 1756 2531 Frid.
1783 2472 1966 2531 Osann
1991 2480 2309 2546 acceperat,
2344 2475 2518 2530 multo

709 2556 1112 2613 accuratiorem
1167 2556 1300 2612 mihi
1360 2556 1507 2612 dono
1565 2556 1721 2612 dedit
1780 2557 2190 2630 liudolphus
2245 2559 2516 2614 Burck-

708 2639 921 2696 bardt
958 2639 1315 2709 Basiliensis,
1361 2645 1588 2695 nostrae
1640 2639 1972 2713 disciplinae
2023 2656 2134 2696 non
2176 2640 2253 2697 ita
2295 2641 2513 2713 pridem

708 2724 975 2780 alumnus.
1064 2722 1183 2778 Non
1226 2737 1354 2778 esse
1385 2724 1531 2778 bunc
1571 2722 1823 2779 codicem
1867 2723 2268 2796 exscriptum'e
2301 2722 2515 2780 Veneta

708 2806 957 2863 editione
989 2824 1039 2863 a.
1072 2811 1228 2877 1474,
1261 2822 1382 2862 cum
1413 2822 1518 2878 qna
1553 2806 1691 2862 mira
1725 2808 1778 2863 ei
1807 2807 2165 2864 necessitudo
2195 2807 2514 2877 intercedit,

707 2890 871 2946 multa
919 2891 1314 2961 comprobant,
1381 2896 1439 2944 ut
1489 2907 1595 2945 una
1648 2890 1951 2963 eademqne
2001 2891 2204 2963 pagina
2249 2896 2355 2951 258
2409 2891 2514 2946 liae

707 2972 1009 3028 lectiones:
1064 2974 1290 3041 viveret,
1338 2978 1500 3044 atque
1545 2972 1747 3045 mimis,
1793 2976 1978 3046 pretia
2023 2989 2152 3032 vero
2168 3015 2185 3046 ,
2239 2967 2516 3046 inqressu,

703 3056 929 3127 epistola
960 3055 1207 3126 ostendit,
1234 3057 1430 3128 rigida,
1463 3069 1690 3127 quarum
1723 3058 1851 3115 loco
1889 3058 2065 3115 editio
2095 3059 2191 3114 illa
2221 3059 2321 3114 bas
2351 3073 2518 3129 prae-

706 3139 843 3195 l'ert:
876 3139 1107 3210 vixerit,
1138 3155 1207 3195 ac
1234 3142 1408 3211 ,καρίς
1425 3183 1438 3207 ,
1457 3143 1672 3211 prelia,
1700 3156 1928 3213 aressu,
1956 3143 2216 3212 epistola,
2247 3141 2428 3213 tiqe'da.

788 3228 843 3280 2.
883 3222 1317 3279 Harleianus
1365 3229 1534 3294 2639,
1584 3224 1835 3280 Londinii
1878 3225 1933 3281 in
1974 3241 2165 3281 museo
2195 3223 2514 3280 Britannico

703 3308 1020 3378 repositus,
1064 3307 1305 3378 scriptus
1350 3312 1412 3362 ut
1438 3308 1659 3363 videtur
1692 3326 1743 3364 a.
1787 3314 1921 3368 1462
1955 3314 2011 3364 et
2059 3325 2181 3364 cum
2212 3307 2403 3364 Tacito
2445 3306 2516 3362 de

706 3385 1037 3446 Oratoribus
1061 3390 1406 3448 coniunctus.
1498 3390 1845 3448 Examinavit
1880 3409 1928 3448 a.
1965 3397 2099 3452 1851
2129 3391 2277 3448 Frid.
2309 3389 2515 3446 Osann.

789 3478 841 3532 3.
877 3472 1161 3529 Parisin
1182 3489 1256 3529 us
1286 3478 1443 3544 7773,
1478 3475 1750 3546 quondam
1781 3474 2134 3546 Petavianus,
2165 3490 2288 3531 cum
2319 3475 2517 3529 eodem

706 3555 884 3612 Taciti
918 3557 1113 3613 libello
1149 3558 1479 3629 cohaerens,
1511 3558 1748 3614 omnium
1779 3559 2048 3616 librorum
2073 3565 2129 3614 et
2157 3557 2433 3631 pessimus
2464 3562 2522 3612 et
