2700 4234
330 789 572 845 orthogra-

617 292 841 341 XXXVI
933 282 948 293 ⁶
1305 290 1725 341 PRAEFATIO.

619 458 681 510 ut
709 452 808 524 qm·
835 480 917 492 —-
965 450 1228 524 obligaret
1259 480 1345 491 ——
1398 456 1453 507 et
1496 451 1858 507 descenderit.
1950 450 2048 509 Sic
2104 448 2249 509 enim
2291 449 2448 509 libri.

623 536 778 605 Quae
820 535 1073 607 exempla
1106 552 1175 593 eo
1209 534 1475 591 libentius
1508 536 1812 607 congessi,
1854 535 2005 608 quod
2051 532 2316 611 nonnulla
2360 542 2452 591 te-

623 637 776 679 mere
818 620 874 675 in
921 621 1028 675 hac
1059 635 1279 690 quoque
1326 619 1577 677 editione
1624 621 1693 676 ad
1733 620 1986 691 regulam
2012 619 2159 705 ⁹artis
2190 625 2453 677 correcta

621 710 767 763 sunt.

745 790 808 845 Iu
855 788 1310 860 orthographicis
1343 789 1513 844 rebus
1558 804 1669 845 non
1697 784 1989 858 vulgarem
2033 788 2309 844 rationem
2346 787 2455 845 ob..

623 873 871 944 servavi,
903 878 965 927 nt
988 878 1199 930 certum
1231 872 1475 944 aliquem
1498 872 1784 929 scribendi
1809 872 2029 929 modum
2052 871 2144 929 vel
2172 871 2455 928 vetustio-

623 975 741 1015 rem
775 957 867 1014 vel
898 957 1274 1012 recentiorem
1320 957 1600 1013 mordicus
1630 956 1935 1012 retinerem
1976 962 2034 1012 et
2075 954 2453 1027 ludimagistri

622 1042 801 1099 instar
830 1046 1133 1114 per-‚totam
1163 1040 1465 1097 editionem
1507 1039 1849 1097 inculcarem
1881 1036 2023 1114 (hoc
2067 1038 2212 1096 enim
2251 1040 2453 1111 legen-

625 1125 776 1185 tibus
812 1124 1236 1196 relinquendum
1269 1125 1446 1194 duco,
1491 1125 1584 1196 qui
1616 1124 1885 1195 quidquid
1919 1124 2118 1180 oculos
2149 1122 2455 1180 offenderit

627 1210 924 1268 emendare
945 1208 1179 1265 'scilicet
1208 1204 1499 1284 poterunt)
1531 1210 1632 1265 sed
1660 1208 1868 1280 ubique
1899 1208 2171 1265 librorum
2202 1206 2453 1264 auctori-

625 1294 726 1352 tati
771 1294 1076 1351 obsecutus
1120 1308 1259 1349 sum.
1351 1291 1567 1359 Quodsi
1612 1292 1807 1363 negari
1850 1308 1959 1350 non
2004 1298 2228 1365 potest,
2286 1306 2455 1347 unum

626 1378 972 1449 eundemque
1001 1377 1337 1450 scriptorem
1366 1376 1512 1433 intra
1546 1376 1707 1432 unius
1736 1376 1981 1449 paginae
2018 1375 2255 1449 spatium
2284 1376 2455 1431 deum

627 1468 684 1519 et
718 1462 945 1518 deorum
962 1502 979 1531 ‚
1015 1463 1353 1533 vectiyalt’um
1396 1467 1453 1517 et
1492 1461 1899 1533 vecttyaliorum
1914 1501 1933 1532 ‚
1962 1460 2166 1532 quibus
2208 1465 2265 1515 et
2306 1463 2455 1531 quaa,

585 1608 590 1612 ,
625 1547 794 1603 aedes
842 1551 899 1603 et
941 1546 1096 1601 aedis
1110 1587 1127 1617 ‚
1169 1551 1282 1601 tres
1324 1552 1381 1601 et
1420 1548 1552 1617 tris,
1598 1550 1777 1601 vetere
1820 1551 1876 1600 et
1918 1545 2083 1602 vetera·
2093 1584 2110 1613 ‚
2150 1544 2356 1599 dextra
2398 1550 2459 1599 et

625 1630 880 1701 dextera,
894 1630 1211 1687 adolescere
1240 1630 1682 1686 etadulescenles
1712 1635 1767 1685 et
1790 1629 1957 1686 multa
1988 1626 2192 1685 similia
2220 1628 2291 1684 ad
2306 1627 2458 1685 idem

625 1715 939 1787 exemplum
987 1713 1290 1786 scripsisse
1309 1740 1332 1781 ‚-
1372 1714 1567 1786 quidni
1612 1717 1813 1769 nactus
1844 1728 2068 1785 quoque
2110 1717 2167 1769 et
2192 1718 2457 1782 nancta-a,

621 1798 724 1855 sed
752 1805 809 1854 et
834 1804 948 1867 set,
984 1798 1210 1869 conlega
1245 1804 1303 1853 et
1331 1798 1613 1870 collegium
1626 1838 1645 1868 ‚
1683 1794 1923 1869 adferre
1960 1801 2019 1852 et
2048 1798 2271 1866 allatus,
2306 1812 2459 1851 com-

616 1882 828 1954 paravi
853 1887 910 1936 et
939 1885 1325 1952 conponantur
1341 1922 1357 1948 ,
1389 1883 1614 1937 colonius
1650 1886 1708 1936 et
1736 1882 1975 1951 colonis,
2018 1880 2143 1935 obiit
2172 1886 2229 1935 et
2259 1880 2368 1936 obit
2401 1887 2459 1936 et

624 1962 1052 2022 innumerabilia
1085 1963 1144 2019 id
1176 1980 1355 2034 genus
1390 1964 1501 2020 alia
1539 1965 1686 2021 idem
1722 1964 1969 2036 scriptor
2005 1962 2329 2034 admiserit,
2362 1965 2458 2020 vel

595 2048 858 2112 ‘auribus
897 2047 991 2103 vel
1033 2046 1246 2105 iudicio
1278 2047 1371 2103 vel
1420 2048 1572 2104 casui
1614 2038 2050 2121 obtemperans?
2097 2046 2230 2104 Nam
2263 2049 2453 2104 admo*

628 2134 754 2189 dum
788 2147 966 2205 pauca
999 2130 1055 2187 in
1082 2131 1171 2187 his
1203 2132 1374 2188 rebus
1408 2132 1615 2189 scimus
1645 2139 1703 2189 et
1731 2131 1891 2205 plura
1925 2131 2184 2188 discendi
2217 2131 2457 2189 facultas

626 2216 834 2275 tamdiu
865 2216 1121 2289 adempta
1156 2215 1283 2285 erit,
1321 2216 1580 2287 quamdiu
1612 2222 2025 2289 consequentes
2062 2232 2224 2287 csse,
2260 2222 2322 2271 ut
2349 2216 2459 2273 ho-

630 2302 826 2358 dierno
861 2301 1039 2357 verbo
1068 2306 1227 2368 utar,
1260 2299 1320 2356 id
1349 2307 1440 2356 cst
1468 2300 1768 2374 opiniones
1801 2306 1857 2356 et
1890 2299 2240 2373 praeiudicia
2270 2299 2460 2371 sequi,

633 2402 791 2458 quam
842 2390 1174 2441 vetustatem
1234 2384 1537 2456 explorare
1594 2384 1876 2441 malemus.
1964 2384 2266 2457 Numquam
2324 2399 2461 2457 per-

631 2475 827 2543 specta
864 2474 1019 2525 esset
1059 2466 1295 2525 Notkeri
1339 2474 1398 2525 at
1434 2468 1883 2540 sangallensium
1926 2467 2025 2527 illa
2068 2469 2299 2541 regula,
2348 2462 2461 2540 qua

631 2553 798 2611 modo
819 2552 1063 2607 bruader
1085 2551 1280 2607 dohter
1297 2558 1406 2623 901,
1428 2550 1592 2609 modo
1613 2553 1870 2625 pruader
1890 2552 2065 2609 tohter
2090 2558 2179 2609 cot
2204 2552 2461 2625 scripse-

632 2642 779 2707 runt,
811 2636 919 2693 nisi
949 2651 1172 2701 summa,
1190 2652 1310 2691 cum
1344 2637 1452 2693 lide
1480 2652 1671 2693 eorum
1700 2637 1912 2710 scripta
1944 2650 2215 2711 expressa
2241 2642 2459 2693 essent.-

631 2720 731 2777 Est
779 2721 954 2792 igitur
994 2721 1357 2780 vehementer
1403 2721 1732 2793 optandum,
1786 2727 1846 2775 ut
1895 2722 2115 2777 tandem
2154 2720 2459 2792 aliquando

631 2806 854 2879 puerile
893 2803 1033 2860 illud
1071 2804 1511 2876 consequentiae
1550 2804 1792 2861 studium
1834 2805 2028 2862 valere
2063 2804 2351 2861 iubeamus
2401 2810 2463 2859 et

631 2890 735 2945 has
780 2904 1002 2960 quoque
1049 2887 1308 2945 minutias
1360 2890 1429 2945 ad
1473 2888 1651 2946 libros
1704 2889 2014 2961 exigamus.
2104 2886 2462 2944 Fidissimum

633 2970 832 3028 ducem
867 2970 1133 3027 habemns
1160 2971 1219 3047 ¹in
1246 2972 1522 3029 Suetonio
1554 2969 1931 3030 Memmianum
1968 2972 2259 3043 codicem,
2294 2970 2461 3027 cuius

635 3053 1075 3126 orthographica
1099 3056 1447 3114 consuetudo
1480 3057 1551 3113 ad
1574 3056 1754 3115 libros
1778 3057 2174 3131 palimpsestos
2198 3056 2461 3129 proxime

635 3136 885 3204 acceditz
928 3154 1052 3195 eum
1081 3139 1254 3210 igitur
1287 3140 1485 3197 ducem
1504 3182 1521 3211 ,
1565 3140 1899 3215 ubicumque
1930 3140 2049 3199 lieri
2078 3134 2337 3215 possea)
2368 3139 2461 3195 vi-

743 3298 866 3363 '25)
907 3298 1064 3365 Sequi
1095 3300 1238 3353 nolui
1277 3304 1330 3354 in
1362 3312 1536 3371 aperte
1566 3303 1714 3358 falsis
1742 3314 1799 3357 ut
1834 3309 2118 3368 provincia,
2160 3304 2297 3369 quod
2334 3304 2461 3355 Nie-

635 3366 768 3419 buhr
800 3369 1062 3435 probavit,
1099 3373 1293 3423 nummi
1322 3374 1622 3439 lapidesque
1656 3375 1912 3426 damnant.
1988 3374 2266 3443 Admittere
2294 3387 2458 3423 ausus

635 3450 738 3487 non
785 3451 923 3498 sum,
968 3436 1186 3491 fortasse
1223 3441 1435 3504 iniuria,
1468 3442 1827 3495 brincam-otene
1861 3443 2113 3496 Hrianum
2146 3441 2378 3493 Hrodum
2408 3450 2462 3491 et

634 3502 894 3564 Erochos,-
932 3507 1006 3558 sic
1048 3508 1184 3559 enim
1221 3510 1273 3561 in
1313 3512 1618 3563 Memmiano
1654 3513 1867 3578 aliisque
1912 3514 2052 3565 libris
2093 3511 2338 3581 scriptum
2372 3524 2461 3561 re·

635 3574 794 3641 perio,
827 3575 914 3641 qui
949 3576 1102 3628 iidem
1128 3580 1373 3632 rhetorem
1401 3581 1617 3633 Rhenum
1646 3582 1939 3634 Rhodanum
1966 3582 2115 3635 solito
2140 3584 2286 3633 more
2306 3592 2459 3646 prae-
