2700 4234
952 293 1013 342 ο.
1061 295 1437 349 cuneum.
1470 281 1477 286 ’
1830 290 1837 294 “
2032 265 2043 274 ’
2076 294 2193 356 143

167 450 540 528 peditionem
571 449 806 510 assidue
860 450 1148 526 gestavit,
1191 450 1475 511 interdum
1525 462 1586 513 et
1630 453 1828 532 Magni
1872 456 2190 520 Alexandri
2221 513 2236 534 ,

166 535 480 594 thoracem
508 532 822 612 repetitum
850 551 883 592 e
917 533 1242 594 conditorio
1281 537 1424 595 eius.

303 615 400 676 Ex
435 616 760 696 disciplinis
809 615 1150 677 liberalibus
1196 620 1483 678 minimum
1533 621 1869 701 eruditioni,
1912 625 2273 705 eloquen-53

164 704 291 761 tiae
329 699 636 779 plurimum
689 699 961 777 attendit,
1034 705 1395 781 quantumvis
1434 703 1715 764 facundus
1762 715 1821 766 et
1867 719 2188 788 promptus,

115 809 140 848 ⁵
163 785 374 864 utique
420 785 469 842 si
505 784 892 863 perorandum
935 787 996 844 in
1037 785 1287 864 aliquem
1335 796 1513 846 esset.
1599 787 1755 848 Irato
1801 799 1860 850 et
1908 792 2090 852 verba
2130 803 2190 855 et

162 869 504 929 sententiae
543 867 960 946 suppetebant,
1009 871 1397 948 pronuntiatio
1432 888 1662 950 quoque
1696 881 1753 932 et
1782 891 1930 950 vox,
1992 885 2051 936 ut
2087 895 2185 937 ne-

162 971 288 1032 que
340 951 552 1012 eodem
609 951 730 1012 loci
779 969 920 1029 prae
973 953 1182 1013 ardore
1237 956 1588 1014 consisteret
1643 963 1702 1015 et
1744 958 2115 1019 exaudiretur
2151 979 2186 1020 a

162 1035 388 1117 procul
421 1035 722 1096 stantibus.
811 1034 1188 1096 Peroraturus
1204 1082 1221 1113 ,
1257 1037 1613 1099 stricturum
1641 1057 1711 1099 se
1738 1041 2186 1104 lucubrationis

160 1137 331 1180 suae
384 1119 564 1180 telum
605 1119 956 1186 minabatur:
1028 1119 1213 1180 lenius
1266 1123 1627 1201 comtiusque
1667 1123 1957 1184 scribendi
1999 1143 2185 1202 genus

85 1223 139 1262 10
163 1203 326 1265 adeo
364 1211 774 1282 contemnem,
831 1211 893 1262 ut
917 1202 1199 1263 Senecam
1225 1212 1341 1264 tum
1384 1207 1631 1266 maxime
1662 1206 1988 1285 placentem
2020 1203 2205 1269 eom-'

162 1285 510 1348 missiones
535 1304 743 1346 meras
779 1303 1136 1365 componere
1153 1330 1172 1362 ,
1229 1296 1288 1347 et
1320 1288 1623 1350 harenam
1662 1307 1797 1352 esse
1834 1293 1968 1353 sine
2010 1291 2185 1354 calce

167 1373 422 1432 diceret.
512 1369 753 1431 Solebat
795 1371 964 1431 etiam
1005 1373 1310 1449 prosperis
1366 1381 1659 1432 oratorum
1715 1375 2037 1436 actionibus
2088 1395 2179 1436 re-

169 1453 442 1516 scribere
471 1463 532 1514 et
564 1471 902 1530 magnorum
939 1456 999 1513 in
1032 1462 1234 1532 senatu
1271 1473 1504 1514 reorum
1542 1462 1943 1518 accusationes
1982 1458 2177 1520 defen-

169 1542 491 1618 sionesque
540 1537 802 1598 meditari
850 1556 951 1616 ac,
1007 1546 1180 1616 prout
1235 1538 1399 1598 stilus
1452 1549 1743 1616 cesserat,
1796 1541 1891 1600 vel
1934 1559 2178 1602 onerare

93 1643 149 1682 ιε
166 1623 462 1684 sententia
506 1640 608 1682 sua
641 1639 924 1701 quemque
965 1621 1062 1680 vel
1106 1621 1445 1698 sublevare,
1504 1624 1758 1701 equestri
1812 1641 2045 1702 quoque
2086 1641 2178 1684 or-

167 1708 306 1768 dine
337 1705 413 1765 ad
440 1704 774 1765 audiendum
805 1706 1043 1766 invitato
1075 1723 1184 1783 per
1214 1703 1421 1765 edicta.
1762 1707 1769 1714 ’

301 1787 422 1848 Sed
452 1797 510 1848 et
539 1789 779 1849 aliorum
808 1807 1088 1867 generum
1115 1797 1271 1849 artes
1315 1787 1733 1849 studiosissime
1764 1797 1823 1849 et
1852 1789 2173 1851 diversissi·
2192 1800 2262 1854 54

166 1893 292 1934 mas
324 1875 607 1933 exercuit.
699 1873 894 1934 Threx
924 1881 985 1932 et
1011 1873 1240 1950 auriga,
1298 1871 1449 1931 idem
1480 1881 1681 1932 cantor
1714 1881 1885 1953 atque
1913 1873 2175 1952 saltator,

168 1955 475 2018 battuebat
503 1957 866 2036 pugnatoriis
909 1957 1113 2033 armis,
1173 1955 1473 2032 aurigabat
1518 1965 1783 2018 extructo
1824 1957 2177 2036 plurifariam

91 2064 147 2105 20
171 2045 370 2111 circo;
435 2039 678 2100 canendi
720 2057 789 2100 ac
832 2039 1071 2100 saltandi
1112 2039 1409 2118 voluptate
1448 2040 1527 2100 ita
1574 2041 1953 2119 efferebatur,
2011 2050 2177 2102 utne

168 2124 425 2205 publicis
485 2123 716 2202 quidem
767 2123 1118 2203 spectaculis
1176 2131 1529 2202 temperaret
1586 2142 1698 2202 quo
1740 2125 1925 2184 minus
1964 2133 2025 2184 et
2065 2132 2174 2185 tra-

165 2207 369 2288 goedo
425 2209 816 2286 pronuntianti
868 2208 1234 2282 concineret,
1293 2214 1353 2266 et
1400 2216 1628 2283 gestum
1673 2207 1968 2267 histrionis
2014 2207 2177 2285 quasi

165 2292 412 2354 laudans
448 2291 548 2351 vel
590 2293 894 2370 corrigeris
935 2291 1124 2369 palam
1164 2291 1495 2365 effingeret.
1583 2288 1709 2348 Nec
1739 2289 1849 2349 alia
1890 2289 1963 2349 de
2003 2307 2177 2350 causa
2264 2294 2273 2304 ‘

164 2376 402 2438 videtur
445 2392 521 2435 eo
563 2375 688 2452 die,
749 2393 864 2454 quo
908 2377 1110 2454 periit,
1173 2372 1543 2452 pervigilium
1584 2372 1861 2432 indixisse
1912 2389 2077 2451 quam
2118 2380 2177 2431 ut

89 2488 148 2529 25
163 2462 392 2521 initium
429 2460 488 2518 in
528 2476 760 2521 scenam
801 2457 1122 2538 prodeundi
1165 2459 1399 2518 licentia
1450 2457 1727 2535 temporis
1760 2457 2174 2536 auspicaretur.

165 2541 438 2606 Saltabat
475 2551 658 2603 autem
691 2559 1112 2618 nonnumquam
1155 2543 1326 2601 etiam
1378 2549 1583 2610 noctu;
1632 2548 1691 2599 et
1734 2539 2017 2618 quondam
2055 2549 2175 2600 tres

166 2625 517 2690 consulares
569 2625 825 2688 secunda
853 2625 1056 2702 vigilia
1104 2627 1163 2684 in
1213 2623 1489 2684 Palatium
1537 2625 1759 2684 accitos
1791 2623 2081 2702 multaque
2118 2633 2177 2684 et

167 2721 435 2772 extrema
473 2712 779 2770 metuentis
825 2728 1000 2789 super
1049 2707 1332 2788 pulpitum
1387 2707 1752 2782 conlocavit,
1824 2707 2031 2766 deinde
2084 2725 2173 2766 re-

167 2805 350 2874 pente
381 2811 591 2872 magno
623 2793 887 2856 tibiarum
918 2801 975 2853 et
1014 2791 1405 2852 scabellorum
1440 2791 1665 2869 crepitu
1696 2807 1823 2849 cum
1851 2789 2006 2868 palla
2032 2791 2175 2848 tuni-

91 2901 150 2942 so
169 2896 358 2957 caque
401 2877 565 2938 talari
607 2878 877 2956 prosiluit
918 2894 988 2937 ac
1030 2875 1313 2937 desaltato
1359 2876 1583 2935 cantico
1614 2873 1768 2934 abiit.
1856 2870 2048 2949 Atque
2082 2870 2177 2930 hic

169 2973 283 3023 tam
316 2960 522 3021 docilis
554 2961 624 3022 ad
653 2972 852 3023 cetera
879 2969 1080 3021 natare
1108 2959 1330 3020 nesciit.

297 3045 554 3122 Quorum
582 3063 729 3106 vero
771 3045 961 3106 studio
996 3052 1322 3118 teneretur,
1382 3041 1643 3101 omnibus
1684 3039 1755 3101 ad
1792 3038 2066 3098 insaniam
2094 3037 2174 3097 fa·
2191 3053 2257 3106 55

168 3132 270 3190 vit.
357 3129 714 3190 Mnesterem
752 3130 1158 3209 pantomimum
1195 3128 1365 3188 etiam
1399 3127 1546 3185 inter
1580 3121 1919 3203 spectacula
1949 3119 2175 3182 oscula-

167 3213 370 3291 batur,
428 3232 498 3275 ac
527 3215 576 3274 si
608 3215 702 3293 qui
746 3213 992 3274 saltante
1024 3229 1098 3272 eo
1137 3211 1235 3271 vel
1266 3209 1479 3270 leviter
1510 3208 1910 3287 obstreperet,
1956 3203 2176 3265 detrahi

97 3311 148 3352 35
167 3299 384 3357 iussum
411 3315 582 3359 mann
611 3316 712 3358 sua
741 3296 1094 3376 flagellabat.
1181 3294 1379 3373 Equiti
1419 3294 1490 3354 R.
1519 3290 1873 3354 tumultuanti
1906 3308 2014 3369 per
2044 3306 2175 3348 cen-

168 3383 454 3442 turionem
487 3380 872 3459 denuntiavit,
933 3380 1119 3442 abiret
1159 3381 1282 3439 sine
1320 3394 1485 3438 mora
1517 3373 1733 3436 Ostiam
1771 3373 2177 3455 perferretque

171 3465 242 3526 ad
272 3465 668 3526 Ptolemaeum
696 3468 902 3542 regem
934 3467 990 3524 in
1019 3463 1412 3525 Mauritaniam
1460 3459 1767 3520 codicillos
1796 3474 1967 3526 suos;
2034 3471 2175 3533 quo-

167 3566 292 3609 rum
323 3548 657 3628 exemplum
689 3559 846 3610 erat:
904 3546 991 3610 Ei
1015 3565 1190 3627 quem
1219 3546 1377 3607 istoc
1404 3544 1577 3621 misi,
1608 3561 1802 3624 neque
1831 3539 1979 3603 boni
2008 3535 2173 3616 quic-
