2700 4234
493 246 613 309 308
1031 257 1092 306 c.
1138 257 1470 332 somonn
1514 255 1945 316 TRANQUILLI

613 411 806 491 Lupus
850 422 908 474 et
949 413 1120 492 lepus
1158 411 1407 472 similem
1448 411 1665 471 habent
1701 427 1943 487 vocem,
1986 427 2104 470 non
2140 410 2384 472 similem
2414 413 2527 474 de-

492 497 886 567 clinationem
921 498 1062 559 facit
1091 498 1242 556 enim
1271 496 1443 574 lepus
1474 493 1637 574 poris
1678 503 1741 553 et
1768 494 1942 574 lupus
1969 496 2049 574 pi.

615 580 914 661 Expertus
973 589 1033 641 et
1075 580 1495 660 experrectus]
1542 587 1821 658 expertus
1865 579 1924 637 in
1965 597 2033 639 re
2067 577 2263 658 aliqua
2312 581 2412 640 vel
2458 583 2524 642 in

491 667 756 744 negotio,
784 674 1167 744 experrectus
1203 683 1238 725 a
1268 681 1473 727 somno
1502 663 1805 740 etquiete;
1838 663 1918 722 ita
1948 662 2093 723 illud
2124 663 2371 724 astutiae
2400 675 2523 743 est,
2637 667 2638 676 ’

491 750 608 811 hoc
637 751 899 810 inertiae.
2550 769 2579 808 5
2637 785 2638 788 =

617 832 822 913 Spolia
851 842 910 893 et
941 832 1187 893 exuviae
1220 832 1358 910 quid
1388 830 1693 910 differunt]
1760 829 1952 910 spolia
1995 830 2179 890 saucii
2226 830 2522 908 gladiato·
2637 831 2638 882 ἓ

441 975 446 980 .
490 919 571 978 ris
614 927 674 977 et
713 918 854 978 victi
901 933 1040 976 esse
1083 916 1378 992 dicuntur,
1434 916 1683 975 exuviae
1722 915 1781 973 in
1820 913 1982 973 bello
2024 913 2320 974 interfecti
2348 915 2521 976 ducis

491 1003 874 1062 nominantur.

621 1083 823 1146 certat
851 1093 910 1144 et
942 1084 1232 1163 certatur]
1295 1089 1554 1142 certatur
1588 1081 1833 1142 verbum
1867 1090 1958 1142 est
1989 1081 2351 1158 nominandi,
2386 1100 2523 1143 cum

493 1170 701 1249 aliquis
729 1171 788 1228 in
807 1168 942 1228 foro
971 1169 1153 1227 autin
1183 1167 1322 1228 loco
1340 1175 1629 1236 certatur;
1656 1175 1841 1226 certat
1872 1175 2059 1226 autem
2084 1164 2188 1226 ille
2225 1183 2351 1226 cum
2382 1167 2519 1229 illo.
2545 1191 2599 1232 10

620 1254 682 1312 Si
715 1269 958 1312 aeneum
987 1259 1184 1329 esset,
1218 1269 1321 1311 aes
1351 1251 1517 1310 aenis
1546 1250 1717 1310 lieret
1745 1250 2007 1328 genitivo
2046 1268 2215 1320 casu3
2250 1268 2377 1310 cum
2408 1269 2521 1312 aes

413 1325 422 1336 ’
491 1336 648 1397 aeris
675 1335 882 1410 faciat,
919 1352 1157 1396 aereum
1187 1335 1452 1411 dicimuS,
1482 1343 1544 1394 ut
1566 1335 1697 1414 ipse
1729 1335 2014 1412 Virgilius
2050 1335 2158 1394 ait:
2190 1351 2525 1416 nexaeque

491 1418 657 1482 Aere
695 1417 946 1498 trabes,
983 1427 1043 1479 et
1081 1419 1184 1480 ille
1229 1419 1442 1480 artifex
1493 1419 1753 1479 aerarius
1798 1419 2039 1498 dicitur,
2075 1433 2193 1477 non
2223 1421 2519 1480 aenarius.
2637 1473 2638 1488 ,

615 1501 835 1564 Neutra
865 1520 1265 1584 quaecumque
1296 1503 1507 1582 plurali
1538 1519 1777 1562 numero
1809 1502 1867 1561 in
1897 1502 1952 1563 ia
1996 1510 2211 1562 exeunt
2238 1519 2381 1564 casu
2412 1522 2523 1565 no·
2637 1503 2638 1576 ᾖ

493 1588 806 1664 minativo,
856 1605 926 1648 ea
969 1590 1245 1665 genetivo
1289 1604 1427 1647 casu
1470 1589 1527 1646 in
1555 1587 1671 1646 ium
1701 1586 1999 1663 dicuntur,
2032 1595 2324 1664 tamquam
2353 1587 2519 1648 doci·
2543 1613 2589 1652 15

494 1672 572 1732 lia
601 1671 803 1734 facilia
841 1671 1015 1749 agilia
1061 1671 1350 1746 forensia,
1404 1669 1544 1730 facit
1572 1670 1724 1730 enim
1751 1670 2060 1748 singularis
2092 1687 2369 1731 numerus
2403 1672 2522 1732 hoc

493 1756 734 1816 forense
777 1764 834 1815 et
879 1755 1095 1816 docile.
1163 1755 1310 1816 Item
1356 1772 1483 1814 cum
1515 1753 1731 1815 docilia
1774 1755 2034 1831 genitivo
2070 1771 2209 1814 casu
2240 1755 2523 1816 docilium

494 1839 671 1900 faciat
697 1839 947 1916 agilium
989 1847 1047 1898 et
1090 1839 1378 1914 facilium,
1436 1839 1679 1898 dicimus
1720 1837 2040 1898 forensium
2078 1854 2196 1898 non
2222 1837 2520 1900 forensiu-

494 1939 650 1991 rum;
682 1923 761 1980 ita
793 1921 988 1982 dativo
1027 1931 1088 1982 et
1117 1922 1376 1983 ablativo
1411 1939 1550 1982 casu
1584 1922 1648 1982 fit
1681 1921 2015 1982 forensibus
2057 1921 2313 2000 agilibus
2346 1933 2409 1983 et
2436 1923 2519 1984 fa-

497 2003 724 2065 cilibus.
1488 2044 1499 2050 -
2540 2035 2587 2076 20

618 2088 878 2150 Amictus
921 2098 1014 2150 est
1045 2090 1133 2150 rei
1163 2107 1313 2169 quae
1343 2090 1610 2150 amicitur
1644 2107 1879 2169 nomen,
1928 2090 2172 2152 amictus
2202 2097 2377 2154 veste
2406 2090 2520 2154 cir-

496 2172 814 2233 cumdatus.

618 2257 782 2318 Inter
825 2257 1032 2319 annale
1075 2266 1135 2318 et
1175 2273 1420 2319 annuum
1464 2267 1523 2318 et
1568 2259 1929 2339 anniculum]
1978 2258 2201 2320 annalis
2243 2260 2399 2321 liber
2432 2271 2525 2322 est

499 2343 595 2420 qni
637 2357 824 2402 annua
859 2351 990 2402 acta
1039 2342 1327 2418 continet,
1382 2360 1599 2402 annuus
1638 2342 1861 2403 fructus
1912 2344 2009 2421 qui
2050 2360 2158 2402 suo
2190 2344 2343 2405 redit
2377 2355 2523 2405 tem·
2637 2369 2638 2386 ³

495 2440 676 2502 pore,
720 2425 1020 2484 anniculus
1049 2433 1246 2503 potest
1280 2426 1396 2487 dici
1422 2425 1609 2506 infans
1639 2426 1740 2486 vel
1769 2426 1925 2488 aliud
1948 2427 2177 2488 animal.
2538 2457 2583 2496 25
2637 2485 2638 2492 ,

619 2506 777 2567 Inter
819 2508 1088 2567 mendum
1129 2516 1188 2568 et
1227 2509 1623 2590 mendacium]
1678 2510 1945 2570 mendum
1994 2519 2085 2572 est
2124 2510 2349 2591 scripto
2382 2513 2417 2555 *
2466 2522 2524 2573 et

497 2607 530 2651 a
559 2599 811 2650 mentum
839 2599 1092 2650 mentax.

623 2672 782 2734 Inter
817 2683 914 2735 aut
942 2683 1001 2734 et
1034 2675 1169 2755 vel]
1217 2684 1312 2736 aut
1339 2678 1713 2738 necessitatis
1746 2686 1869 2756 est,
1908 2677 2007 2738 vel
2040 2678 2381 2742 voluntatis,

622 2757 782 2820 Inter
825 2776 1326 2838 supervacaneum
1360 2769 1421 2822 et
1450 2763 1910 2842 supervacuum]
1972 2772 2399 2841 supervacuus
2426 2782 2521 2824 cu·

498 2843 586 2904 ius
617 2861 756 2904 usus
786 2844 843 2903 in
874 2844 1170 2922 praesenti
1197 2845 1413 2905 inutilis
1443 2854 1566 2923 est,
1598 2847 1973 2908 necessarius
2018 2855 2210 2907 autem
2259 2847 2517 2918 futurus;
2538 2870 2583 2911 ao

499 2943 971 3006 supervacaneus
1003 2937 1094 2989 est
1129 2929 1293 2989 cuius
1321 2947 1459 2988 usus
1486 2931 1639 2990 omni
1670 2940 1937 3011 tempore
1968 2948 2376 3009 supervacuus
2410 2941 2519 2992 est.

623 3011 782 3089 Erga
821 3029 915 3071 me
962 3022 1022 3073 et
1065 3013 1347 3074 adversus
1394 3029 1489 3072 me
1518 3014 1633 3075 hoc
1664 3015 1891 3092 differt,
1927 3013 2084 3093 quod
2114 3014 2363 3075 alterum
2396 3018 2524 3096 pie-

497 3097 630 3155 tatis
663 3104 754 3154 est
782 3105 840 3156 et
869 3095 1339 3175 benivolentiae,
1370 3097 1614 3158 alterum
1646 3099 2054 3160 contentionis,

625 3176 784 3239 luter
828 3179 1137 3242 barbarum
1187 3190 1246 3241 et
1290 3180 1683 3262 barbaricum]
1746 3182 2057 3244 barbarum
2115 3191 2207 3242 est
2259 3183 2525 3244 moribus

498 3260 595 3319 vel
653 3279 959 3355 sermone,
1017 3264 1384 3326 barbaricum
1437 3266 1637 3346 operis
1697 3267 2191 3328 demonstratione
2230 3266 2377 3328 facit
2424 3266 2588 3329 velas

497 3350 736 3404 textum.

615 3426 902 3506 Specular
943 3447 1014 3488 an
1057 3432 1408 3513 speculare]
1469 3432 1672 3495 Omnia
1716 3442 1921 3495 neutra
1964 3451 2119 3516 quae
2162 3433 2381 3513 plurali
2424 3455 2528 3496 nu-

493 3528 658 3572 mero
700 3529 811 3591 per
850 3514 904 3573 ia
939 3515 1231 3575 enuntiata
1255 3516 1502 3596 fuerint,
1560 3535 1687 3578 cum
1719 3517 1791 3578 ad
1833 3518 2185 3596 singularem
2225 3535 2533 3582 numerum
