2700 4234
642 294 966 345 Lxxxvm
1310 293 1728 343 PRAEFATIO.

767 460 905 523 300,
946 459 982 513 3
1018 452 1360 525 com'qendis
1400 453 1543 509 Bern
1565 457 1690 513 370.
1742 452 1982 525 Montep.
2042 451 2146 509 Par
2165 457 2305 514 7502
2342 471 2448 527 pro

642 537 1030 609 corn'yendos,
1058 536 1161 593 cfr.
1194 552 1250 609 p.
1291 542 1426 605 193,
1457 542 1508 593 1.
1559 542 1689 605 195,
1719 540 1806 596 26.
1854 536 1923 591 de
1947 536 2289 608 con-iyendis
2319 538 2449 594 Sal·
2481 528 2489 534 ’

646 621 852 678 nasius
890 616 901 693 Ι
936 625 970 679 4
998 620 1581 691 Paemani—quoquc
1597 618 1799 675 omittit
1813 617 2155 676 Omnibonus
2191 612 2205 699 Ι
2241 621 2448 679 ὀαίὲιηι

647 704 847 761 omittit
874 702 1129 767 Grotius3
1170 703 1272 760 sed
1302 703 1459 759 loeus
1495 703 1792 759 lacunosus
1825 718 1952 759 esse
1987 703 2210 759 videtur
2247 696 2257 780 Ι
2295 709 2332 765 6
2359 718 2448 761 vc—

644 790 797 843 aazia
839 787 1041 844 omittit
1078 786 1219 843 Bern
1244 791 1377 856 370,
1425 801 1592 858 supra
1638 801 1860 842 versum
1901 787 2070 843 babet
2107 788 2295 844 Berol.
2337 788 2444 845 cfr.

643 889 697 944 p.
732 878 854 941 101,
886 878 973 930 13.

772 956 852 1009 De
882 953 1027 1009 vita
1057 952 1429 1010 Iuvenalis
1459 952 1608 1024 quod
1644 950 1782 1009 satis
1811 950 1906 1023 sit,
1933 969 2101 1025 supra
2133 952 2446 1027 p.1.xxvu

643 1055 727 1110 sq.
766 1038 970 1093 dictum
1006 1036 1131 1092 erit.
1689 1077 1698 1084 .

340 1097 616 1193 ξέξζὲἷὲζ,
767 1120 998 1177 Plinii
1055 1119 1368 1176 Secundi
1419 1118 1635 1174 vitam
1673 1118 1900 1175 codices
1935 1116 2215 1176 Naturalis
2261 1118 2442 1176 bisto-

642 1207 763 1262 riae
794 1204 1052 1277 permulti
1094 1218 1161 1258 ac
1198 1202 1562 1259 vetustissimi
1605 1208 1973 1259 servaverunt
2003 1202 2267 1275 scriptam
2295 1202 2450 1259 inter

641 1288 955 1345 testimonia
986 1288 1057 1343 de
1082 1292 1319 1357 utroque
1342 1285 1522 1341 Plinio
1557 1302 1627 1341 ex
1659 1285 1900 1357 antiquis
1931 1286 2303 1357 scriptoribus
2325 1287 2445 1342 col-

643 1374 809 1428 lecta.
897 1373 1018 1428 Duo
1068 1370 1209 1425 enim
1247 1368 1444 1439 Plinii,
1482 1385 1710 1440 qnorum
1749 1368 1894 1425 alter
1920 1369 2256 1440 Vespasiani
2302 1369 2448 1426 alter

644 1454 865 1512 Traiani
908 1451 1196 1510 familiaris
1238 1452 1375 1522 fuit,
1417 1468 1527 1508 non
1558 1469 1660 1524 per
1689 1452 1950 1509 tenebras
1983 1452 2200 1509 mediae
2231 1453 2447 1509 denum

641 1539 840 1595 aetatis
896 1552 1001 1611 pro
1052 1551 1161 1593 uno
1212 1536 1410 1593 baberi
1449 1536 1638 1607 coepti
1693 1541 1850 1604 sunt,
1909 1536 2012 1592 sed
2050 1535 2160 1591 inm
2205 1536 2333 1593 inde
2373 1536 2448 1593 ab

640 1622 864 1677 ineunte
897 1620 1065 1676 tertio
1110 1619 1337 1675 saeculo
1375 1619 1627 1675 homines
1663 1634 1774 1674 non
1818 1618 2066 1687 indocti,
2107 1625 2168 1673 ut
2197 1619 2444 1676 Serenus

643 1704 967 1761 Samonicus
1004 1703 1236 1775 ipseque
1275 1702 1622 1771 Macrobius,
1655 1718 1780 1758 eum
1809 1718 2056 1759 errorem
2091 1701 2446 1759 admiserant.

644 1788 877 1844 Gravius
910 1788 1075 1843 etiam
1116 1792 1234 1854 est,
1269 1780 1748 1856 Hieronymumffl)
1777 1800 1997 1856 quoque
2037 1791 2146 1841 tam
2189 1784 2245 1841 in
2291 1800 2442 1841 com·

646 1870 917 1927 monterio
940 1870 1155 1925 lesaiae
1188 1884 1310 1939 cap.
1326 1872 1399 1926 54
1422 1873 1460 1922 t.
1493 1872 1528 1925 4
1563 1873 1736 1940 p.63'7
1771 1868 2011 1925 Vallars.
2076 1867 2307 1924 Plinium
2337 1867 2446 1923 Se-

645 1954 878 2009 cundum
922 1952 1191 2007 ‘eundem
1236 1956 1515 2007 oratorem
1580 1957 1638 2006 et
1700 1950 2122 2023 pbilosophnm'
2179 1951 2326 2008 libro
2371 1952 2447 2007 de

645 2036 879 2093 naturali
928 2033 1162 2091 historia
1213 2033 1488 2109 xxxvii·
1515 2040 1796 2091 auctorem
1833 2034 2132 2105 citavisse,
2173 2049 2334 2105 quam
2383 2034 2444 2091 in

644 2120 921 2176 Chronico
964 2117 1230 2173 ‘Plinium
1274 2117 1588 2173 Secundum
1629 2117 2104 2174 Novocomensem
2162 2124 2445 2174 oratorem

644 2209 700 2259 et
730 2203 1090 2270 historicum,
1138 2201 1231 2271 qui
1265 2200 1438 2271 periit
1467 2201 1593 2257 dum
1621 2200 1756 2257 visit
1782 2200 2114 2258 Vesuvium'
2154 2200 2211 2257 in
2255 2201 2448 2257 medio

642 2286 861 2344 Traiani
912 2277 1315 2359 principatu⁸⁴)
1365 2284 1758 2341 collocavisse.
1850 2284 1964 2340 Sed
2019 2284 2072 2341 is
2117 2283 2443 2353 Hieronymi

642 2386 803 2427 error
834 2368 1079 2442 quemvis
1104 2366 1404 2423 Pliniorum
1435 2367 1735 2424 memoriae
1765 2367 2032 2438 obfuerit,
2061 2374 2240 2425 tamen
2261 2383 2448 2439 paene

779 2510 871 2573 83)
904 2513 955 2561 Is
980 2510 1237 2563 Plinianas
1274 2513 1516 2579 epistolas
1548 2528 1760 2580 prorsus
1799 2515 2066 2580 ignorasse
2088 2516 2316 2574 videtum
2353 2529 2446 2563 ne-

640 2595 739 2644 que
767 2580 901 2630 enim
944 2593 1183 2643 umquam
1207 2582 1617 2632 commemoravit
1654 2590 1704 2632 et
1736 2597 1865 2646 quae
1899 2583 1964 2632 de
1987 2582 2284 2633 Christianis
2319 2583 2449 2632 inde

639 2648 813 2707 affert,
858 2660 919 2697 ea
958 2662 1025 2697 ex
1059 2648 1265 2698 Eusebli
1310 2648 1550 2699 chronico
1588 2658 1640 2699 et
1677 2649 1796 2701 hist.
1835 2651 1954 2701 eccl.
1993 2651 2272 2716 desumpsit
2325 2665 2446 2699 cum

636 2717 749 2783 ipsa
770 2716 1094 2768 Tertullianei
1120 2717 1426 2783 apologetici
1459 2719 1730 2769 mentione.

771 2784 861 2851 84)
912 2784 995 2837 Ad
1032 2800 1080 2835 a.
1135 2784 1235 2835 107
1264 2787 1344 2837 vel
1386 2786 1484 2837 109
1529 2787 1666 2853 apud
1700 2786 2084 2851 Hieronymum,
2131 2786 2198 2837 ad
2238 2800 2288 2837 a.
2339 2786 2442 2836 117

635 2854 771 2919 apud
794 2854 1115 2920 Prosper-um,
1146 2855 1212 2905 ad
1242 2869 1292 2905 a.
1324 2854 1425 2907 113
1448 2856 1586 2921 apud
1616 2853 2010 2906 Cassiodoriiim.
2085 2857 2163 2907 Ita
2202 2869 2295 2920 per
2329 2868 2445 2905 ma·

636 2937 731 2972 nus
756 2923 903 2986 quasi
924 2921 1430 2989 chronographorum
1451 2939 1614 2988 usqne
1637 2924 1704 2973 ad
1719 2922 1910 2975 Bedam
1933 2930 1983 2973 et
2007 2922 2290 2974 Marianum
2315 2921 2446 2972 Sco-

635 2998 741 3039 tum
764 2998 813 3039 et
835 2990 1177 3041 Hermannum
1200 2992 1522 3043 contractum
1545 2992 1680 3043 idem
1708 3005 1848 3041 error
1885 2992 2105 3045 traditus
2142 2999 2250 3052 est,
2277 2990 2446 3040 donec

634 3058 832 3108 circiter
890 3071 937 3109 a.
996 3058 1131 3111 1313
1188 3060 1403 3109 Ioannes
1450 3060 1715 3125 presbyter
1763 3060 2137 3111 mansionarius
2197 3058 2445 3109 ecclesiae

633 3126 941 3177 Veronensis
962 3128 1198 3192 perlectis
1220 3127 1374 3177 Plinii
1415 3128 1642 3195 epistolis
1675 3128 1807 3178 duos
1831 3128 2022 3178 Plinios
2059 3126 2222 3177 fuisse
2247 3126 2444 3188 docuit,

642 3207 859 3259 quorum
890 3203 1061 3246 tamen
1084 3196 1330 3247 maiorem
1363 3203 1550 3247 temere
1585 3210 1710 3247 suae
1731 3196 1922 3247 civitati
1945 3194 2203 3245 vindicare
2225 3194 2442 3248 studuit.

558 3294 565 3303 -
632 3261 707 3312 De
728 3261 827 3313 hoc
848 3264 1033 3313 Ioanne
1058 3264 1399 3316 Mansionario
1425 3272 1544 3329 post
1566 3263 1805 3315 Vossium
1836 3271 1886 3314 et
1909 3264 2168 3315 Maffeium
2189 3271 2239 3313 et
2259 3262 2440 3311 Tarta-

632 3330 831 3379 rollium
856 3330 973 3393 (cfr.
1000 3330 1094 3381 Th.
1108 3332 1388 3383 Mommsen
1416 3334 1468 3385 in
1495 3331 1866 3383 Schneidewini
1891 3330 2159 3399 Philologo
2182 3332 2209 3381 1
2237 3345 2290 3397 p.
2312 3328 2445 3395 180)

632 3397 1020 3463 diligentissime
1054 3400 1309 3451 Antonius
1332 3400 1648 3451 Rezzonicus
1679 3400 1787 3467 egit
1817 3400 1871 3451 in
1890 3399 2316 3465 Disquisitionnm
2335 3398 2444 3449 Pli-

633 3466 899 3517 nianarum
942 3466 1140 3517 duobus
1181 3465 1524 3518 voluminibus
1560 3468 1770 3519 Parmae
1813 3467 1948 3521 1763
1986 3475 2047 3518 -et
2090 3465 2223 3518 1767
2267 3464 2442 3527 editis,

632 3536 769 3596 quod
794 3549 923 3602 opus
956 3535 1152 3601 grande
1174 3544 1227 3587 et
1251 3534 1522 3588 confusum
1557 3535 1709 3587 bodie
1741 3537 1796 3587 in
1819 3536 2124 3587 oblivionem
2145 3533 2254 3584 fere
2280 3533 2446 3584 venit.
