2700 4234
1244 42 1304 61 5--

1162 87 1200 102 A*

757 43 856 176 ‘x
893 102 1155 183 fv·

491 288 614 351 264
994 297 1053 346 0.
1086 294 1470 345 sum-omns
1500 292 1992 354 TRANQmmms

408 466 476 521 15
511 508 522 515 ,
618 452 914 528 Lenaeus,
959 451 1154 529 Magni
1184 450 1426 530 Pompei
1468 449 1711 509 libertus
1750 457 1810 509 et
1844 464 1996 527 pene
2034 444 2281 507 omnium
2320 465 2509 526 expe·

495 538 769 597 ditionum
803 550 1032 612 comes,
1079 535 1355 595 defuncto
1393 551 1467 594 eo
1505 532 1754 611 filiisque
1789 533 1917 592 eius
1946 531 2151 592 schola
2178 549 2244 591 se
2276 540 2511 591 susten-

495 622 662 689 tavit;
696 617 1007 699 docuitque
1040 620 1096 679 in
1128 617 1353 679 Carinis
1395 616 1467 677 ad
1500 616 1781 692 Telluris,
1823 619 1880 675 in
1912 634 2023 694 qua
2058 617 2309 691 regione
2337 614 2511 675 Pom·

498 706 761 784 peiorum
790 702 994 763 domus
1023 704 1244 780 fuerat,
1291 720 1363 762 ac
1395 708 1552 762 tanto
1592 717 1791 761 amore
1832 716 1976 777 erga
2017 701 2247 777 patroni
2287 715 2510 759 memo-

495 792 637 849 riam
669 787 887 864 extitit,
919 796 981 846 ut
1009 786 1341 847 Sallustium
1373 786 1740 861 historicum,
1784 783 1940 862 quod
1969 800 2098 842 eum
2132 784 2264 843 oris
2290 782 2507 861 probi,
2544 810 2574 849 5

497 871 702 933 animo
745 870 1158 931 inverecundo
1201 871 1571 949 scripsisset,
1630 866 2005 928 acerbissima
2048 875 2241 941 satyra
2280 867 2509 927 lacera-

494 957 674 1031 verit,
707 952 1056 1015 lastaurnm
1085 960 1144 1015 et
1177 954 1491 1015 luo-eonem
1521 958 1578 1013 et
1621 951 1983 1013 nebulonem
2013 951 2516 1029 popinonemque

497 1038 831 1118 appellans,
869 1045 928 1099 et
956 1038 1091 1099 vita
1118 1038 1491 1117 scriptisque
1532 1043 1973 1112 monstrosum,
2006 1040 2346 1113 praeterea
2371 1035 2511 1112 pri-

499 1140 743 1184 scorum
771 1119 1146 1201 Catonisque
1175 1121 1502 1183 verborum
1530 1119 2073 1181 &eruditissimum
2093 1117 2315 1195 furem.
2368 1116 2515 1177 Tra-

501 1207 648 1266 ditur
683 1214 871 1265 autem
908 1224 1053 1284 puer
1085 1203 1272 1265 adhuc
1309 1204 1556 1266 Athenis
1596 1212 1930 1285 surreptus,
1974 1203 2266 1280 refugisse
2304 1203 2365 1261 in
2407 1219 2516 1280 pa·
2544 1218 2597 1258 ιο

499 1291 695 1365 triam,
728 1290 1143 1368 perceptisque
1173 1289 1513 1351 liberalibus
1544 1288 1896 1368 disciplinis,
1946 1288 2191 1365 pretium
2225 1303 2388 1345 suum
2406 1303 2518 1344 τε·

499 1373 731 1473 tqlisse,
783 1390 982 1433 verum
1027 1372 1104 1432 ob
1152 1374 1447 1450 ingenium
1490 1382 1663 1451 atque
1709 1372 2028 1432 doctrinam
2076 1372 2261 1448 gratis
2309 1386 2519 1429 manu·

497 1472 728 1516 mrssus.

415 1556 485 1611 16
629 1540 700 1614 Q.
728 1538 1023 1601 Caecilius
1045 1540 1321 1620 Epirota,
1362 1540 1597 1601 Tusculi
1620 1549 1820 1615 natus,
1868 1537 2109 1598 libertus
2132 1536 2315 1597 Attici
2350 1539 2521 1615 equi-

501 1628 576 1685 tis
620 1625 896 1702 Romani,
942 1624 1014 1685 ad
1058 1642 1230 1703 quem
1271 1633 1402 1685 sunt
1443 1623 1745 1685 Ciceronis
1791 1622 2114 1703 epistolae,
2165 1638 2293 1681 cum
2340 1620 2524 1681 filiam
2550 1630 2597 1671 1⁵

505 1711 734 1789 patroni
769 1718 1000 1790 nuptam
1033 1708 1111 1769 Μ.
1145 1708 1450 1789 Agrippae
1480 1708 1754 1785 doceret,
1803 1714 2111 1786 suspectus
2142 1706 2200 1765 in
2233 1722 2304 1765 ea
2336 1712 2401 1764 et
2442 1704 2523 1766 ob

503 1793 619 1853 hoc
680 1803 966 1869 remotus,
1029 1793 1100 1853 ad
1151 1792 1481 1854 Cornelium
1534 1792 1757 1854 Gallum
1815 1809 1879 1851 se
1950 1789 2193 1850 contulit
2253 1789 2525 1867 vixitque

504 1894 614 1935 una
648 1875 1128 1953 familiarissime,
1174 1877 1330 1957 quod
1369 1878 1483 1955 ipsi
1515 1876 1681 1938 Gallo
1712 1879 1862 1936 inter
1903 1874 2245 1953 gravissima
2280 1874 2524 1932 crimina

503 1958 576 2018 ab
598 1955 864 2035 Augusto
903 1958 1192 2019 obiicitur.
1263 1961 1405 2022 Post
1447 1961 1653 2021 deinde
1696 1960 2114 2021 damnationem
2154 1966 2523 2035 mortemque

506 2040 652 2102 Galli
677 2040 940 2102 scholam
963 2046 1218 2122 aperuit,
1245 2044 1350 2103 sed
1372 2046 1449 2105 ita
1476 2054 1536 2104 ut
1565 2046 1767 2124 paucis
1801 2052 1860 2104 et
1889 2052 2099 2104 tantum
2130 2040 2523 2101 adulescenti·
2546 2050 2597 2091 2⁰

504 2127 615 2185 bus
637 2127 1040 2205 praeciperet,
1073 2136 1444 2206 praetextato
1477 2130 1723 2205 nemini,
1755 2128 1861 2187 nisi
1892 2128 1942 2187 si
1974 2128 2133 2185 cuius
2158 2126 2384 2205 parenti
2406 2124 2526 2183 hoo

507 2210 761 2269 officium
784 2228 1005 2288 negare
1028 2228 1141 2271 non
1172 2222 1397 2292 posset.
1454 2213 1673 2274 Primus
1694 2211 1901 2272 dicitur
1922 2210 2121 2271 Latine
2152 2227 2228 2269 ex
2252 2216 2529 2287 tempore

507 2292 866 2372 disputasse,
911 2298 1243 2375 primusque
1267 2296 1578 2374 Virgilium
1610 2305 1668 2356 et
1700 2294 1849 2356 alios
1892 2302 2101 2374 poetas
2132 2309 2322 2353 novos
2355 2310 2527 2371 prae-

506 2378 714 2455 legere
745 2380 1052 2457 coepisse,
1084 2381 1240 2458 quod
1270 2383 1440 2441 etiam
1462 2380 1693 2441 Domitii
1722 2379 1899 2441 Marsi
1924 2377 2254 2438 versiculus
2278 2376 2529 2438 indicat:

933 2468 1168 2537 Epirota
1183 2511 1198 2538 ‚
1231 2470 1550 2526 tenellorum
1586 2469 1863 2524 nutricula
1890 2472 2093 2523 vatum.
2546 2480 2591 2520 2⁵

425 2552 490 2606 17
632 2546 708 2606 Μ.
752 2547 995 2607 Verrius
1039 2547 1290 2607 Flaccus
1349 2545 1943 2609 libertinus-docendi
2003 2564 2225 2624 genere
2276 2548 2529 2605 maxime

510 2629 734 2711 claruit.
800 2627 1063 2707 Namque
1095 2630 1166 2690 ad
1200 2632 1573 2692 exercitanda
1604 2632 1943 2693 discentium
1981 2630 2216 2707 ingenia
2246 2629 2530 2708 aequales

507 2716 659 2774 inter
699 2730 765 2772 se
808 2714 1168 2775 committere
1223 2714 1484 2793 solebat,
1538 2716 1843 2795 proposita
1888 2731 2005 2773 non
2059 2712 2245 2774 solum
2284 2715 2532 2773 materia

510 2813 678 2877 quam
708 2795 1067 2874 scriberent,
1094 2797 1198 2859 sed
1225 2807 1283 2859 et
1307 2800 1566 2878 praemio
1597 2799 1752 2879 quod
1776 2800 1964 2859 victor
1988 2797 2264 2857 auferret.
2311 2794 2378 2855 Id
2404 2805 2534 2856 erat

509 2881 661 2941 liber
689 2880 898 2961 aliquis
931 2882 1228 2961 antiquus,
1261 2883 1506 2963 pulcher
1536 2892 1631 2944 aut
1659 2884 1864 2944 rarior.
1927 2882 2121 2957 Quare
2152 2879 2223 2941 ab
2254 2878 2529 2957 Augusto
2550 2902 2601 2943 so

512 2983 742 3045 quoque
773 2965 1084 3044 nepotibus
1115 2968 1238 3026 eius
1263 2976 1620 3045 praeceptor
1640 2968 1863 3027 electus
1880 3011 1897 3043 ,
1922 2966 2144 3025 transiit
2167 2966 2224 3023 in
2248 2961 2533 3023 Palatium

512 3068 638 3109 cum
669 3058 793 3111 tota
823 3050 1060 3128 schola,
1104 3069 1304 3111 verum
1350 3060 1410 3110 ut
1454 3069 1529 3110 ne
1571 3069 1742 3130 quem
1774 3050 2030 3130 amplius
2076 3046 2325 3127 posthac
2357 3047 2533 3107 disci-

508 3133 704 3211 pulum
740 3135 1062 3213 reciperet:
1107 3134 1418 3213 docuitque
1462 3136 1517 3194 in
1567 3137 1712 3196 atrio
1746 3133 2044 3195 Catulinae
2092 3132 2325 3208 domus,
2380 3148 2534 3211 quae

509 3233 646 3293 pars
679 3216 882 3278 Palatii
913 3226 1050 3278 tunc
1087 3228 1244 3295 erat,
1277 3228 1335 3278 et
1373 3228 1616 3279 centena
1648 3220 1920 3279 sestertia
1954 3218 2011 3277 in
2041 3234 2244 3278 annum
2278 3216 2533 3295 accepit.

507 3297 782 3357 Decessit
825 3303 1030 3361 aetatis
1079 3312 1323 3363 exactae
1366 3302 1472 3361 snb
1504 3300 1760 3364 Tiberio.
1837 3302 2092 3363 Statuam
2132 3298 2310 3359 habet
2349 3298 2530 3360 Prae·
2554 3306 2607 3349 ³⁵

509 3390 706 3458 neste,
747 3384 828 3463 in,
847 3387 1150 3462 superiore
1190 3387 1303 3447 fori
1333 3396 1501 3466 parte
1539 3387 1693 3447 circa
1729 3384 2163 3461 hemicyclium,
2206 3385 2266 3443 in
2297 3400 2416 3462 quo
2449 3382 2535 3442 fa-

512 3474 637 3525 stos
667 3483 700 3526 a
729 3483 794 3525 se
827 3466 1123 3529 ordinatos
1154 3479 1214 3529 et
1245 3486 1572 3530 marmoreo
1611 3471 1815 3549 parieti
1847 3469 2065 3530 incisos
2095 3466 2447 3547 publicarat.
2612 3532 2621 3539 ‚

427 3559 494 3614 18
635 3547 698 3609 L.
724 3547 1079 3630 Crassicius,
1104 3570 1328 3629 genere
1354 3554 1721 3630 Tarentinus,
1748 3553 1962 3613 ordinis
1988 3552 2273 3629 libertini,
2312 3566 2535 3628 cogno·
