2700 4234
517 276 600 341 98
667 287 726 336 c,
763 283 1062 335 snE‘rom
1097 282 1355 344 ramo.
1380 283 1476 330 Du
1512 283 1677 332 vrrs
1710 283 2081 334 CAESARUM
2114 286 2253 334 Lm.
2280 288 2381 336 111.

520 442 922 526 praetorianis.
979 439 1401 502 Germaniciani
1426 439 1654 518 quidem
1684 440 1853 500 etiam
1884 440 2211 520 principem
2242 441 2519 505 detracta

519 530 656 592 bant
685 543 802 588 non
833 545 866 587 a
895 544 959 586 se
990 525 1211 600 datum,
1249 540 1579 603 summaque
1618 523 1674 582 vi
1707 523 2139 602 Germanicum,
2184 526 2279 605 qui
2309 535 2429 586 tum
2465 529 2544 587 iis

519 619 821 694 praeerat,
852 610 924 671 ad
948 607 1365 688 capessendam
1392 625 1514 666 rem
1541 625 1597 686 p.
1628 607 1947 684 urgebant,
1984 626 2321 688 quamquam
2350 609 2541 671 obfir-

517 706 670 758 mate
697 697 1085 756 resistentem.
1149 691 1334 766 Quem
1365 694 1609 750 maxime
1644 709 1836 752 casum
1870 694 2109 771 timens,
2152 700 2373 772 partes
2404 695 2547 756 sibi
2655 731 2656 744 2

519 798 681 863 quas
707 779 954 840 senatui
981 775 1230 851 liberet,
1273 775 1537 835 tuendas
1570 777 1635 836 in
1660 794 1731 836 re
1752 794 1819 853 p.
1855 776 2235 856 depoposcit,
2273 779 2541 857 quando
2567 796 2591 835 ε
2655 771 2656 794 i

515 865 848 926 universae
876 859 1166 939 sufficere
1193 858 1369 920 solus
1396 878 1570 920 nemo
1594 867 1845 937 posset,
1877 861 2003 921 nisi
2036 879 2173 922 cum
2200 862 2397 923 altero
2435 864 2545 924 vel
2655 885 2656 898 ÷

518 948 702 1011 etiam
731 964 865 1007 cum
888 943 1200 1024 pluribus.
1263 943 1565 1002 Simulavit
1590 951 1647 1003 et
1672 943 2059 1021 valitudinem,
2095 963 2210 1024 quo
2243 948 2539 1024 aequiore

517 1033 703 1094 animo
728 1030 1099 1092 Germanicus
1128 1027 1384 1087 celerem
1414 1028 1850 1087 successionem
1874 1028 1969 1089 vel
1996 1039 2157 1088 certe
2184 1031 2541 1092 societatem

517 1117 876 1196 principatus
917 1113 1304 1193 opperiretur.
1370 1107 1722 1190 Compositis
1750 1111 2131 1172 seditionibus
2168 1112 2539 1176 Clementem

518 1217 780 1280 quoque,
819 1197 1021 1258 fraude
1059 1195 1395 1274 deceptum,
1440 1194 1670 1272 redegit
1710 1196 1766 1254 in
1797 1205 2165 1274 potestatem.
2223 1197 2537 1276 Libonem,
2560 1218 2600 1258 ιο

515 1303 590 1343 ne
634 1281 768 1361 quid
809 1283 866 1340 in
907 1282 1163 1340 novitate
1195 1279 1463 1340 acerbius
1493 1280 1695 1356 fieret,
1742 1279 2001 1341 secundo
2036 1281 2259 1340 demum
2288 1299 2445 1342 anno
2479 1287 2537 1344 in

515 1375 718 1428 senatu
763 1365 1056 1442 coarguit,
1091 1363 1283 1424 medio
1321 1364 1599 1443 temporis
1648 1363 1837 1442 spatio
1882 1373 2096 1424 tantum
2141 1383 2349 1425 cavere
2384 1385 2534 1426 con-

515 1459 735 1528 tentus;
767 1467 897 1510 nam
930 1457 988 1509 et
1014 1451 1166 1509 iuter
1201 1449 1508 1527 pontifices
1534 1448 1881 1508 sacrificanti
1904 1449 2072 1508 simul
2096 1466 2203 1528 pro
2230 1453 2536 1530 secespita

515 1533 846 1615 plumbeum
887 1533 1130 1593 cultrum
1159 1531 1556 1592 subiciendum
1599 1532 1852 1608 curavit,
1893 1540 1952 1592 et
1982 1543 2271 1594 secretum
2300 1538 2537 1612 petenti

513 1619 740 1680 nonnisi
771 1617 1024 1678 adhibito
1054 1617 1246 1676 Druso
1290 1616 1409 1677 iilio
1442 1615 1625 1692 dedit,
1686 1614 2061 1696 dextramque
2095 1616 2529 1680 obambulantis
2556 1640 2598 1680 15

514 1702 694 1764 veluti
723 1701 1085 1778 incumbens,
1127 1700 1314 1780 quoad
1345 1709 1729 1779 perageretur
1761 1717 1986 1776 serm0,
2020 1703 2313 1762 continuit.
2372 1719 2391 1724 “

427 1809 497 1863 25
642 1789 859 1848 Verum
901 1786 1176 1846 liberatus
1215 1792 1403 1862 metu,
1450 1783 1680 1843 civilem
1716 1783 2017 1845 admodum
2061 1785 2209 1846 inter
2250 1787 2407 1848 initia
2453 1807 2527 1849 ac

514 1871 688 1951 paulo
729 1872 911 1928 minus
957 1886 1126 1947 quam
1171 1870 1451 1945 privatum
1495 1869 1632 1946 egit.
1704 1867 1798 1927 Ex
1838 1867 2098 1946 plurimis
2138 1872 2527 1951 maximisque

510 1952 830 2014 honoribus
870 1962 1106 2029 praeter
1151 1968 1373 2029 paucos
1413 1960 1471 2012 et
1507 1951 1773 2012 modicos
1804 1969 1919 2012 non
1954 1955 2199 2033 recepit.
2252 1954 2527 2017 Natalem

510 2055 700 2114 suum,
744 2035 974 2115 plebeis
1015 2037 1405 2097 incurrentem
1450 2034 1839 2114 circensibus,
1888 2039 1987 2096 vix
2020 2040 2185 2098 unius
2214 2038 2392 2116 bigae
2428 2041 2527 2101 ad·
2546 2063 2597 2104 2⁰

507 2123 760 2182 iectione
805 2120 1078 2181 honorari
1113 2138 1321 2200 passus
1365 2128 1473 2180 est.
1534 2120 1805 2199 Templa,
1842 2121 2133 2200 flamines,
2178 2122 2531 2186 sacerdotes

510 2207 746 2267 decerni
781 2205 893 2266 sibi
925 2205 1247 2284 prohibuit,
1281 2205 1455 2265 etiam
1486 2213 1703 2265 statuas
1732 2213 1904 2284 atque
1934 2207 2215 2284 imagines
2250 2209 2358 2267 nis-i
2389 2227 2527 2289 per-

507 2292 767 2351 mittente
811 2308 877 2351 se
926 2291 1094 2368 poni:
1140 2289 1516 2369 permisitque
1560 2307 1627 2349 ea
1674 2287 1802 2349 sola
1847 2289 2215 2369 conditione,
2260 2310 2335 2351 ne
2369 2293 2529 2354 inter

508 2375 812 2436 simulacra
857 2374 1097 2435 deorum
1139 2372 1245 2434 sed
1292 2375 1443 2433 inter
1498 2381 1831 2434 ornamenta
1872 2373 2095 2434 aedium
2140 2387 2525 2455 ponerentur.

506 2460 848 2521 Intercessit
893 2467 952 2518 et
993 2476 1108 2537 quo
1144 2459 1330 2517 minus
1361 2459 1419 2517 in
1449 2466 1579 2518 acta
1616 2475 1718 2516 sua
1748 2459 2065 2536 iuraretur,
2107 2468 2167 2519 et
2195 2479 2268 2520 ne
2302 2463 2595 2521 mensiszs

508 2542 858 2622 September
888 2541 1176 2619 Tiberius,
1210 2540 1471 2602 October
1500 2541 1693 2600 Livius
1724 2551 2091 2602 vocarentur.
2157 2543 2527 2606 Praenomen

508 2645 742 2707 quoque
785 2626 1288 2704 imperatoris
1335 2643 1780 2704 cognomenque
1812 2626 2049 2704 patris
2090 2629 2418 2707 patriae,
2464 2625 2545 2688 et‘

509 2712 750 2772 civicam
803 2711 862 2770 in
918 2709 1208 2770 vestibulo
1267 2727 1544 2770 coronam
1585 2711 1904 2780 recusavit:
1967 2729 2036 2770 ac
2080 2729 2154 2770 ne
2196 2711 2525 2790 Augusti

506 2795 734 2876 quidem
775 2812 1016 2872 nomen,
1062 2812 1401 2875 quamquam
1439 2793 1875 2871 hereditarium,
1922 2793 2054 2854 ullis
2098 2797 2205 2854 nisi
2238 2795 2310 2856 ad
2340 2815 2526 2874 reges

507 2899 577 2940 ac
623 2879 894 2955 dynastas
945 2878 1212 2959 epistolis
1257 2878 1491 2940 addidit.
1550 2877 1677 2938 Nec
1724 2878 1966 2957 amplius
2006 2896 2175 2956 quam
2216 2898 2355 2940 mox
2399 2889 2593 2944 tresso

508 2963 870 3043 consulatus,
928 2982 1098 3023 unum
1152 2965 1354 3042 paucis
1407 2960 1932 3037 diebus,-alterum
1972 2961 2155 3022 tribus
2196 2964 2522 3041 mensibuS,

503 3051 732 3110 tertium
763 3047 977 3110 absens
1003 3065 1187 3127 usque
1215 3049 1270 3106 in
1297 3046 1432 3107 Idus
1460 3045 1640 3106 Maias
1673 3045 1878 3123 gessit.

415 3147 482 3203 27
626 3132 1006 3194 Adulationes
1049 3131 1197 3192 adeo
1240 3139 1541 3191 aversatus
1584 3139 1707 3206 est,
1759 3139 1820 3190 ut
1861 3133 2143 3190 neminem
2186 3139 2523 3191 senatorum

504 3227 600 3279 aut
629 3218 809 3278 oflicii
841 3225 938 3278 aut
968 3217 1191 3293 negotii
1221 3233 1395 3275 causa
1429 3213 1500 3274 ad
1533 3213 1803 3274 lecticam
1835 3233 1992 3275 suam
2028 3214 2346 3291 admiserit,
2382 3232 2523 3275 con-

504 3302 754 3361 sularem
785 3319 961 3377 vero,
995 3300 1445 3360 satisfacientem
1472 3297 1583 3357 sibi
1616 3317 1685 3358 ac
1716 3317 1824 3377 per
1854 3317 2045 3378 genua
2080 3316 2253 3359 orare
2301 3317 2520 3360 conan-
2540 3307 2591 3349 δι’·

501 3395 616 3445 tem
639 3430 656 3461 ,
701 3385 779 3443 ita
821 3384 1127 3461 suffugerit
1172 3392 1233 3443 ut
1261 3382 1497 3444 caderet
1529 3384 1798 3462 supinus;
1844 3393 2016 3464 atque
2052 3385 2255 3459 etiam,
2300 3383 2350 3442 si
2381 3383 2523 3462 quid

500 3471 559 3529 in
589 3484 857 3528 sermone
886 3468 986 3529 vel
1023 3469 1080 3527 in
1112 3469 1379 3528 contiuua
1412 3468 1678 3527 oratione
1700 3465 1965 3528 blandius
2000 3468 2072 3528 de
2102 3485 2169 3528 se
2199 3466 2520 3545 diceretur,

473 3569 618 3650 ‘non
671 3551 958 3613 dubitaret
1003 3550 1381 3630 interpellare
1430 3569 1501 3610 ac
1554 3550 1990 3630 reprehendere
2046 3560 2106 3611 et
2162 3560 2521 3612 commutare

489 4112 773 4138 ******

419 4153 688 4208 κ
1976 4201 2073 4207 „m
2618 4177 2634 4207 2
