2700 4234
923 378 1136 426 mvus
1173 377 1557 426 Aneusrus.
2177 367 2257 428 59

251 535 646 612 ordinavitque
668 576 686 608 ‚
719 540 908 592 motus
943 532 1146 592 iniuria
1179 533 1499 610 senatoris,
1537 551 1705 612 quem
1735 531 1992 593 Puteolis
2024 551 2133 613 per
2165 554 2259 596 ce-

246 619 589 681 leberrimos
620 615 790 676 ludos
824 634 1106 677 consessu
1135 617 1429 696 frequenti
1470 634 1639 677 nemo
1667 626 1998 696 receperat.
2078 618 2259 678 Facto

244 705 416 782 igitur
464 701 707 762 decreto
754 708 979 779 patrum
1012 709 1100 778 ut,
1149 703 1419 779 quotiens
1465 700 1601 780 quid
1652 701 1975 781 spectaculi
2020 719 2259 780 usquam

245 785 478 868 publice
510 784 808 861 ederetur,
845 786 1065 864 primus
1107 784 1519 844 subselliorum
1554 785 1700 845 ordo
1742 794 1983 844 vacaret
2026 795 2256 845 senato·

199 870 428 947 aribus,
462 870 685 931 Romae
718 867 949 945 legatos
978 868 1286 929 liberarum
1333 869 1737 947 sociarumque
1776 871 2033 945 gentium
2078 871 2261 929 vetuit

240 957 298 1014 in
353 954 658 1014 orchestra
698 951 940 1030 sedere,
998 971 1123 1012 cum
1175 952 1452 1032 quosdam
1498 953 1668 1013 etiam
1722 952 1975 1013 libertini
2016 955 2257 1030 generis

241 1040 380 1098 mitti
436 1036 861 1118 deprendisset.
951 1035 1194 1097 Militem
1241 1037 1499 1096 secrevit
1548 1055 1580 1096 a
1633 1036 1875 1115 populo,
1952 1035 2173 1102 Maritis
2223 1055 2256 1096 e

241 1121 415 1206 plebe
445 1120 726 1199 proprios
759 1120 992 1180 ordines
1017 1121 1370 1197 assignavit,
1402 1122 1780 1199 praetextatis
1807 1137 2049 1180 cuneum
2074 1139 2255 1197 suum,

243 1215 301 1266 et
331 1206 652 1284 proximum
685 1202 1084 1282 paedagogis,
1133 1205 1437 1282 sanxitque
1468 1222 1542 1263 ne
1578 1205 1706 1282 quis
1750 1203 2255 1283 Μωα-

181 1308 228 1348 ιο
245 1290 336 1350 dia
369 1307 548 1348 cavea
577 1287 831 1347 sederet.
874 1287 1130 1348 Feminis
1158 1307 1230 1348 ne
1262 1287 1622 1365 gladiatores
1654 1288 1910 1366 quidem,
1942 1306 2090 1366 quos
2122 1305 2255 1366 pro-

241 1375 458 1433 miscue
499 1373 757 1450 spectari
799 1371 1084 1432 sollemne
1130 1371 1264 1431 olim
1307 1379 1466 1448 erat,
1515 1373 1626 1431 nisi
1678 1390 1754 1432 ex
1784 1373 2089 1451 superiore
2118 1372 2256 1432 loco

242 1466 511 1536 spectare
571 1456 884 1515 concessit.
981 1454 1139 1515 Solis
1187 1454 1513 1532 virginibus
1564 1456 1901 1517 Vestalibus
1954 1456 2146 1516 locum
2199 1456 2257 1514 in

241 1541 492 1617 theatro,
527 1539 841 1618 separatim
873 1546 932 1598 et
963 1548 1165 1600 contra
1197 1540 1491 1618 praetoris
1521 1538 1791 1615 tribunal,
1830 1539 2005 1599 dedit.
2051 1538 2255 1599 Athle-

242 1633 418 1687 tarum
449 1640 598 1685 vero
633 1621 971 1701 spectaculo
1003 1623 1284 1682 muliebre
1316 1641 1491 1682 secus
1526 1639 1695 1682 omne
1735 1624 1881 1683 adeo
1927 1622 2256 1697 summovit,

179 1715 298 1767 isut
336 1704 768 1788 pontificalibus
814 1705 967 1780 ludis
1005 1706 1263 1784 pugilum
1308 1725 1415 1786 par
1463 1705 1819 1785 postulatum
1862 1706 2149 1765 distulerit
2200 1707 2257 1764 in

239 1790 602 1870 insequentis
644 1789 759 1849 diei
815 1791 1145 1851 matutinum
1197 1799 1455 1869 tempus,
1523 1789 1919 1868 edixeritque,
1969 1789 2259 1850 mulieres

242 1882 380 1936 ante
408 1875 635 1937 horam
665 1873 937 1952 quintam
962 1875 1174 1934 venire
1199 1875 1264 1934 in
1287 1873 1612 1951 theatrum,
1648 1892 1774 1936 non
1797 1874 2073 1952 placere.
2120 1873 2255 1952 Ipse
2273 1883 2338 1936 45

244 1960 540 2020 circenses
585 1976 661 2016 ex
694 1957 1007 2018 amicorum
1050 1959 1177 2017 sere
1218 1958 1675 2037 libertorumque
1735 1958 2066 2019 caenaculis
2121 1974 2253 2035 spe-

244 2042 459 2121 ctabat,
511 2041 798 2103 interdum
845 2061 920 2101 ex
963 2042 1283 2120 pulvinari,
1343 2051 1403 2102 et
1449 2043 1677 2120 quidem
1722 2061 1849 2102 cum
1892 2044 2142 2118 coniuge
2186 2060 2257 2100 ac

178 2147 226 2188 ιο
242 2125 435 2187 liberis
479 2125 718 2185 sedens,
797 2126 1152 2204 Spectaculo
1196 2126 1473 2205 plurimas
1506 2125 1714 2202 horaS‚
1754 2109 2063 2204 aliqdando
2097 2133 2255 2185 totos

241 2209 360 2270 dies
403 2209 643 2286 aberat,
698 2211 878 2286 petita
921 2211 1092 2269 venia
1134 2208 1668 2288 commendatisque
1713 2210 1812 2287 qui
1854 2227 2013 2268 suam
2063 2209 2255 2269 vicem

239 2291 627 2372 praesidendo
682 2292 1079 2370 fungerentur.
1172 2295 1392 2354 Verum
1455 2294 1724 2372 quotiens
1790 2292 2058 2370 adesset,
2114 2292 2254 2350 nihil

241 2386 548 2454 praeterea
594 2375 842 2453 agebat,
897 2396 1000 2436 seu
1040 2376 1258 2437 vitandi
1307 2377 1557 2437 rumoris
1608 2394 1809 2454 causa,
1861 2394 1976 2456 quo
2030 2385 2254 2455 patrem

243 2457 557 2521 Caesarem
611 2459 789 2537 vulgo
839 2460 1260 2539 reprehensum
1314 2461 1837 2538 commemorabat,
1890 2459 2045 2538 quod
2104 2461 2253 2518 inter

181 2566 227 2608 25
244 2543 618 2621 spectandum
670 2543 936 2624 epistolis
987 2543 1319 2623 libellisque
1370 2544 1637 2622 legendis
1694 2554 1791 2606 aut
1855 2543 2253 2604 rescribendis

241 2636 506 2703 vacaret,
565 2645 669 2686 seu
713 2627 904 2687 studio
952 2629 1255 2706 spectandi
1300 2647 1372 2688 ac
1414 2629 1749 2709 voluptate,
1805 2646 1917 2707 qua
1958 2627 2145 2688 teneri
2189 2645 2253 2686 se

242 2727 424 2788 neque
461 2711 843 2771 dissimulavit
883 2730 1150 2790 umquam
1194 2721 1256 2772 et
1293 2730 1475 2791 saepe
1519 2714 1772 2790 ingenue
1804 2712 2109 2791 professus
2138 2721 2248 2770 est.

242 2792 435 2871 Itaque
467 2793 781 2856 corollaria
824 2804 882 2854 et
914 2797 1168 2874 praemia
1208 2799 1265 2856 in
1296 2796 1502 2856 alienis
1547 2813 1778 2874 quoque
1808 2796 2139 2855 muneribus
2182 2813 2251 2854 ac

243 2875 383 2936 ludis
414 2887 474 2938 et
508 2876 715 2938 crebra
750 2887 807 2938 et
823 2879 1071 2955 grandia
1107 2880 1178 2940 de
1221 2897 1325 2939 suo
1380 2879 1694 2955 offerebat,
1739 2878 1993 2957 nullique
2023 2877 2249 2940 Graeco

181 2963 538 3022 zocertamini
568 2961 856 3038 interfuit,
891 2980 1004 3040 quo
1039 2981 1155 3024 non
1190 2980 1298 3043 pro
1323 2964 1531 3023 merito
1582 2980 1867 3041 quemque
1913 2963 2252 3023 certantium

244 3041 562 3105 honorarit.
631 3045 934 3125 Spectavit
959 3055 1148 3106 autem
1179 3045 1598 3107 studiosissime
1644 3047 1874 3125 pugiles
1906 3053 1965 3104 et
2004 3048 2251 3105 maxime

244 3123 503 3205 LatinoS,
555 3147 674 3190 non
716 3129 1010 3206 legitimos
1055 3139 1225 3209 atque
1268 3131 1593 3192 ordinarios
1632 3131 1837 3208 modo,
1884 3146 2032 3208 quos
2082 3130 2253 3188 etiam

249 3214 599 3273 committere
635 3232 767 3284 cum,
799 3211 1042 3278 Graecis
1075 3214 1337 3291 solebat,
1386 3214 1491 3274 sed
1522 3223 1580 3275 et
1614 3214 1975 3274 catervarios
2010 3213 2250 3293 oppida-

248 3309 380 3372 nos,
410 3297 562 3356 inter
593 3299 889 3376 angustias
920 3300 1180 3360 vicorum
1224 3301 1533 3378 pugnantis
1575 3307 1795 3358 temere
1835 3316 1906 3358 ac
1946 3298 2072 3358 sine
2107 3307 2249 3358 arte.

189 3374 586 3440 ⁸⁵Universum
615 3381 862 3461 denique
897 3400 1084 3460 genus
1116 3399 1332 3462 operas
1373 3383 1595 3462 aliquas
1626 3382 1861 3462 publico
1906 3381 2249 3461 spectaculo

253 3461 640 3534 praebentium
681 3468 850 3526 etiam
896 3485 1031 3527 cura
1067 3484 1168 3526 sua
1204 3467 1471 3544 dignatus
1502 3476 1619 3528 est:
1658 3466 1891 3527 athletis
1922 3474 1981 3526 et
2013 3484 2247 3526 conser-

253 3547 400 3606 vavit
443 3548 757 3628 privilegia
801 3558 859 3609 et
899 3549 1223 3629 ampliavit;
1268 3550 1631 3628 gladiatores
1680 3553 1805 3612 sine
1844 3550 2123 3609 missione
2154 3547 2249 3606 edi

254 3626 564 3703 prohibuit;
619 3634 1036 3694 coercitionem
1101 3639 1159 3693 in
1210 3634 1525 3694 histriones
1575 3631 2039 3712 magistratibus,
2096 3630 2249 3689 omni
