2700 4234
926 374 1241 423 PRAEFAT
1250 376 1342 424 10.
1946 378 2012 427 <31

331 534 611 593 Flosculis
654 540 820 605 atque
862 532 1053 589 herbis
1096 550 1127 589 e
1174 533 1337 589 Prato
1379 532 1662 605 decerptis
1705 534 2015 592 adalanum

224 620 430 695 quoque
471 617 793 681 iudicarem
829 622 992 687 caput
1041 617 1121 671 de
1166 616 1468 674 vocibus
1525 616 2014 689 animantium,

223 706 265 761 si
316 704 387 761 de
435 700 768 757 auctoritate
834 699 1000 771 paulo
1060 699 1316 756 securior
1371 716 1565 755 essem.
1655 701 1824 757 Solus
1871 703 2016 757 enim

222 785 563 845 Boxhornius
622 776 690 839 ad
732 782 908 837 Plauti
949 782 1335 839 Menaechmos
1379 774 1448 853 21,
1509 790 1573 852 2,
1635 790 1699 843 91
1757 779 2016 842 ‘Vetus

221 866 719 941 grammaticus
766 865 1153 935 Sidonius,
1192 866 1407 937 inqult‚
1449 867 1606 922 cuius
1652 868 2017 938 fragmentum

222 956 283 1009 de
312 952 550 1009 vocibus
582 948 933 1005 animantium
975 948 1031 1003 in
1064 948 1278 1020 aliquot
1308 948 1612 1007 Glossariis
1647 950 1856 1007 nostris
1889 967 2015 1007 mss.

220 1037 447 1107 legitur:
492 1040 693 1089 noctua
734 1031 1021 1087 cucubat'.
1110 1031 1394 1089 Eiusmodi
1438 1033 1720 1104 glossaria
1755 1033 1826 1089 de
1861 1034 2016 1090 sonis

218 1118 529 1175 animalium
557 1117 668 1172 duo
692 1114 985 1171 Leidensia
1018 1114 1192 1171 edidit
1213 1117 1549 1171 Burmannus
1580 1116 1636 1171 in
1657 1116 2022 1187 Anthologia‚

219 1200 645 1257 vetustissimum
688 1198 1001 1269 exemplum
1026 1198 1384 1268 Aldhelmus‚
1426 1198 1518 1269 qui
1560 1215 1608 1254 a.
1641 1205 1744 1259 709
1774 1205 2021 1255 mortuus

220 1290 322 1349 est,
361 1282 607 1338 servavit
642 1282 787 1352 apud
820 1282 887 1335 A.
914 1280 1114 1335 Maium
1143 1280 1199 1335 in
1234 1281 1502 1339 Classicis
1533 1290 1564 1341 5
1597 1299 1652 1354 p.
1689 1283 1778 1339 Lll
1813 1288 1870 1337 et
1897 1288 2017 1342 569.

225 1366 338 1421 Sed
362 1358 734 1435 Sidonium·⁹⁸)
758 1365 1171 1433 grammaticum
1203 1372 1429 1437 praeter
1451 1366 1848 1435 Boxhornium,
1878 1365 2023 1421 levis

224 1446 573 1505 auctoritatis
608 1446 907 1515 hominem,
951 1446 1007 1501 in
1048 1448 1155 1503 hac
1203 1464 1266 1503 re
1309 1464 1469 1504 nemo
1502 1448 1836 1520 appellavit;
1883 1447 2024 1504 alio-

222 1532 351 1603 quin
384 1532 525 1586 haec
555 1530 847 1586 verborum
878 1530 946 1585 de
992 1530 1149 1585 sonis
1198 1530 1510 1587 animalium
1542 1532 1885 1587 enumeratio
1915 1546 2024 1587 non

222 1614 575 1670 iniucundum
603 1612 883 1668 Pratorum
917 1618 1083 1685 caput
1112 1612 1295 1671 videri
1327 1620 1524 1685 posset
1552 1614 1894 1685 implevisse.

345 1696 595 1768 Denique
622 1696 817 1767 paucis
850 1696 1143 1752 dicendum
1177 1702 1264 1751 est
1301 1698 1372 1751 de
1406 1696 1478 1751 iis
1516 1696 1710 1766 libris,
1754 1712 1894 1767 quos
1937 1696 2024 1750 ine-
2079 1701 2246 1745 Pseudo
2223 1712 2313 1754 οω-

221 1781 363 1837 iuria
396 1780 613 1851 quidam
642 1797 671 1835 a
708 1778 979 1837 Suetonio
1003 1779 1249 1851 scriptos
1282 1796 1412 1835 esse
1445 1780 1656 1852 opinati
1681 1784 1824 1836 sunt.

2110 1752 2286 1805 stapha-

343 1862 430 1919 Ac
478 1864 710 1934 primum
762 1862 983 1933 quidem
1032 1864 1540 1920 commemorandus
1582 1867 1668 1919 est
1718 1877 1879 1919 error
1930 1861 2025 1917 vix
2043 1862 2247 1905 commen
2249 1858 2347 1901 ‘⁸11¹

227 1947 510 2003 eredibilis
542 1963 607 2002 ac
644 1952 825 2000 tamen
859 1946 1029 2015 longe
1060 1944 1265 2017 diuque
1300 1952 1569 2017 vagatus,
1615 1962 1724 2017 quo
1763 1946 2022 2001 Caesa-

226 2031 287 2086 ri
308 2046 335 2085 a
358 2030 423 2083 ni
454 2030 489 2085 b
512 2029 645 2085 elli
683 2028 867 2083 Galli
888 2028 950 2083 ci
990 2035 1414 2101 ceterorumque
1457 2031 1577 2085 eius
1615 2028 1872 2101 corporis
1900 2030 2027 2085 hel-

223 2115 401 2170 lorum
428 2112 673 2183 scriptor
711 2111 1011 2179 Suetonius
1045 2111 1398 2181 Tranquillus
1439 2112 1662 2169 habitus
1697 2119 1803 2168 est.
1891 2112 2028 2167 Eum

226 2212 473 2252 errorem
514 2196 584 2250 de
624 2193 977 2249 Caesarianis
1020 2194 1343 2265 codicibus,
1389 2201 1450 2251 ut
1493 2196 1708 2267 aliquot
1756 2194 2028 2266 exemplis

224 2282 365 2347 utar,
398 2276 811 2347 Bongarsianus
846 2276 1258 2347 antiquissimus
1286 2284 1342 2333 et
1365 2278 1604 2350 optimus
1635 2278 1822 2333 statim
1849 2277 2030 2349 primo

221 2362 368 2417 libro
400 2362 623 2415 ineunte
658 2376 792 2431 prae
822 2375 886 2415 se
910 2359 1036 2427 fert,
1066 2365 1176 2415 tum
1201 2360 1634 2431 Hamburgensis
1662 2359 1812 2416 libro
1841 2361 1945 2415 VII
1975 2364 2034 2415 et

220 2444 348 2499 VIII
382 2450 668 2510 extrem0,
701 2440 1056 2497 Colbertinus
1088 2447 1224 2503 2957
1257 2444 1403 2515 apud
1431 2444 1818 2511 Montfaucou,
1857 2442 2034 2499 Medi-

221 2544 357 2583 ceus
387 2524 641 2593 LXVIII,
674 2530 705 2584 7
751 2525 818 2581 de
850 2540 958 2595 quo
987 2542 1155 2597 supra
1197 2544 1251 2598 p.
1286 2527 1462 2582 XXIV
1491 2527 1696 2584 dictum
1727 2532 1832 2581 est.
1919 2524 2034 2579 Ac-

224 2610 390 2665 cedat
418 2607 873 2663 Vindobouensis
914 2608 1105 2663 codex
1144 2613 1244 2679 60,
1296 2610 1587 2666 historiam
1618 2608 2032 2665 miscellaneam
2109 2624 2114 2629 ·

222 2692 466 2748 nondum
505 2690 695 2746 formis
732 2689 1050 2761 impressam
1094 2692 1419 2761 continens,
1463 2692 1519 2749 in
1552 2709 1660 2764 qua
1694 2692 1842 2747 bella
1875 2690 2035 2747 dein-

225 2790 361 2845 ceps
389 2773 656 2829 Gallicum
680 2772 857 2828 Civile
872 2772 1194 2829 Africanum
1213 2775 1648 2832 Alexandrinum
1664 2774 2035 2845 Hispaniense

222 2856 245 2888 ἒ
266 2872 296 2911 a
330 2856 595 2912 Suetonio
626 2854 801 2910 milite
834 2854 1092 2911 Caesaris
1124 2863 1181 2911 et
1212 2858 1404 2913 forsan
1437 2873 1651 2930 proavo
1685 2857 1806 2911 eius
1837 2855 1930 2927 qui
1966 2856 2037 2912 de

224 2938 343 2994 vita
377 2938 672 2995 Caesarum
702 2932 963 3008 scripsit'
1001 2940 1309 3011 composita
1355 2956 1484 2996 esse
1525 2940 1830 2995 traduntur.
1925 2936 2038 2993 Sed

222 3023 373 3077 idem
408 3037 567 3077 error
597 3019 1012 3091 antiquissimus
1042 3026 1143 3084 est,
1180 3039 1300 3079 cum
1326 3022 1519 3095 quinto
1550 3022 1780 3078 saeculo
1813 3021 2039 3076 ineunte

224 3103 462 3161 Orosius
491 3102 545 3159 in
574 3102 862 3174 Hispania,
898 3103 1080 3159 medio
1112 3104 1376 3162 Sidonius
1404 3104 1750 3177 Apollinaris
1774 3104 1829 3159 in
1862 3102 2040 3159 Gallia

226 3188 279 3242 ei
315 3186 595 3243 obnoxius
636 3185 823 3241 fuerit.
909 3185 1012 3240 Ille
1045 3186 1189 3242 enim
1231 3203 1334 3243 suo
1368 3186 1828 3243 Caesarianorum
1856 3185 2042 3241 hello-

224 3287 347 3373 rum
374 3268 703 3337 summario,
734 3268 884 3339 quod
920 3284 992 3323 ex
1022 3270 1418 3341 superstitibus
1447 3270 1576 3327 Divi
1605 3270 1734 3325 Iulii
1766 3284 2012 3324 commen

364 3411 461 3475 98)
537 3410 701 3479 Supra
756 3414 975 3465 vidimus
1023 3430 1074 3480 p.
1114 3414 1274 3467 XCIV
1320 3416 1550 3469 Suetonii
1589 3431 1772 3469 nomen
1810 3414 2022 3479 frequen

220 3490 303 3530 ter
334 3496 389 3530 m
429 3479 679 3531 Sitonium
720 3490 769 3531 et
810 3480 1075 3533 Sidonium
1114 3485 1297 3537 abisse.
1374 3486 1447 3535 De
1484 3485 1692 3536 Sidonio
1727 3484 1911 3535 CiterIo
1952 3482 2021 3547 Sy

220 3562 478 3599 racusano
494 3585 507 3611 ,
556 3551 641 3613 qui
672 3550 888 3601 Ausonii
930 3552 1155 3615 aequalis
1186 3552 1349 3605 fuisse
1387 3554 1602 3617 dicitur,
1659 3568 1741 3603 res
1773 3552 2044 3603 admodum

220 3626 469 3683 suspecta
504 3626 609 3677 est,
651 3632 716 3667 an
751 3632 993 3682 umquam
1029 3622 1230 3673 vixerit.

2071 1909 2336 1955 Caesariani.
