2700 4234
613 260 836 307 XLVIII
1289 256 1708 313 PRAEFATIO.

618 418 722 475 riz.
755 418 823 473 ed
839 417 1020 475 Rom2
1053 432 1158 488 pro
1189 416 1541 487 lustravitque
1570 407 1597 491 ΙΙ
1624 421 1759 483 220,
1790 419 1822 473 7
1856 415 2010 469 solvit
2038 413 2269 469 edBasil
2294 422 2443 474 1533

617 518 722 575 pro
752 501 916 555 coluit
950 494 959 577 Ι
997 507 1032 561 9
1058 498 1501 569 circumforaneo
1527 497 1841 555 Sabellicus
1872 512 1975 569 pro
2000 497 2433 569 circumforano,

619 584 724 641 cfr.
758 584 874 639 Cic.
917 599 1021 655 pro
1056 582 1312 638 Cluentio
1345 587 1441 652 14,
1474 587 1543 645 40
1578 573 1590 660 Ι
1626 586 1695 639 25
1729 581 2284 653 phoenicopterorum
2318 597 2434 651 ego

618 684 722 740 pro
758 667 1246 740 phoenicopterum
1305 660 1315 743 Ι
1374 671 1445 724 30
1488 664 1667 737 farra
1710 665 1817 725 cod
1842 658 1999 719 Frib.
2021 663 2191 721 Basil.
2236 663 2307 718 al.
2360 665 2437 719 ed

619 752 754 808 Rom
767 759 818 810 1.
851 757 902 809 2.
940 750 1125 822 farris
1170 748 1363 820 frusta
1396 748 1513 803 Exc
1537 748 1726 804 Cuiac.
1772 747 2164 819 farrisyrana
2209 746 2439 802 Ouden-

621 834 874 907 dorpius.
917 834 1024 889 liba
1065 833 1246 904 farris
1281 848 1391 903 ego
1422 822 1451 911 ss
1478 838 1613 901 221,
1654 837 1724 891 38
1756 830 2181 886 reclamantibus
2210 830 2436 885 codl'a-

619 918 698 973 lat
713 925 765 977 3.
806 917 959 974 Huls.
990 918 1152 973 Bern.
1187 915 1493 971 Beroaldus
1528 930 1633 987 pro
1658 914 2093 970 declamantibus
2132 906 2161 993 ss
2202 919 2328 984 222,
2364 920 2442 973 30

619 1002 685 1055 iis
719 1001 824 1063 cod
839 999 988 1056 Frib.
1016 1002 1178 1056 Bern.
1217 997 1289 1053 al.
1329 992 1338 1071 Ι
1378 1006 1448 1059 38
1474 998 1709 1053 subiecto
1739 998 1846 1053 eod
1859 997 2008 1054 Frib.
2042 997 2260 1053 Vindob
2276 1002 2326 1053 2.
2361 998 2437 1054 al.

623 1083 836 1139 edRom
865 1090 914 1141 1.
939 1088 990 1139 2.
1036 1083 1156 1138 Ven
1172 1088 1218 1139 1.
1267 1081 1603 1154 Eutropius,
1641 1082 1840 1137 Victor
1880 1072 1909 1160 ΙΙ
1936 1086 2073 1151 225,
2121 1088 2187 1139 10
2216 1080 2442 1135 Sabinis

623 1166 940 1223 Sabellicus
977 1182 1082 1237 pro
1123 1162 1344 1220 Samnis
1385 1166 1476 1220 vel
1519 1163 1723 1220 Sannis
1761 1156 1771 1241 Ι
1820 1170 1890 1222 24
1924 1164 2173 1219 tribunus
2212 1163 2436 1235 quidum

623 1250 770 1322 apud
807 1249 1166 1320 Glarwnnm,
1200 1248 1559 1312 Torrentius;
1604 1248 1707 1303 cfr.
1756 1265 1811 1318 p.
1851 1253 1988 1317 236,
2039 1254 2126 1307 33.
2175 1252 2299 1317 297,
2339 1253 2375 1307 8
2422 1248 2435 1301 l

622 1339 692 1394 26
719 1333 866 1387 illam
898 1332 1222 1388 Torrentius
1254 1347 1361 1404 pro
1385 1333 1546 1386 eliam
1584 1323 1595 1407 Ι
1644 1336 1711 1390 27
1747 1330 1895 1387 hanc
1930 1331 2119 1387 Duker
2152 1346 2258 1403 pro
2304 1345 2377 1385 ac
2418 1359 2431 1393 ῃ

623 1422 694 1476 28
723 1415 1002 1487 infensum
1031 1415 1250 1487 Lipsius
1293 1430 1399 1487 pro
1439 1414 1691 1487 infensus
1734 1406 1760 1493 ΙΙ
1800 1420 1935 1484 226,
1982 1421 2047 1474 15
2087 1416 2293 1469 amicos
2326 1415 2437 1470 cod

627 1499 776 1556 Cort.
829 1499 1050 1555 Vindob
1066 1504 1120 1555 2.
1161 1498 1311 1553 Harl.
1363 1498 1544 1556 Periz.
1589 1499 1660 1554 ed
1690 1499 1823 1554 Rom
1850 1506 1897 1557 l.
1936 1503 1971 1555 2
2020 1491 2031 1571 Ι
2079 1503 2150 1555 20
2186 1499 2443 1569 obliqarit

627 1582 896 1653 Egnatius
924 1599 1028 1655 pro
1055 1575 1334 1653 oblinat-ec,
1368 1582 1652 1654 cl'r.supru
1679 1581 1950 1653 p.XXXV
1969 1572 1979 1658 Ι
1996 1587 2068 1641 23
2087 1581 2180 1635 cui
2208 1574 2317 1638 cod
2332 1582 2439 1636 Bu-

629 1666 720 1722 sil.
755 1665 977 1745 vindob
997 1674 1056 1723 1..
1083 1665 1399 1721 Sabellicus
1442 1682 1547 1738 pro
1580 1668 1677 1737 qui
1701 1655 1730 1745 ss
1756 1670 1881 1736 227,
1920 1670 1985 1722 12
2010 1679 2153 1735 quae
2180 1664 2443 1719 omittunt

567 1772 572 1775 ·
629 1750 841 1805 Memm-
873 1748 1058 1806 Medl.
1085 1755 1137 1807 3.
1171 1748 1302 1804 item
1333 1748 1488 1804 Paris
1502 1754 1639 1809 6116
1662 1766 1693 1803 a
1723 1749 1896 1821 prims
1930 1764 2109 1803 manu.
2148 1762 2291 1819 quae
2315 1753 2444 1801 erat

629 1832 830 1889 omittit
858 1832 1040 1887 codex
1062 1832 1363 1901 Tou-eutii,
1390 1831 1610 1889 Ernesti
1640 1823 1668 1909 ΙΙ
1694 1838 1819 1901 228,
1845 1839 1917 1893 10,
1936 1836 2171 1887 statuam
2194 1858 2279 1869 —
2304 1846 2440 1885 con·

628 1930 844 1969 versam
891 1913 1185 1970 codPeriz.
1235 1915 1303 1970 ed
1318 1914 1451 1970 Rom
1468 1924 1518 1974 1.
1548 1922 1582 1973 2
1623 1932 1727 1987 pro
1768 1922 1948 1970 statua
1986 1946 2067 1955 —-
2108 1930 2375 1970 conversa
2422 1913 2433 1989 Ι

629 2004 696 2057 36
744 1998 806 2053 V.
841 1998 934 2052 Kt.
981 1997 1092 2053 Iul.
1130 1998 1437 2058 Parisfino
1478 2017 1506 2053 a
1544 2016 1662 2054 sec.
1704 2016 1895 2068 manu,
1935 1999 2156 2054 vindob
2176 2007 2229 2058 1.
2265 1998 2438 2054 Basil.

641 2080 883 2137 V..Non.
925 2080 1034 2137 Iul.
1067 2081 1286 2137 Ernesti
1329 2099 1363 2137 e
1392 2081 1581 2137 Tacito
1630 2081 1759 2139 hist.
1793 2088 1859 2152 2,
1901 2086 1969 2141 79
2018 2074 2047 2161 ΙΙ
2098 2087 2234 2151 231,
2288 2087 2355 2140 25
2388 2088 2444 2135 et

631 2166 855 2237 supplet
891 2165 960 2221 ed
975 2166 1092 2220 Ven
1109 2175 1156 2224 1.
1202 2180 1307 2236 que
1342 2165 1448 2221 cod
1464 2167 1627 2221 Bern.
1667 2170 1765 2221 aut
1805 2181 1915 2233 ego
1965 2160 1976 2244 Ι
2034 2172 2103 2225 33
2132 2166 2439 2220 clausulam

631 2249 818 2305 Duker
847 2264 950 2320 pro
984 2250 1263 2304 clausulae
1293 2240 1319 2325 ss
1347 2254 1483 2318 232,
1518 2255 1588 2309 13
1626 2251 1937 2321 reperietur
1970 2247 2291 2304 Scriverius
2330 2264 2440 2319 pro

630 2334 973 2401 reperiretur
1005 2324 1022 2409 Ι
1059 2337 1128 2390 23
1157 2333 1392 2387 laetatus
1420 2332 1679 2404 supplent
1708 2332 1987 2388 codBern.
2020 2333 2148 2389 item
2180 2331 2306 2387 Med
2318 2336 2373 2387 2.
2409 2350 2439 2386 a

633 2431 747 2471 sec.
783 2430 977 2484 manu,
1020 2415 1089 2469 al.
1122 2414 1260 2470 Edd.
1297 2415 1399 2470 sed
1428 2415 1676 2486 oportuit
1703 2417 1933 2471 laetatus
1965 2422 2047 2471 est
2075 2421 2127 2469 et
2166 2407 2196 2494 ss
2236 2421 2375 2485 233,
2408 2421 2441 2473 4

631 2498 963 2571 quadragies
995 2498 1246 2554 Budaeus
1287 2491 1297 2576 Ι
1335 2504 1403 2555 12
1434 2498 1574 2553 Coae
1619 2500 1844 2554 Veneris
1879 2499 2147 2556 Graevius
2178 2514 2283 2571 pro
2316 2514 2440 2555 coe-

632 2582 842 2636 venerit
871 2575 882 2657 Ι
912 2586 990 2657 ,19
1019 2581 1331 2652 Apollinari
1354 2580 1493 2636 Edd.
1536 2581 1719 2654 Apelli
1744 2583 1851 2639 eod
1863 2581 2011 2639 Frib.
2044 2600 2077 2639 a
2106 2598 2219 2639 see.
2256 2598 2442 2653 manu,

635 2664 962 2721 Torrentius
994 2677 1098 2736 pro
1135 2666 1413 2735 appellari
1448 2662 1458 2733 Ι
1496 2670 1565 2723 24
1588 2668 1829 2737 pristina
1860 2666 2070 2727 Menam.
2107 2681 2211 2738 pro
2242 2668 2437 2737 pristi-

633 2763 740 2803 nae
780 2740 791 2825 Ι
825 2754 892 2808 25
931 2748 1280 2820 Cybiosacten
1308 2748 1634 2805 Torrentius
1665 2764 1770 2822 pro
1802 2750 2147 2822 Cybiotanten
2184 2741 2195 2827 Ι
2245 2755 2316 2808 30
2352 2764 2444 2804 se-

633 2834 818 2887 stertio
849 2833 911 2887 lo
924 2833 993 2888 Fr
1006 2830 1318 2889 Gronovius
1366 2847 1469 2903 pro
1511 2835 1812 2889 sestertium
1852 2824 1881 2912 ΙΙ
1921 2839 2055 2903 234,
2085 2840 2119 2890 2
2159 2832 2447 2903 eviyilabat

637 2913 906 2971 Graevius
931 2930 1034 2987 pro
1063 2916 1317 2986 viyilabat
1343 2911 1351 2991 Ι
1382 2922 1417 2973 4
1438 2916 1710 2971 salutatur
1738 2932 1847 2987 ego
1879 2933 1950 2973 ex
1962 2916 2194 2973 Aurelio
2208 2915 2444 2972 Victore

636 3012 740 3068 pro
751 2998 1095 3053 salutabatur
1122 2990 1150 3076 ΙΙ
1180 3004 1631 3069 235‚1etpactus
1651 2996 1836 3056 estlae
1849 2998 2181 3055 Gronovius.
2207 3007 2444 3071 pactus-

633 3094 738 3150 que
778 3086 859 3135 est
896 3081 1004 3137 cod
1019 3080 1194 3137 Periz.
1236 3082 1303 3137 ed
1318 3081 1452 3136 Rom
1472 3090 1520 3139 1.
1553 3088 1587 3139 2
1626 3099 1729 3153 pro
1762 3088 1969 3154 pactus
1997 3092 2077 3138 est
2112 3076 2122 3161 Ι
2159 3087 2191 3142 7
2229 3097 2446 3154 ponere

633 3167 824 3235 elego
865 3180 972 3237 pro
1006 3172 1238 3234 poneret
1263 3166 1355 3222 vel
1388 3172 1665 3235 ponerent
1712 3158 1723 3245 Ι
1775 3172 1843 3225 16
1874 3166 2093 3222 Cutilias
2134 3167 2445 3223 Beroaldus

631 3262 737 3316 pro
769 3246 991 3303 Cutillas
1031 3238 1059 3325 ΙΙ
1102 3253 1232 3319 236,
1273 3255 1306 3309 6
1337 3247 1482 3304 IIII
1508 3249 1719 3305 Momm.
1758 3266 1788 3305 a
1818 3248 1995 3321 prima
2024 3266 2181 3307 manu
2224 3242 2234 3329 Ι
2272 3256 2343 3309 20
2376 3265 2447 3304 ac

632 3332 806 3400 maqis
841 3331 1045 3386 omittit
1065 3331 1280 3389 Momm.
1318 3323 1328 3409 Ι
1359 3338 1438 3404 ,34
1463 3348 1677 3387 summa
1708 3334 2012 3389 industriae
2038 3365 2109 3377 --
2150 3335 2449 3389 modestiae

627 3410 791 3481 fama
840 3413 946 3469 cod
972 3412 1148 3469 Periz.
1184 3416 1252 3471 ed
1268 3416 1400 3471 Rom
1418 3423 1465 3473 1.
1494 3422 1529 3473 2
1583 3427 1689 3489 pro
1728 3432 1972 3473 summae
2010 3418 2314 3482 industriae
2359 3446 2451 3461 -—

631 3496 893 3552 modestia
927 3504 979 3552 et
1007 3496 1164 3569 fama
1215 3490 1244 3576 ss
1295 3503 1435 3571 237,
1482 3505 1517 3558 4
1550 3502 1877 3557 Arrecinam
1910 3500 2298 3572 scribendum,
2338 3502 2446 3557 cfr.
