2700 4234
535 343 652 407 138
715 355 776 402 c.
809 351 1111 402 sum-om
1139 348 1397 408 mmo.
1429 347 1525 394 ms
1557 345 1724 393 vrrs
1756 342 2128 392 CAESARUM
2156 343 2296 390 121ss.
2323 343 2465 408 1111.

533 529 646 591 quc
676 507 1080 590 praetorianos
1109 503 1400 579 exercuit,
1442 500 1599 561 nullo
1624 519 1815 560 rerum
1852 507 1948 560 aut
1986 499 2277 559 hominum
2321 515 2556 576 genere

534 596 784 671 omisso,
840 591 930 651 cui
982 606 1096 649 non
1139 586 1360 648 tributi·
1383 583 1600 664 aliquid
1653 585 2001 662 imponeret.
2091 581 2203 643 Pro
2257 580 2555 660 edulibus,

535 695 685 758 quae
711 685 832 736 tota
861 673 1004 733 urbe
1036 672 1333 745 venirent,
1384 677 1603 728 certum
1647 676 1969 746 statumque
2014 665 2397 743 exig-ebatum
2442 683 2563 750 pro·

532 760 728 822 litibus
771 776 843 819 ac
879 755 1104 817 iudiciis
1157 753 1504 831 ubicumque
1550 753 1853 830 conceptis
1897 749 2341 831 quadragesima
2400 769 2554 810 sum-

534 863 694 920 mae,
749 841 834 901 -de
871 857 982 920 qua
1021 839 1381 915 litigaretur,
1434 853 1546 896 nec
1592 835 1718 895 sine
1755 851 1982 914 poena,
2046 835 2096 894 si
2129 835 2258 913 quis
2306 849 2596 912 compo-⁵

537 929 724 988 suisse
766 923 861 984 vel
908 923 1161 983 donasse
1198 920 1496 997 negotium
1543 920 2023 988 convinceretur;
2084 935 2161 977 ex
2209 917 2555 994 gerulorum

537 1009 751 1070 diurnis
812 1005 1147 1086 quaestibus
1206 1022 1345 1083 pars
1388 1012 1627 1073 octava;
1682 1021 1759 1062 ex
1807 1002 2063 1081 capturis
2113 1003 2555 1080 prostitutarum

539 1100 807 1172 quantum
853 1107 1120 1171 quaeque
1175 1103 1288 1147 uno
1356 1086 1665 1148 concubitu
1723 1094 2004 1154 mereret;
2060 1084 2442 1163 additumque
2484 1085 2557 1146 ad

539 1183 710 1255 caput
737 1175 923 1253 legis,
959 1181 1018 1232 ut
1045 1178 1381 1231 tenerentur
1416 1169 1651 1250 publico
1686 1178 1745 1230 et
1775 1187 1923 1248 quae
1954 1169 2343 1229 meretricium
2376 1171 2553 1248 quive

537 1259 882 1321 lenocinium
912 1256 1212 1331 fecissent,
1255 1271 1368 1314 nec
1398 1271 1517 1314 non
1546 1262 1605 1313 et
1639 1253 2000 1314 matrimonia
2031 1252 2288 1314 obnoxia
2322 1263 2614 1314 essent.10

457 1342 679 1403 ssEius
717 1340 872 1401 modi
916 1337 1305 1415 vectigalibus
1343 1337 1573 1398 indictis
1615 1355 1807 1415 neque
1848 1336 2205 1415 propositis,
2276 1356 2412 1398 cum
2448 1356 2553 1417 per

537 1423 921 1502 ignorantiam
957 1423 1279 1501 scripturae
1307 1421 1483 1481 multa
1513 1422 1819 1480 commissa
1850 1419 2085 1498 fierent,
2122 1421 2352 1482 tandem
2388 1421 2553 1499 flagi·

538 1517 695 1568 tante
739 1507 959 1587 populo
1004 1506 1312 1585 proposuit
1357 1503 1585 1583 quidem
1631 1504 1859 1582 legem,
1916 1505 2021 1565 sed
2061 1513 2120 1565 et
2154 1506 2557 1565 minutissimis

537 1593 744 1654 litteris
784 1600 842 1651 et
893 1590 1297 1668 angustissimo
1349 1587 1517 1666 loco,
1562 1589 1642 1648 uti
1682 1606 1757 1647 ne
1799 1588 1891 1646 cui
1931 1587 2272 1649 describere
2302 1589 2553 1653 diceret.

540 1677 631 1736 Ac
661 1694 734 1736 ne
765 1674 919 1755 quod
962 1691 1080 1734 non
1109 1673 1499 1733 manubiarum
1537 1689 1725 1749 genus
1769 1672 2160 1751 experiretur,
2206 1672 2463 1753 lupanar
2504 1675 2557 1733 in
2574 1689 2611 1728 15

539 1760 759 1821 Palatio
815 1758 1126 1834 constituit,
1172 1756 1568 1834 distinctisque
1611 1765 1670 1815 et
1698 1756 1993 1816 instructis
2042 1773 2150 1834 pro
2204 1755 2323 1816 loci
2366 1757 2557 1836 digni·

541 1851 658 1904 tate
690 1841 1083 1919 compluribus
1119 1840 1318 1917 cellis,
1365 1842 1421 1898 in
1450 1839 1656 1917 quibus
1696 1847 1991 1900 matronae
2035 1841 2393 1920 ingenuique
2446 1851 2557 1902 sta-

541 1932 699 2000 rent,
742 1923 896 1983 misit
937 1925 1152 1983 circum
1181 1923 1311 1983 fora
1356 1931 1414 1982 et
1443 1922 1715 1984 basilicas
1746 1923 2253 1984 nomenculatores
2295 1924 2369 1984 ad
2414 1926 2557 1985 invi-

540 2005 746 2067 tandos
788 2006 860 2066 ad
906 2005 1196 2067 libidinem
1237 2007 1477 2065 iuvenes
1519 2024 1838 2086 senesque;
1884 2006 2148 2086 praebita
2193 2007 2557 2070 advenienti-

541 2089 650 2150 bus
684 2091 927 2170 pecunia
969 2089 1258 2165 fenebris,
1312 2089 1687 2169 appositique
1718 2090 1815 2168 qui
1846 2091 2075 2151 nomina
2107 2091 2299 2171 palam
2332 2092 2610 2154 subno-ao

542 2182 762 2252 tarent,
807 2175 971 2252 quasi
1012 2171 1394 2234 adiuvantium
1436 2171 1706 2234 Caesaris
1751 2173 1989 2257 reditus·
2077 2175 2169 2236 Ac
2198 2194 2282 2242 ne
2310 2193 2393 2236 ex
2433 2178 2563 2238 lusu

545 2257 774 2336 quidem
817 2258 982 2318 aleae
1035 2256 1437 2336 compendium
1482 2274 1803 2335 spernens,
1852 2257 1983 2335 plus
2027 2258 2327 2321 mendacio
2376 2271 2562 2340 atque

544 2342 716 2402 etiam
750 2342 1005 2420 periurio
1055 2340 1403 2402 lucrabatur.
1490 2339 1568 2400 Et
1608 2339 1893 2420 quondam
1940 2343 2207 2419 proximo
2251 2343 2564 2406 conlusori

545 2424 882 2486 demandata
910 2427 1042 2484 vice
1082 2443 1184 2485 sua
1222 2441 1575 2503 progressus
1604 2425 1663 2483 iu
1695 2426 1895 2484 atrium
1937 2424 2170 2505 domus,
2219 2445 2342 2488 cum
2382 2446 2561 2506 prae-

543 2508 822 2566 tereuntis
867 2507 1013 2567 duos
1057 2510 1282 2586 equites
1322 2508 1395 2568 R.
1426 2507 1737 2587 locupletis
1780 2511 1904 2568 sine
1944 2527 2108 2570 mora
2150 2510 2363 2589 corripi
2418 2525 2618 2574 con-21

546 2590 852 2667 liscarique
893 2591 1187 2667 iussisset,
1244 2590 1509 2651 exultans
1564 2590 1736 2652 rediit
1786 2591 2195 2673 gloriansque,
2243 2611 2565 2674 numquam

545 2688 611 2732 se
642 2673 1019 2750 prosperiore
1046 2673 1174 2734 alea
1205 2692 1385 2734 usum.

461 2759 530 2814 42
670 2755 817 2816 Filia
845 2773 991 2817 vero
1023 2765 1189 2832 nata,
1235 2767 1634 2836 paupertatem
1678 2779 1789 2821 nec
1817 2761 1928 2822 iam
1972 2761 2336 2840 imperatoria
2368 2765 2563 2826 modo

545 2838 650 2900 sed
681 2848 740 2900 et
772 2841 956 2920 patria
988 2857 1355 2921 conquerens
1388 2859 1596 2920 onera,
1636 2843 1997 2906 conlationes
2034 2845 2102 2912 in,
2120 2845 2463 2908 alimonium
2496 2867 2564 2912 ac

546 2923 738 2984 dotem
779 2924 1011 3002 puellae
1051 2927 1296 3004 recepit.
1383 2925 1579 2987 Edixit
1622 2936 1680 2987 et
1721 2937 1947 2989 strenas
1996 2929 2229 2989 ineunte
2276 2947 2439 2992 anno
2497 2949 2560 2992 se
2578 2941 2619 2982 ³⁰

544 3015 910 3086 recepturum
939 3009 1208 3088 stetitque
1237 3010 1296 3068 in
1333 3009 1621 3071 vestibulo
1658 3011 1881 3071 aedium
1927 3011 2021 3073 m.
2049 3011 2171 3073 Ian.
2197 3013 2269 3074 ad
2310 3024 2560 3092 captan-

545 3090 648 3152 das
688 3093 872 3169 stipes
892 3136 909 3169 ,
951 3109 1094 3171 quas
1128 3093 1318 3171 plenis
1351 3103 1483 3154 ante
1512 3113 1643 3156 eum
1676 3095 1935 3156 manibus
1967 3113 2038 3157 ac
2067 3099 2193 3156 sinu
2225 3097 2419 3158 omnis
2452 3118 2559 3178 ge-

543 3175 698 3233 neris
756 3173 922 3235 turba
979 3175 1271 3236 fundebat.
1358 3176 1688 3238 Novissime
1749 3179 2199 3242 contrectandae
2261 3184 2559 3259 pecuniae

543 3255 1140 3336 cupidine-incensus,
1184 3277 1367 3339 saepe
1397 3280 1576 3342 super
1606 3265 1917 3324 immensos
1949 3281 2257 3325 aureorum
2291 3281 2556 3327 acervos
2641 3311 2642 3320 ¹

541 3339 936 3416 patentissimo
989 3341 1228 3403 diffusos
1257 3344 1396 3405 loco
1442 3355 1499 3406 et
1538 3346 1705 3407 nudis
1736 3345 1979 3424 pedibus
2020 3349 2298 3428 spatiatus
2328 3356 2388 3409 et
2424 3355 2608 3412 toto-³⁵

543 3436 799 3499 corpore
829 3420 1154 3500 aliquandiu
1188 3427 1479 3489 volutatus
1514 3438 1622 3490 est.
1890 3435 1896 3441 '

457 3509 528 3568 4³
661 3503 917 3565 Militiam
967 3524 1181 3587 resque
1222 3509 1470 3573 bellicas
1524 3513 1704 3572 semel
1746 3514 1968 3592 attigit,
2013 3532 2206 3595 neque
2251 3534 2328 3575 ex
2366 3515 2547 3578 desti-

539 3595 690 3665 nato,
731 3587 836 3648 sed
869 3608 995 3651 cum
1029 3591 1102 3652 ad
1125 3593 1424 3655 visendum
1454 3615 1653 3657 nemus
1684 3597 2011 3677 flumenque
2049 3597 2317 3658 Clitumni
2345 3597 2547 3662 Meva-
