2700 4234
931 320 1348 369 PRAEFATIO.
1860 324 2033 372 LXXI

334 479 894 552 Deperditorum
950 478 1207 535 Suetonii
1268 470 1537 537 librorum
1584 480 1855 553 reliquias
1914 484 2030 555 pri·
2074 489 2355 545 trag-menta.

213 583 333 623 mus
365 566 596 621 isaacus
633 561 994 619 Gasaubonus
1043 563 1099 617 in
1146 564 1337 635 priore
1386 564 1633 621 editione
1672 581 1773 622 sua
1804 583 1855 621 a.
1894 572 2028 626 1595

213 648 456 719 collegit
501 646 828 717 addiditque
881 647 1179 702 nonnullas
1226 646 1281 702 in
1335 648 1580 703 secunda
1622 665 1672 703 a.
1723 654 1863 708 1610
1907 650 2030 705 vul-

214 726 457 805 gataoe).
546 730 612 785 Ei
647 729 909 799 syllegae
941 736 1230 801 postquam
1263 730 1548 786 Schildius
1583 732 1829 787 Terentii
1864 732 2029 789 vitam

211 822 270 871 et
298 815 542 871 Iacobus
574 812 889 869 Gronovius
929 830 979 868 a.
1013 819 1150 873 1698
1189 814 1295 869 tria
1337 814 1644 884 fragmenta
1686 832 1740 886 p.
1773 820 1911 886 281,
1941 820 2025 874 25.

214 906 337 969 302,
370 904 456 958 17.
508 901 631 965 304,
665 901 734 955 32
767 896 1004 965 adiecit,
1035 897 1391 967 posteriores
1420 896 1671 953 editores
1708 896 1845 953 nihil
1881 899 2027 970 quod

211 983 490 1038 adderent
529 979 794 1035 habuisse
823 980 1099 1035 videntur.
1187 978 1388 1035 Nostra
1434 986 1616 1036 aetate
1648 996 1768 1036 cum
1800 981 1869 1037 de
1911 981 2028 1037 sin-

215 1065 360 1137 gulis
409 1063 740 1135 quibusdam
788 1062 1041 1134 partibus
1087 1063 1433 1134 complures,
1479 1069 1589 1119 tum
1635 1063 1703 1118 de
1746 1064 2026 1119 universis

217 1146 474 1204 Suetonii
523 1146 753 1218 scriptis
795 1145 1151 1201 laudabiliter
1197 1146 1469 1217 Iosephus
1511 1147 1727 1216 Regent
1754 1147 2027 1203 Vratisla-

221 1231 344 1287 viae
375 1247 424 1286 a.
471 1234 608 1289 1856
640 1235 1037 1285 commentatus
1068 1235 1172 1285 est.
1262 1228 1531 1299 Equidem
1572 1229 1627 1284 in
1662 1229 2029 1301 disponendis

221 1312 526 1384 Tranquilli
565 1311 729 1367 libris
774 1312 996 1367 Suidam
1030 1314 1222 1368 ducem
1270 1314 1609 1383 sequendum
1652 1330 1781 1369 esse
1828 1312 2025 1369 existi-

221 1396 394 1465 mavi,
443 1396 536 1466 qui
566 1394 674 1450 etsi
706 1402 936 1451 auctore
976 1396 1170 1465 ignoto
1199 1410 1332 1451 usus
1364 1401 1451 1451 est
1484 1400 1663 1453 tamen
1696 1396 1844 1452 nulla
1875 1397 1929 1451 in
1963 1412 2025 1451 re

221 1480 358 1555 salsa
389 1479 694 1534 tradidisse
717 1478 962 1542 videtum
994 1477 1048 1533 in
1081 1478 1404 1534 ordinandis
1428 1495 1565 1535 vero
1594 1479 1863 1536 librorum
1894 1496 2025 1552 par-

213 1561 404 1617 ticulis
435 1562 712 1617 internam
743 1562 1012 1632 quandam
1037 1562 1493 1634 ‘probabilitatem
1523 1561 1731 1618 sectari
1764 1578 2025 1620 necessa-

217 1646 304 1703 rio
337 1645 478 1703 satis
511 1644 700 1699 habui.

336 1727 670 1785 Suetonium
717 1726 895 1783 libros
945 1743 1055 1783 non
1099 1726 1510 1801 conscripsisse
1558 1727 1663 1783 nisi
1699 1728 1885 1784 Latina
1925 1727 2025 1783 lin-
2046 1736 2360 1785 muru-:meru

217 1829 324 1883 gua
359 1826 561 1869 omues
593 1811 772 1865 adhuc
805 1810 1116 1866 credidisse
1155 1812 1353 1876 video;
1399 1828 1581 1881 neque
1614 1827 1722 1882 ego
1768 1810 1815 1865 si
1862 1812 2023 1867 aliter

216 1902 396 1952 statuo
419 1937 436 1965 ‚
479 1899 641 1949 certo
687 1892 874 1964 aliquo
903 1894 994 1948 vel
1029 1894 1348 1951 testimonio
1382 1895 1473 1951 vel
1520 1890 1846 1966 argumento
1878 1900 2024 1950 utor.

223 1980 331 2034 Sed
360 1980 562 2033 mirum
597 1982 778 2032 tamen
806 1976 1047 2046 videtur,
1082 1980 1229 2049 quod
1261 1978 1474 2050 aliquot
1496 1978 1765 2034 librorum
1794 1977 2029 2039 mentio-

223 2080 342 2117 nem
377 2081 408 2119 a
437 2060 651 2118 Latinis
684 2060 919 2128 nullam,
951 2067 1143 2116 contra
1175 2061 1312 2118 satis
1348 2062 1699 2131 frequentem
1734 2079 1778 2117 a«
1796 2059 2028 2117 Graecis

223 2146 596 2217 scriptoribus
628 2144 827 2199 factam
871 2143 1268 2200 animadverto.
1359 2144 1543 2200 Possit
1574 2146 1682 2199 hoc
1718 2142 1921 2215 aliquis
1952 2143 2029 2199 ita

225 2228 508 2299 explicare
547 2226 728 2295 velle,
776 2232 836 2281 ut
885 2226 1128 2296 insignia
1181 2228 1451 2298 quaedam
1496 2228 1653 2295 loca,
1704 2227 1851 2282 sicut
1884 2227 2029 2283 haud

223 2311 388 2367 dubie
419 2312 477 2367 in
515 2308 680 2365 libris
710 2310 780 2365 de
810 2309 923 2366 vita
957 2308 1257 2367 Caesarum
1288 2312 1489 2366 factum
1522 2315 1643 2378 est,
1678 2314 1769 2365 aut
1800 2308 2028 2364 libellos

223 2395 384 2450 etiam
418 2393 692 2465 quosdam
731 2392 984 2463 integros
1027 2410 1056 2449 a
1089 2393 1316 2449 Graecis
1360 2392 1633 2449 sermonis
1663 2391 1839 2448 Latini
1877 2392 2028 2463 peri-

228 2477 296 2531 tis
326 2492 638 2533 conversos
662 2474 828 2531 dicat.
897 2476 1100 2531 Verum
1132 2476 1262 2533 talis
1299 2476 1491 2549 opinio
1528 2476 1612 2531 rei
1644 2474 2029 2547 expediendae

227 2576 333 2615 non
365 2560 592 2616 videtur
633 2557 990 2615 satisfacere
1035 2576 1221 2631 posse.
1313 2562 1483 2618 Tanta
1536 2560 1679 2615 enim
1722 2564 1808 2614 est
1858 2557 2026 2613 inter-

227 2644 349 2698 dum
390 2645 690 2699 allatorum
730 2657 760 2695 a
791 2642 1062 2699 Suetonio
1115 2660 1146 2699 e
1189 2644 1475 2700 veteribus
1506 2643 1843 2700 Graecorum
1889 2642 2031 2698 scri-

231 2728 482 2796 ptoribus
517 2724 810 2781 multitudo
839 2726 931 2780 vel
969 2738 1225 2783 versuum
1254 2728 1343 2783 vel
1375 2726 1833 2799 proverbiorum,
1881 2730 2029 2781 tanta

231 2808 286 2862 in
308 2809 657 2881 explicandis
681 2804 1014 2864 Graecorum
1049 2810 1294 2867 moribus
1327 2827 1392 2866 ac
1420 2810 1816 2866 vocabulorum
1854 2806 2031 2877 origi-

233 2891 387 2947 nibus
422 2892 694 2949 rimandis
724 2889 1016 2960 diligentia
1049 2900 1212 2965 atque
1239 2893 1492 2961 ubertas,
1534 2898 1591 2948 ut
1618 2880 1826 2963 ‘quibus
1854 2890 2030 2946 lecto‘·
2123 2927 2130 2931 -

233 2974 379 3031 ribus
415 2976 526 3031 nisi
560 2973 789 3031 Graecis
831 2974 970 3029 haec
1011 2977 1216 3048 scripta
1266 2975 1575 3047 arbitrere,
1620 2990 1729 3046 quo
1774 2989 2031 3030 sermone

229 3058 335 3112 nisi
370 3060 588 3115 Graeco
621 3057 927 3129 composita
956 3059 1112 3116 dicas
1143 3060 1236 3115 vix
1267 3058 1537 3131 reperias.
1609 3058 1869 3129 Perlegat
1898 3055 2031 3112 mihi

319 3252 330 3261 ·
367 3220 458 3283 53)
508 3224 568 3271 In
603 3222 826 3272 secunda
873 3230 1194 3273 accesserunt
1237 3238 1290 3289 p.
1331 3222 1461 3282 276,
1505 3221 1555 3273 9.
1612 3221 1745 3281 280,
1794 3220 1831 3273 8
1863 3230 1915 3271 et
1946 3220 2032 3273 33.

230 3286 350 3351 282,
369 3289 423 3341 8.
459 3289 580 3350 287,
614 3289 698 3341 38.
737 3290 855 3351 299,
891 3290 972 3341 13.
1021 3290 1142 3352 303,
1174 3290 1255 3342 31.
1295 3290 1483 3352 304,4.
1522 3288 1643 3354 306,
1686 3290 1770 3341 24.
1846 3290 2034 3339 Harum

235 3354 448 3421 aliquam
490 3366 686 3424 partem
731 3358 880 3409 Petro
935 3358 1141 3410 Pithoeo
1189 3360 1363 3410 deberi
1402 3366 1549 3425 puto,
1602 3358 1694 3409 cfr.
1747 3356 2034 3410 casauboni

231 3424 378 3486 epist.
411 3426 492 3478 ed.
535 3426 715 3477 Graev.
752 3441 802 3493 p.
845 3425 961 3479 110.
1034 3428 1224 3480 Lucani
1265 3428 1419 3478 vitam
1456 3443 1485 3477 a
1514 3426 1780 3478 Theodoro
1818 3426 2032 3478 cantero

231 3494 502 3611 τίιὲῗειῐιζίιῗ.
527 3494 678 3557 1596,
716 3504 771 3545 ut
806 3510 871 3545 ex
895 3494 1177 3547 Gasauboni
1208 3496 1435 3563 epistolis
1475 3496 1553 3547 ed.
1576 3496 1821 3549 AlmeloV.
1860 3510 1911 3561 p.
1930 3492 2035 3545 646

311 3576 336 3609 e
375 3577 448 3627 igi
471 3578 547 3613 ur.
