2700 4234
595 315 743 366 xcn
1280 315 1698 364 PRAEFATIO.

292 469 353 514 De
387 469 519 514 Prato
554 481 591 510 s.

363 519 521 565 Pratit-

736 474 825 531 Ad
845 476 971 531 loca
994 475 1063 530 ab
1088 473 1307 530 Isidoro
1334 492 1405 531 ex
1428 475 1638 532 Prato
1661 474 1784 532 sive
1808 469 2030 531 libris
2053 456 2426 532 Pr‘atorum

614 557 921 631 Tranquilli
963 565 1227 630 excerpta
1273 560 1566 630 egregium
1597 575 1776 632 nuper
1826 555 2136 616 subsidium
2183 559 2428 635 accessit

613 642 868 701 sollertia
912 641 1212 698 Gustavi
1260 642 1545 698 Becker
1588 643 1958 712 Lubeeensis,
2001 641 2091 698 cui
2137 641 2321 697 libelli
2349 643 2424 698 de

610 728 814 785 Natura
845 743 1031 782 rerum
1069 724 1302 781 debetur
1332 726 1508 782 editio
1553 743 1662 782 non
1703 727 1869 783 modo
1911 726 1968 781 in
2002 725 2194 781 verbis
2236 742 2424 781 emen-

612 812 797 869 datior
826 825 985 880 quam
1014 809 1353 865 Arevaliana
1383 809 1519 880 fuit,
1571 811 1676 866 sed
1703 809 1760 864 in
1797 807 2224 866 auctoritatibus
2257 810 2424 866 etiam

610 893 949 964 colligendis
978 893 1148 948 multo
1179 892 1524 964 diligentior.
1611 893 1666 948 ls
1697 893 1871 964 igitur
1901 909 2012 948 non
2057 893 2196 948 satis
2229 893 2425 949 habuit

613 980 682 1036 ad
703 977 1033 1034 Suetonium
1059 975 1276 1032 referre
1306 993 1448 1047 quae
1478 977 1728 1034 Isidorus
1762 976 2079 1034 nominatim
2115 976 2247 1032 inde
2277 983 2424 1033 attu-

612 1063 708 1131 lit,
754 1061 857 1117 sed
900 1067 957 1115 et
986 1075 1130 1130 quae
1176 1059 1432 1130 proxime
1461 1061 1552 1115 vel
1595 1061 2004 1133 praecederent
2031 1060 2123 1115 vel
2152 1059 2418 1131 inseque-

610 1150 824 1213 rentur,
855 1149 916 1198 ut
942 1159 1068 1214 cap.
1088 1147 1155 1202 37
1188 1147 1245 1197 et
1272 1148 1362 1212 38,
1401 1143 1531 1214 quin
1563 1144 1728 1199 etiam
1755 1144 2019 1199 nonnulla
2051 1159 2084 1199 a
2110 1142 2419 1213 Tranquilli

612 1226 833 1284 nomine
863 1227 1034 1297 longe
1071 1231 1307 1295 remota,
1336 1226 1484 1282 sicut
1515 1227 1572 1282 in
1614 1226 1807 1298 primis
1837 1243 1941 1282 sex
1979 1226 2312 1297 capitibus,
2335 1226 2421 1280 ei-

613 1313 738 1367 dem
790 1310 1007 1366 auctori
1062 1309 1356 1364 tribuenda
1417 1325 1547 1364 esse
1603 1311 1740 1366 satis
1788 1309 2156 1382 probabiliter
2208 1309 2416 1366 docuit.

612 1395 779 1450 Cuius
811 1391 1309 1464 argumentationis
1340 1409 1546 1448 summa
1576 1395 1716 1449 haec
1744 1394 1863 1462 est,
1891 1399 1952 1448 ut
1989 1399 2154 1465 caput
2181 1399 2272 1462 37,
2305 1408 2416 1464 quo

612 1478 761 1533 venti
796 1482 1183 1533 enumerantur
1222 1481 1418 1546 quater
1447 1477 1629 1547 terni,
1668 1483 1842 1532 totum
1879 1477 2188 1548 eodemque
2218 1476 2418 1532 ordine

611 1561 868 1616 versibus
906 1554 1231 1633 leoninisoe)
1262 1558 1422 1615 infra·
1440 1576 1495 1631 p.
1525 1567 1648 1630 305,
1677 1565 1743 1619 27
1774 1559 1957 1616 citatis
1987 1559 2195 1615 includi
2225 1559 2420 1630 ibique

612 1644 933 1716 Tranquillo
975 1643 1145 1699 tribui
1192 1649 1474 1709 moneret,
1519 1649 1632 1698 tum
1675 1643 1746 1699 de
1797 1643 1976 1714 signis
2030 1649 2418 1715 tempestatum

611 1745 733 1801 cap.
781 1735 851 1788 38
892 1724 1163 1783 Varronis
1218 1731 1275 1781 et
1316 1725 1528 1796 Nigidii
1587 1725 1950 1782 auctoritates
2013 1726 2417 1782 reconditioris

610 1812 901 1868 doctrinae
934 1827 1093 1881 quam
1134 1825 1236 1881 pro
1277 1809 1499 1866 isidoro
1543 1825 1671 1866 esse
1712 1810 2139 1880 demonstraret,
2163 1810 2416 1880 denique

611 1896 681 1952 ad
713 1895 887 1967 prima
912 1893 1115 1965 capita,
1156 1908 1297 1963 quae
1330 1899 1459 1948 sunt
1489 1894 1560 1950 de
1595 1893 1794 1949 diebus
1823 1899 1881 1949 et
1910 1893 2193 1950 mensibus
2231 1899 2288 1948 et
2315 1910 2416 1950 an-

608 1979 719 2048 nis,
753 1979 863 2033 duo
894 1976 1149 2034 Suetonii
1182 1976 1416 2033 frustula
1451 1994 1506 2049 p.
1539 1984 1676 2046 305,
1704 1983 1774 2036 36
1803 1983 1859 2032 et
1891 1981 2028 2047 306,
2061 1983 2127 2037 18
2153 1977 2415 2049 proxime

609 2061 885 2118 accedere
914 2061 1162 2117 doceret.
1251 2058 1366 2115 Nos
1397 2067 1598 2131 tamen,
1627 2066 1689 2115 ut
1717 2060 1774 2114 in
1803 2076 1864 2114 re
1895 2075 2005 2116 non
2038 2061 2205 2133 plane
2237 2066 2418 2130 certa,

608 2147 752 2202 intra
806 2143 1151 2201 manifestam
1201 2143 1533 2216 nomineque
1583 2143 1790 2200 finitam
1841 2144 2226 2200 auctoritatem
2278 2159 2416 2199 con-

608 2229 913 2286 sistendum
946 2227 1219 2283 duximus.

730 2311 933 2369 Collati
970 2311 1042 2368 ad
1092 2328 1146 2383 p.
1200 2315 1336 2380 304,
1387 2317 1456 2376 18
1505 2311 1734 2368 codices
1773 2311 1824 2367 X
1867 2317 1994 2368 sunt
2038 2309 2413 2381 antiquissimi

613 2413 829 2464 omnes,
858 2393 1204 2452 Basilienses
1232 2399 1371 2464 tres,
1411 2395 1724 2451 Beruenses
1736 2389 1806 2467 ⁹⁰)
1841 2400 2120 2467 quattuor,
2148 2393 2416 2450 Bamber-

607 2496 813 2552 genses
838 2479 971 2548 duo,
996 2477 1366 2533 Bruxellanus
1397 2493 1558 2547 unus,
1588 2494 1820 2549 quorum
1845 2478 2040 2534 titulos
2069 2477 2418 2550 scripturae-

608 2579 714 2635 que
744 2560 1177 2634 discrepantiam
1204 2561 1493 2617 studiosus
1529 2563 1710 2618 lector
1741 2562 1888 2634 apud
1910 2563 2216 2618 Beckerum
2251 2560 2416 2616 inve-

740 2808 837 2874 89)
862 2808 996 2860 Addi
1030 2809 1193 2874 potuit
1216 2809 1315 2860 hoe
1344 2824 1565 2875 quoque,
1603 2811 1764 2862 videri
1798 2811 1874 2862 illi
1905 2809 2238 2862 versificatori
2259 2823 2415 2875 prae-

604 2887 681 2930 ter
708 2879 891 2930 librum
922 2878 987 2928 de
1012 2878 1203 2928 Natura
1236 2894 1409 2931 rerum
1443 2879 1510 2930 ad
1543 2894 1726 2930 manus
1759 2879 1921 2930 fuisse
1953 2892 2156 2930 carmen
2185 2877 2249 2927 de
2274 2876 2418 2928 Ven-

604 2949 669 2999 tis
728 2946 857 3013 (cfr.
911 2945 1083 3012 Meyer
1130 2945 1337 3013 Anthol.
1382 2962 1466 2998 no.
1519 2948 1670 3002 1056.
1734 2947 2048 3000 Wernsdorf
2087 2949 2120 3000 5
2166 2963 2220 3012 p.
2263 2945 2416 3010 523)

606 3016 744 3080 quod
775 3013 1025 3066 Arevalus
1062 3015 1126 3065 ab
1150 3013 1382 3081 Eugenio
1407 3016 1677 3078 Toletano,
1714 3016 1802 3080 qni
1835 3031 1880 3066 a.
1919 3016 2022 3068 657
2054 3023 2284 3066 mortuus
2313 3023 2414 3076 est,

606 3085 945 3151 conscriptum
980 3085 1252 3145 existimat,
1285 3085 1669 3137 Wernsdorfius
1705 3085 1783 3135 vel
1810 3085 2005 3136 Isidoro
2039 3083 2298 3147 antiquius
2331 3083 2414 3132 iu-

604 3155 756 3206 dicat.
830 3154 898 3203 At
930 3153 1017 3204 ille
1042 3153 1280 3204 carminis
1317 3154 1534 3219 scriptor
1553 3154 1793 3204 Suetonio
1828 3153 1966 3203 haud
1996 3153 2148 3203 dubie
2165 3165 2292 3202 usus
2315 3160 2413 3203 est.

605 3238 721 3274 cum
756 3223 853 3273 tria
886 3229 1153 3273 ventorum
1180 3223 1390 3274 nomina
1425 3221 1618 3274 Graeca
1654 3222 1793 3274 solus
1829 3222 2196 3282 subministret,
2231 3219 2295 3269 ab
2318 3219 2415 3268 Isi-

604 3293 731 3342 doro
766 3298 815 3339 et
845 3291 1126 3341 recentiore
1154 3291 1500 3342 versificatore
1536 3290 1745 3352 omissa,
1785 3305 1817 3340 a
1849 3289 2143 3354 Tranquillo
2175 3301 2416 3348 necessa-

605 3361 684 3410 rio
720 3359 902 3422 posita.
973 3358 1099 3410 Cum
1128 3357 1369 3411 Suetonio
1405 3359 1529 3410 facit
1556 3366 1823 3410 ventorum
1855 3367 1966 3420 rota
2000 3359 2054 3409 in
2090 3370 2269 3409 museo
2293 3355 2416 3404 Pio·

606 3426 920 3480 clementino
958 3441 1257 3478 marmorea.

606 3563 654 3612 v
710 3491 839 3615 000)
901 3493 1041 3555 Quos
1092 3503 1266 3547 nostra
1329 3495 1497 3562 gratia
1554 3496 1778 3561 inspexit
1829 3499 2108 3546 loannes
2163 3488 2386 3540 Ziinde
