2700 4234
479 325 604 388 220
653 337 714 386 o.
741 335 1050 387 summu
1075 332 1334 393 TRANQ.
1360 331 1457 378 DE
1478 329 1647 379 vrrs
1670 328 2046 377 CAESARUM
2070 327 2210 375 mn.
2234 326 2359 375 vn.

485 498 675 568 cerei,
705 490 1118 566 inchoantique
1152 486 1487 547 Neroniana
1518 486 1744 545 cantica
1773 484 1993 562 primus
2018 481 2285 541 exultans
2312 480 2489 541 etiam

395 584 463 638 12
485 577 720 657 plausit.
781 573 1021 634 Talibus
1050 571 1384 652 principiis,
1418 585 1685 648 magnam
1718 567 1946 646 imperii
1988 574 2214 645 partem
2256 565 2489 625 nonnisi

483 660 732 721 consilio
771 666 828 718 et
861 656 1104 717 arbitrio
1143 655 1409 714 vilissimi
1458 654 1737 730 cuiusque
1779 650 2135 711 histrionum·
2166 657 2227 708 et
2256 650 2488 726 auriga·

479 761 604 805 rum
645 741 1090 816 administravit,
1145 748 1204 799 et
1237 738 1484 797 maxime
1530 736 1771 797 Asiatici
1815 734 2031 795 liberti.
2086 732 2253 793 Hunc
2288 724 2489 797 adure-

483 828 803 889 scentulum
832 834 1020 886 mutua
1041 822 1278 883 libidine
1301 829 1753 900 constupratum,
1785 836 1926 879 mox
1951 818 2146 879 taedio
2174 816 2491 896 profugum
2514 830 2543 873 ⁵

484 930 613 973 cum
641 909 900 971 Puteolis
941 924 1186 986 poscam
1226 905 1574 966 vendentem
1616 901 2126 983 reprehendisset,
2172 902 2387 962 coiecit
2431 904 2489 960 in

486 994 804 1073 compedes
834 994 1144 1070 statimque
1172 990 1353 1052 solvit
1382 999 1441 1049 et
1462 1007 1661 1049 rursus
1683 990 1741 1048 in
1764 986 1995 1048 deliciis
2017 984 2247 1055 habuit;
2279 986 2490 1045 iterum

485 1078 693 1140 deinde
723 1076 800 1138 ob
833 1077 1061 1136 nimiam
1093 1074 1511 1135 contumaciam
1546 1081 1605 1131 et
1634 1072 2002 1132 ferocitatem
2032 1078 2339 1148 gravatus,
2374 1070 2489 1129 cir-

487 1162 862 1224 cumforaneo
904 1159 1149 1219 lanistae
1189 1155 1452 1217 vendidit
1494 1156 1849 1234 dilatumque
1894 1154 1967 1215 ad
2008 1154 2190 1215 'finem
2230 1153 2491 1213 muneris

437 1312 444 1317 ,
484 1254 730 1326 repente
761 1243 1064 1322 subripuit,
1098 1250 1158 1301 et
1183 1241 1489 1321 provincia
1522 1240 1748 1300 demum
1772 1246 2019 1318 accepta
2040 1237 2383 1314 manumisit,
2419 1254 2493 1297 ac
2514 1255 2567 1297 ιο

487 1334 672 1411 primo
702 1326 929 1405 imperii
962 1325 1056 1385 die
1089 1326 1281 1387 aureis
1313 1325 1551 1385 donavit
1590 1323 1777 1384 anulis
1817 1340 1997 1401 super
2040 1339 2314 1397 caenam,
2358 1339 2496 1381 cum

484 1430 674 1488 mane,
703 1409 1047 1488 rogantibus
1069 1426 1180 1490 pro
1203 1426 1280 1469 eo
1309 1411 1553 1485 cunctis,
1582 1408 1903 1469 detestatus
1928 1414 2089 1467 esset
2110 1406 2495 1466 severissime

488 1497 663 1558 talem
694 1495 988 1573 equestris
1019 1493 1238 1554 ordinis
1273 1494 1577 1554 maculam.

403 1598 472 1652 13
610 1578 728 1639 Sed
757 1578 858 1638 vel
885 1579 1206 1657 praecipue
1238 1578 1501 1639 luxuriae
1531 1577 1927 1654 saevitiaeque
1972 1573 2233 1651 deditus,
2280 1573 2497 1652 epulas

487 1664 762 1726 trifariam
793 1680 1046 1741 semper,
1074 1662 1359 1723 interdum
1387 1660 1791 1741 quadrifariam
1823 1658 2235 1739 dispertiebat,
2278 1659 2337 1717 iu
2366 1658 2494 1718 ien-
2514 1679 2563 1720 ιε

487 1748 676 1809 tacula
709 1755 770 1806 et
798 1746 1040 1825 prandia
1069 1754 1130 1806 et
1159 1762 1374 1807 caenas
1398 1746 1978 1822 comissationesque,
2015 1742 2192 1803 facile
2224 1741 2499 1802 omnibus

490 1833 790 1893 sufficiens
843 1828 1156 1891 vomitandi
1226 1827 1665 1891 consuetudine.
1744 1826 2047 1887 Indicebat
2093 1835 2286 1887 autem
2333 1826 2497 1887 aliud

489 1915 587 1977 alii
614 1913 820 1975 eadem
847 1913 962 1988 die,
994 1909 1114 1971 nec'
1139 1915 1405 1992 cuiquam
1432 1914 1616 1973 minus
1648 1912 1859 1990 singuli
1880 1920 2195 1990 apparatus
2221 1908 2495 1989 quadrin-

489 2000 658 2076 genis
685 1994 916 2055 milibus
949 2014 1234 2056 nummum
1267 1998 1667 2056 constiterunt.
1723 1996 2135 2057 Famosissima
2166 2012 2346 2073 super
2395 2012 2494 2055 ce-

488 2091 646 2143 teras
671 2080 778 2140 fuit
813 2096 994 2139 caena
1023 2079 1154 2140 data
1191 2082 1245 2139 ei
1277 2080 1602 2141 adventicia
1636 2100 1669 2141 a
1698 2080 1907 2157 fratre,
1953 2080 2009 2138 in
2041 2097 2153 2159 qua
2185 2079 2299 2140 duo
2332 2078 2568 2139 miliazo

489 2164 934 2225 lectissimorum
993 2163 1267 2243 piscium,
1331 2172 1559 2244 septem
1610 2166 1798 2225 avium
1848 2166 2119 2244 apposita
2170 2162 2497 2223 traduntur.

487 2249 652 2310 Hauc
681 2265 916 2327 quoque
947 2250 1290 2327 exuperavit
1319 2250 1452 2328 ipse
1482 2248 1849 2309 dedicatione
1890 2248 2155 2327 patinae,
2204 2264 2374 2349 quam
2419 2245 2497 2307 ob

491 2336 820 2393 immensam
850 2331 1296 2409 magnitudinem
1329 2332 1593 2412 clipeum
1630 2330 1955 2393 Minervae
1993 2330 2365 2409 πολιουχου
2412 2330 2501 2390 di-

493 2415 749 2478 ctitabat.
795 2414 858 2475 In
883 2415 996 2476 hac
1028 2432 1330 2477 scarorum
1358 2412 1640 2492 iocinera,
1675 2415 2081 2494 phasianarum
2112 2424 2171 2473 et
2200 2431 2499 2494 pavonum

493 2497 823 2575 cerebella,
866 2498 1118 2576 linguas·
1139 2499 1766 2579 phoenicopterorum,
1801 2516 2163 2559 murenarum
2205 2500 2434 2576 lactes,
2464 2514 2569 2559 ατε

489 2582 720 2644 Parthia
752 2599 936 2661 usque
969 2582 1241 2661 fretoque
1271 2584 1592 2663 Hispanico
1622 2600 1732 2662 per
1762 2583 2093 2644 navarchus
2118 2601 2192 2643 ac
2218 2582 2499 2643 triremes

492 2656 820 2746 petitarum,
856 2667 1235 2727 commiscuit.
1293 2668 1373 2729 Ut
1407 2676 1595 2729 autem
1624 2666 1798 2728 hoino
1828 2684 1946 2727 non
1969 2667 2293 2746 profundae
2312 2666 2496 2727 modo
2666 2648 2668 2779 Ι

492 2749 598 2810 sed
628 2751 1072 2828 intempestivae
1101 2768 1336 2831 quoque
1370 2770 1443 2812 ac
1470 2751 1741 2812 sordidae
1770 2750 1968 2829 gulae,
2001 2768 2077 2811 ne
2105 2752 2164 2810 in
2196 2751 2495 2811 sacrificio

493 2832 724 2912 quidem
749 2851 1013 2912 umquam
1039 2844 1136 2895 aut
1161 2836 1368 2895 itinere
1398 2836 1519 2896 ullo
1550 2836 1915 2915 temperavit,
1945 2836 2080 2913 quin
2102 2836 2257 2895 inter
2286 2833 2497 2895 altaria

491 2917 703 2978 ibidem
735 2918 926 2978 statim
953 2920 1154 2979 viscus
1181 2928 1240 2979 et
1267 2919 1303 2957 ³*
1330 2920 1505 2981 farris
1538 2936 1726 2998 paene
1752 2926 1919 2997 rapta
1942 2936 1976 2979 e
2001 2918 2141 2979 foco
2164 2918 2492 2995 manderet,
2516 2932 2573 2975 so

495 3004 768 3089 circaque
807 3003 1024 3065 viarum
1067 3006 1318 3084 popinas
1358 3003 1632 3064 fumantia
1673 3001 1950 3080 obsonia,
1998 3003 2092 3063 vel
2122 3002 2379 3085 pridiana
2408 3011 2495 3062 at-

493 3105 608 3165 que
643 3104 892 3147 semesa.

413 3174 478 3231 14
620 3171 842 3231 Pronus
884 3188 1030 3233 vero
1081 3171 1154 3233 ad
1205 3171 1620 3250 cuiuscumque
1676 3178 1734 3231 et
1782 3188 2145 3250 quacumque
2194 3170 2269 3231 de
2312 3188 2493 3232 causa

493 3271 697 3312 necem
729 3264 902 3332 atque
935 3256 1301 3336 supplicium,
1331 3254 1561 3315 nobiles
1589 3256 1783 3333 viros,
1832 3254 2269 3333 condiscipulos
2300 3263 2359 3314 et
2388 3272 2489 3315 ae-

492 3336 694 3413 quales
744 3354 919 3413 suos,
973 3339 1236 3401 omnibus
1279 3339 1572 3400 blanditiis
1610 3348 1827 3401 tautum
1868 3356 1984 3400 uon
2026 3338 2101 3398 ad
2145 3339 2489 3399 societatem
2508 3352 2567 3395 85

492 3418 715 3496 imperii
740 3416 1142 3499 adlicefactos,
1169 3426 1336 3483 vario
1361 3442 1583 3501 genere
1608 3423 1827 3484 fraudis
1850 3422 2095 3492 occidit;
2123 3424 2291 3483 etiam
2315 3438 2491 3481 unum

489 3518 720 3561 veneno
748 3519 917 3563 manu
953 3522 1056 3565 sua
1085 3515 1365 3585 porrecto
1394 3509 1453 3567 in
1490 3524 1675 3586 aquae
1707 3505 1957 3586 frigidae
1998 3508 2273 3587 potione,
2314 3520 2485 3583 quam

489 3583 542 3642 is
571 3584 836 3645 adfectus
865 3585 1034 3649 febre
1068 3599 1445 3669 poposcerat.
1506 3590 1649 3651 Tum
1676 3591 2110 3653 foeneratorum
2144 3598 2204 3651 et
2248 3586 2486 3669 stipula-
