2700 4234
456 291 541 354 92
631 301 693 352 c,
726 300 1028 350 summu
1052 299 1308 360 TRANQ.
1339 302 1436 349 DE
1461 302 1627 351 vnA
1657 302 2029 351 CAESARUM
2053 303 2300 351 L1s.111

454 460 633 536 duxit,
658 463 927 537 quantum
955 457 1013 515 in
1042 473 1108 516 se
1140 463 1316 532 esset,
1342 473 1590 518 exorare
1624 457 1780 518 filiae
1811 465 2034 535 patrem
2063 458 2472 536 frequentibus

453 545 663 604 litteris
694 549 754 600 et
781 541 877 600 vel
910 549 1215 620 utcumque
1244 542 1528 617 meritae,
1567 540 1840 620 quidquid
1874 559 2138 621 umquam
2179 539 2332 602 dono
2367 542 2467 602 de-

452 628 668 703 disset,
726 621 1075 685 concedere.
1164 623 1483 684 Transacto
1532 633 1719 685 autem
1772 624 2112 685 tribuniciae
2154 629 2468 704 potestatis

452 671 753 790 tempo’re,
789 709 1095 769 confessus
1128 707 1393 785 tandem,
1440 708 1582 768 nihil
1618 709 1769 769 aliud
1797 727 2040 770 secessu
2071 709 2364 770 devitasse
2398 728 2466 770 se

454 813 622 876 quam
654 793 1050 854 aemulationis
1086 809 1214 852 cum
1245 789 1311 851 C.
1332 792 1627 872 Lucioque
1659 794 2057 872 suspitionem,
2087 795 2233 872 petit
2261 802 2321 852 ut
2349 793 2505 852 sibit,

426 883 662 964 {securo
694 878 807 936 iam
832 876 903 938 ab
934 875 1045 936 hac
1074 885 1260 956 parte,
1290 875 1696 937 conroboratis
1721 876 1812 937 his
1840 886 1901 937 et
1929 877 2240 936 secundum
2271 877 2467 938 locum

429 963 629 1024 facile
659 960 1006 1037 tutantibuS,
1040 963 1473 1039 permitteretur
1501 963 1767 1026 revisere
1799 960 2290 1037 necessitudineS,
2321 978 2464 1040 qua-

461 1064 585 1107 rum
615 1043 905 1106 desiderio
936 1053 1248 1104 teneretur.
1283 1044 1402 1104 Sed
1430 1063 1618 1123 neque
1649 1047 1976 1124 impetravit
1995 1045 2262 1124 ultroque
2291 1047 2467 1104 etiam

460 1130 778 1192 admonitus
812 1137 932 1205 est,
966 1127 1291 1188 dimitteret
1318 1146 1552 1189 omnem
1586 1147 1818 1194 curam.
1835 1147 2116 1204 suorum,
2149 1146 2306 1208 quos
2336 1135 2468 1188 tam

316 1221 331 1232 “
372 1227 436 1280 12
450 1213 675 1293 cupide
704 1212 1076 1292 reliquisset.
1109 1212 1408 1272 Remansit
1435 1214 1610 1290 igitur
1629 1212 1821 1274 Rhodi
1854 1221 2056 1274 contra
2087 1213 2460 1290 voluntatem,
2483 1225 2534 1266 ιι

450 1301 551 1358 vix
585 1315 695 1377 per
722 1305 960 1357 matrem
982 1305 1350 1374 consecutae,
1375 1306 1437 1357 ut
1465 1296 1538 1357 ad
1572 1297 1876 1357 velandam
1909 1297 2274 1374 ignominiam
2298 1302 2464 1375 quasi

450 1381 678 1459 legatus
713 1379 979 1458 Augusto
1016 1379 1271 1440 abesset.

574 1464 886 1525 Enimvero
920 1473 1055 1524 tunc
1084 1481 1201 1525 non
1241 1465 1524 1543 privatum
1565 1465 1769 1543 modo,
1816 1465 1920 1524 sed
1951 1465 2120 1524 etiam
2151 1463 2465 1524 obnoxium

454 1557 513 1609 et
539 1548 823 1628 trepidum
854 1551 1008 1626 egit,
1040 1547 1479 1608 mediterraneis
1508 1552 1668 1626 agris
1699 1549 1924 1610 abditus
1953 1551 2258 1626 vitansque
2290 1565 2462 1626 prae-

454 1634 931 1712 ternavigantium
956 1633 1171 1708 officia,
1206 1632 1412 1711 quibus
1443 1633 1920 1711 frequentabatur
1951 1632 2200 1708 assidue,
2232 1633 2461 1692 nemine
2483 1647 2534 1687 ιε

454 1735 581 1777 cum
616 1719 860 1796 imperio
893 1727 989 1777 aut
1021 1719 1361 1794 magistratu
1401 1717 1674 1778 tendente
1705 1734 1992 1797 quoquam
2027 1719 2160 1795 quin
2190 1715 2461 1776 deverte-

449 1810 543 1860 ret
578 1800 861 1862 Rhodum.
948 1801 1025 1861 Et
1064 1810 1444 1861 accesserunt
1481 1804 1716 1861 maioris
1775 1801 2173 1860 sollicitudinis
2226 1817 2460 1860 causae.

449 1883 711 1964 Namque
748 1885 1075 1962 privignum
1106 1883 1303 1945 Gaium
1336 1883 1554 1945 Orienti
1603 1887 2024 1964 praepositum,
2073 1901 2198 1944 cum
2234 1884 2463 1944 visendi

450 1969 639 2046 gratia
666 1969 993 2028 traiecisset
1022 1969 1266 2045 Samum,
1292 1968 1628 2029 alieniorem
1659 1970 1768 2030 sibi
1797 1971 1978 2030 sensit
2008 1987 2082 2029 ex
2115 1969 2460 2028 criminatio-

450 2050 618 2111 nibus
645 2051 722 2112 M.
750 2051 898 2112 Lolli
942 2053 1167 2112 comitis
1210 2062 1269 2112 et
1308 2055 1561 2113 rectoris
1601 2055 1746 2114 eius.
1836 2053 2011 2114 Venit
2049 2053 2218 2112 etiam
2263 2053 2322 2111 in
2363 2071 2458 2112 su·
2479 2071 2538 2112 ιο

353 2198 358 2205 ,
454 2135 788 2214 spitionem,
824 2154 933 2215 per
966 2135 1241 2216 quosdam
1271 2135 1541 2196 beneficii
1569 2141 1655 2198 sui
1685 2139 2052 2198 centuriones
2077 2156 2109 2197 a
2140 2145 2464 2196 commeatu

382 2236 387 2245 ·
454 2229 645 2280 castra
676 2222 999 2299 repetentis
1028 2221 1292 2282 mandata
1326 2220 1400 2280 ad
1441 2221 1770 2300 complures
1815 2221 2048 2281 dedisse
2089 2220 2356 2298 ambigua
2401 2228 2464 2278 et

375 2298 387 2308 “
453 2321 600 2382 quae
642 2313 929 2383 temptare
968 2304 1326 2384 singulorum
1375 2306 1594 2382 animos
1634 2306 1706 2367 ad
1747 2323 1930 2367 novas
1975 2323 2072 2364 res
2104 2305 2460 2364 viderentur.

449 2387 539 2447 De
572 2405 682 2466 qua
714 2389 1047 2466 suspicione
1094 2390 1311 2449 certior
1355 2388 1424 2447 ab
1456 2389 1722 2466 Augusto
1766 2390 1988 2465 factus,
2039 2406 2156 2447 non
2203 2389 2465 2447 cessavit

452 2471 779 2547 efflagitare
823 2472 1072 2550 aIIquem
1116 2471 1423 2532 cuiuslibet
1464 2472 1680 2533 ordinis
1731 2473 2030 2533 custodem
2071 2473 2241 2532 factis
2283 2481 2461 2548 atque
2481 2493 2536 2533 25

371 2556 437 2610 13
451 2553 621 2613 dictis
654 2555 792 2612 suis.
880 2554 1032 2633 Equi
1074 2573 1305 2634 quoque
1346 2565 1404 2614 et
1447 2574 1732 2616 armorum
1767 2556 1969 2617 solitas
2002 2555 2462 2615 exercitationes

452 2638 643 2697 omisit
669 2637 1013 2717 redegitque
1046 2657 1144 2714 se,
1199 2639 1470 2718 deposito
1509 2642 1698 2719 patrio
1743 2639 1970 2716 habitu,
2015 2639 2085 2700 ad
2129 2638 2366 2718 pallium
2399 2647 2464 2698 et

452 2720 753 2800 crepidas,
786 2730 957 2801 atque
986 2723 1043 2781 in
1074 2684 1173 2782 ta'li
1203 2731 1354 2782 statu
1383 2723 1614 2784 biennio
1647 2725 1776 2784 fere
1808 2724 2149 2803 permansit,
2202 2731 2461 2782 contem·

450 2807 564 2865 tior
598 2807 655 2865 in
680 2804 808 2865 dies
842 2815 904 2866 et
942 2806 1213 2883 invisior,
1264 2806 1412 2866 adeo
1451 2816 1512 2867 ut
1543 2809 1822 2886 imagines
1855 2809 1978 2868 eius
2007 2815 2065 2866 et
2094 2815 2311 2866 statuas
2340 2805 2460 2865 Ne-

450 2907 787 2950 mausenses
817 2875 1233 2966 subverterint,
1284 2907 1356 2950 ac
1389 2890 1653 2952 familiari
1683 2891 1968 2971 quondam
1999 2891 2265 2950 convivio
2295 2908 2456 2949 men·
2481 2911 2539 2952 ao

450 2973 608 3033 tione
638 2975 761 3032 eius
792 2981 949 3050 orta,
994 2969 1248 3034 extiterit
1278 2974 1374 3052 qui
1405 2974 1546 3036 Gaio
1578 2975 1986 3054 polliceretur,
2031 2973 2336 3034 confestim
2363 2991 2460 3047 se,

452 3059 501 3117 si
542 3055 801 3133 iuberet,
840 3056 1103 3118 Rhodum
1141 3059 1540 3135 navigaturum
1587 3067 1873 3138 caputque
1913 3058 2104 3119 exulis
2149 3059 2268 3138 (sic
2305 3058 2462 3116 enim

572 3141 887 3240 ellabatur)
915 3142 1244 3202 relaturum.
1332 3141 1464 3216 Quo
1497 3144 1814 3242 praecipue
1855 3160 1970 3202 non
2013 3143 2124 3202 iam
2161 3129 2465 3200 mmd

434 3159 779 3284 “aiscnmme
828 3235 1063 3286 coactus
1103 3235 1224 3302 est,
1266 3234 1383 3285 tam
1426 3228 1544 3286 suis
1587 3245 1755 3305 quam
1795 3227 1992 3286 matris
2036 3225 2463 3304 inpensissimis

341 3336 344 3338 ·
450 3307 725 3386 precihus
754 3301 998 3369 reditum
1026 3309 1424 3388 expostulare,
1447 3311 1914 3389 impetravitque,
1945 3309 2168 3369 adiutus
2199 3308 2460 3386 aliquan·
2484 3325 2544 3366 35

449 3397 565 3450 tum
594 3393 765 3450 etiam
794 3411 952 3453 casu.
1038 3391 1396 3452 Destinatum
1426 3394 1690 3470 Augusto
1720 3403 1874 3470 erat,
1907 3393 2068 3453 nihil
2077 3409 2253 3471 super
2283 3409 2351 3451 ea
2389 3411 2463 3452 re

448 3474 557 3532 nisi
587 3493 663 3534 ex
693 3474 989 3536 voluntate
1022 3478 1254 3536 maioris
1284 3477 1366 3536 lili
1399 3487 1680 3547 statuere;
1723 3479 1775 3537 is
1803 3477 1956 3537 forte
1986 3485 2122 3537 tunc
2155 3475 2232 3536 Μ.
2265 3475 2462 3535 Lollio

450 3556 761 3636 offensior,
794 3559 983 3619 facilis
1019 3559 1451 3638 exorabilisque
1484 3564 1542 3621 in
1573 3563 1838 3622 vitricum
1867 3561 1989 3620 fuit.
2076 3560 2465 3621 Pei-mittente
