2700 4234
497 236 624 299 280
1043 246 1106 297 0.
1153 247 1482 297 emmona
1518 246 1947 307 TRANQUILLI

501 400 863 463 consuetudo
896 410 958 461 nt
989 409 1407 481 componantur
1448 410 1719 483 pegmata
1762 420 1795 461 a
1836 399 2101 460 ludorum
2140 401 2511 464 theatralium

501 484 838 546 editoribus.
925 486 1118 545 Scena
1152 492 1369 560 autem,
1412 502 1562 563 quae
1608 483 1818 560 fiebat,
1860 493 1953 544 aut
1980 484 2214 544 versilis
2244 495 2371 546 erat
2412 498 2515 548 aut

501 568 748 629 ductilis.
835 568 1082 629 versilis
1104 576 1240 627 tunc
1269 577 1412 645 erat,
1444 586 1571 628 cum
1602 566 1790 627 subito
1819 575 1939 627 tota
1966 566 2245 627 machinis
2275 570 2511 647 quibus-

501 653 632 715 dam
663 652 1108 714 convertebatur
1137 660 1196 711 et
1225 651 1394 711 aliam
1424 653 1684 729 picturae
1713 650 1925 711 faciem
1951 650 2318 711 ostendebat.
2393 653 2508 713 Du-

502 738 655 798 ctilis
677 746 830 809 tunc,
862 754 990 795 cum
1019 735 1221 796 tractis
1250 733 1521 795 tabulatis
1550 734 1663 795 hac
1689 743 1863 813 atque
1894 734 2030 795 illac
2059 736 2295 813 species
2324 738 2509 815 pictu·
2536 760 2560 799 5
2642 742 2662 765 '¹

499 839 603 883 rae
633 818 952 881 nudabatur
991 818 1229 879 interior
1262 862 1277 875 .
1313 863 1328 876 .
1362 862 1377 877 .
1420 818 1575 897 quod
1604 820 1793 878 Varro
1826 827 1885 878 et
1914 819 2224 878 Suetonius
2256 836 2510 879 comme·
2661 826 2662 833 ’

499 913 744 966 morant.
833 900 1092 963 Servius
1115 902 1204 962 ad
1230 900 1410 981 Ver-9.
1444 900 1667 981 (ἴσως.
1706 909 1764 977 3,
1798 910 1897 961 24.

625 988 830 1049 Primis
871 995 1060 1047 autem
1097 985 1484 1062 temporibuS,
1530 993 1590 1044 ut
1632 984 1850 1045 adserit
1876 983 2270 1063 Tranquillus,
2320 989 2512 1046 omnia

502 1090 652 1152 quae
681 1073 738 1131 in
769 1088 948 1131 scena
975 1076 1276 1129 versantur
1307 1070 1367 1127 in
1394 1068 1699 1128 comoedia
1730 1066 2080 1146 agebantur:
2124 1086 2254 1129 nam
2280 1078 2339 1129 et
2368 1088 2509 1148 pan-

498 1158 766 1219 tomimus
795 1163 852 1214 et
876 1152 1178 1232 pythaules
1209 1160 1266 1210 et
1292 1151 1601 1213 choraules
1626 1153 1683 1211 in
1712 1150 2015 1211 comoedia
2037 1152 2338 1213 canebant.
2388 1152 2512 1213 Sed
2535 1170 2579 1210 ιο
2661 1222 2662 1225 ¹

501 1242 632 1320 quia
681 1255 796 1297 non
825 1243 1093 1317 poterant
1124 1236 1314 1296 omnia
1346 1235 1514 1295 simul
1558 1233 1711 1315 apud
1756 1252 1957 1295 omnes
1992 1236 2249 1296 artifices
2288 1238 2513 1315 pariter

501 1321 837 1397 excellere,
865 1319 913 1379 si
945 1319 1042 1397 qui
1074 1327 1237 1378 erant
1273 1322 1424 1379 inter
1455 1328 1689 1380 actores
1722 1318 2151 1379 comoediarum
2182 1337 2290 1397 pro
2323 1320 2513 1380 facul·

499 1415 616 1467 tate
661 1412 720 1465 et
753 1412 878 1465 arte
921 1403 1219 1481 potiores,
1264 1405 1648 1483 principatum
1702 1402 1814 1461 sibi
1856 1402 2081 1462 artificii
2118 1403 2513 1464 vindicabant.

500 1491 600 1551 Sic
641 1489 854 1549 factum
895 1495 1014 1563 est,
1065 1494 1126 1546 ut
1169 1485 1501 1547 nolentibus
1542 1485 1757 1546 cedere
1801 1486 1985 1545 mimis
2017 1486 2075 1545 in
2112 1487 2356 1547 artificio
2404 1504 2513 1547 suo

503 1574 719 1635 ceteris
753 1573 1045 1652 separatio
1079 1571 1246 1630 lieret
1271 1570 1643 1650 reliquorum.
1729 1568 1877 1629 Nam
1905 1568 2036 1628 dum
2066 1572 2333 1649 potiores
2364 1569 2509 1630 infe·
2533 1589 2579 1629 15

498 1656 776 1734 rioribus,
822 1655 918 1735 qui
958 1656 1015 1713 in
1055 1657 1204 1714 omni
1243 1654 1570 1731 ergasterio
1614 1661 1812 1729 erant,
1845 1652 2069 1712 servire
2100 1652 2511 1731 dedignantur,

499 1760 566 1802 se
596 1742 760 1819 ipsos
791 1758 825 1799 a
858 1737 1152 1798 comoedia
1185 1744 1621 1817 separaverunt,
1650 1752 1721 1795 ac
1744 1738 1831 1795 sic
1859 1735 2077 1796 factum
2106 1746 2196 1796 est
2226 1746 2285 1795 ut
2315 1755 2508 1797 exem-

499 1824 600 1905 plo
633 1822 817 1883 semel
839 1830 1067 1899 sumpto
1100 1818 1243 1881 unus
1267 1822 1511 1900 quisque
1527 1821 1667 1881 artis
1698 1837 1837 1881 suae
1857 1837 1981 1879 rem
2010 1810 2223 1900 exequi
2242 1823 2512 1900 coeperit

495 1923 688 1985 neque
729 1908 786 1963 in
834 1902 1190 1964 comoediam
1221 1904 1444 1963 venire.
1536 1901 1712 1963 Cuius
1751 1904 1839 1963 rei
1874 1901 2084 1964 indicia
2115 1902 2369 1982 produnt
2406 1922 2508 1964 no-

497 1989 588 2049 bis
619 1988 888 2066 autiquae
921 1985 1294 2061 comoediae,
1338 1988 1396 2045 in
1425 1987 1632 2066 quibus
1660 1988 2007 2054 invenimus;
2052 1996 2182 2057 acta
2208 1987 2365 2048 tibiis
2399 2007 2499 2067 pa·
2524 2010 2573 2049 2⁰

494 2073 656 2133 ribus
691 2080 784 2131 aut
827 2068 1142 2148 imparibus
1183 2078 1278 2129 aut
1313 2071 1585 2131 sarranis.
1675 2069 1915 2145 Quando
1960 2070 2113 2130 enim
2160 2070 2375 2131 chorus
2418 2090 2510 2131 ca·

496 2155 702 2232 nebat,
752 2153 1005 2215 choricis
1052 2152 1242 2231 tibiis,
1293 2153 1351 2213 id
1408 2162 1497 2213 est
1551 2152 1929 2230 choraulicis,
1974 2154 2184 2214 artifex
2237 2156 2509 2214 concine-

495 2240 625 2307 bat;
682 2241 741 2300 in
798 2240 1024 2299 cantico
1076 2246 1262 2297 autem
1304 2236 1652 2316 pythaulicis
1690 2235 2096 2315 responsabat.
2186 2238 2308 2297 Sed
2356 2237 2511 2317 quod

497 2323 733 2402 paribus
767 2321 921 2383 tibiis
961 2321 1053 2381 vel
1083 2320 1397 2400 imparibus
1428 2322 1745 2382 invenimus
1775 2321 2079 2399 scriptum,
2136 2320 2253 2381 hoc
2290 2323 2510 2398 signifi·

497 2416 618 2467 cat:
664 2404 870 2483 quodsi
904 2404 1132 2483 quando
1175 2403 1450 2463 monodio
1496 2403 1745 2481 agebat,
1785 2422 1953 2463 unam
1997 2403 2191 2464 tibiam
2238 2404 2575 2480 inflabat325
2661 2454 2662 2479 1

493 2489 542 2548 si
568 2487 795 2565 quando
827 2486 1094 2562 synodio,
1126 2496 1421 2564 utrasque.
1479 2485 1811 2548 Diomedes
1836 2485 1962 2545 ΙΙΙ.
1993 2505 2057 2563 p.
2078 2494 2194 2547 489
2223 2486 2293 2547 Ρ.
2330 2490 2516 2549 cuius
2661 2480 2662 2505 ³

493 2575 682 2631 totum
711 2575 904 2648 caput
929 2568 1057 2628 iam
1091 2567 1236 2630 inde
1265 2587 1308 2630 a
1340 2586 1407 2649 p.
1445 2578 1582 2631 482.
1629 2569 1923 2632 Suetonio
1952 2569 2168 2630 deberi
2191 2570 2466 2632 videtur.

611 2650 752 2713 'Sica
797 2671 830 2713 a
865 2652 1117 2713 secando
1162 2652 1313 2713 dicta
1360 2698 1375 2711 .
1409 2698 1423 2711 .
1458 2700 1472 2713 .
1508 2652 1869 2732 Tranquillus
1922 2662 2109 2714 autem
2142 2652 2316 2715 dicit:
2365 2654 2513 2716 Cum

495 2736 787 2797 cuiusdam
832 2735 1173 2814 gladiatoris
1227 2738 1284 2797 in
1318 2735 1509 2797 ludum
1551 2739 1742 2797 emissi
1768 2737 1995 2815 gladius
2044 2746 2317 2798 curvatus
2364 2738 2510 2799 fuis-

491 2831 584 2881 set
619 2839 694 2881 ex
726 2821 854 2882 acie
884 2828 1064 2897 recta,
1097 2821 1389 2898 procurrit
1426 2838 1571 2880 unus
1599 2820 1669 2880 ad
1702 2820 1758 2879 id
1790 2820 2230 2898 corrigendum,
2268 2831 2510 2901 tumque
2530 2846 2579 2885 ao

492 2922 526 2964 a
557 2913 852 2984 pugnante
883 2921 1226 2983 responsum
1262 2912 1383 2964 est:
1417 2904 1504 2963 sic
1531 2903 1641 2963 hac
1670 2904 1965 2983 pugnabo.
2024 2902 2166 2963 Inde
2198 2904 2365 2965 sicae
2404 2925 2510 2967 no-

488 3006 621 3048 men
655 2987 846 3048 datum
881 2994 989 3046 est.
1077 2984 1369 3047 Isidorus
1398 2987 1636 3067 etymol.
1672 2996 1773 3060 18,
1813 2996 1870 3063 6,
1918 2995 1975 3048 8.

613 3071 811 3133 Bithus
856 3079 914 3129 et
949 3056 1233 3131 Bacchius
1289 3069 1673 3147 gladiatorum
1724 3072 1951 3131 nomina
2007 3070 2307 3133 celebrata
2352 3074 2511 3153 apud

489 3155 824 3216 Suetonium
851 3154 1244 3233 Tranquillum
1273 3153 1379 3213 sub
1402 3153 1693 3232 Augusto.
1783 3155 1894 3230 Qui
1926 3172 2053 3215 cum
2083 3154 2295 3215 multos
2326 3158 2507 3218 inter-

489 3237 790 3316 emissent,
839 3237 1129 3299 commissi
1174 3238 1322 3297 inter
1364 3257 1429 3298 se
1472 3238 1676 3298 mutuis
1716 3237 2053 3299 vulneribus
2094 3239 2502 3301 conciderunt.
2524 3260 2575 3301 as

485 3318 561 3379 Et
593 3339 720 3381 cum
753 3321 961 3382 eodem
993 3331 1258 3401 tempore
1292 3321 1498 3381 mulier
1528 3340 1675 3400 quae
1706 3330 1931 3400 septem
1968 3321 2287 3400 extulerat,
2321 3324 2503 3385 nube-

483 3411 574 3464 ret
597 3404 652 3462 ei
681 3405 777 3484 qui
799 3421 1014 3463 uxores
1044 3413 1269 3484 septem
1301 3406 1589 3482 amiserat,
1619 3406 2001 3485 compositum
2028 3414 2117 3465 est
2143 3406 2505 3485 epigramma

484 3484 602 3545 tale
631 3487 664 3528 *
695 3492 725 3529 ²*
759 3488 790 3528 *
875 3485 1132 3547 Scholia
1161 3486 1252 3547 ad
1276 3485 1499 3549 Horat.
1530 3496 1650 3551 eat.
1690 3498 1745 3567 1,
1781 3496 1838 3567 ⁷,
1874 3498 1973 3551 20.
