2700 4234
495 327 576 394 88
664 341 724 390 c.
751 341 1053 390 sure'roru
1075 342 1332 402 TRANQ.
1361 343 1456 388 DE
1480 342 1647 389 vrrA
1672 339 2042 388 CAESARUM
2064 340 2204 387 Lm.
2230 340 2333 387 111.

495 497 791 558 consulem
833 500 1038 557 iterum
1095 501 1515 575 censoremque
1570 496 1871 555 fecissent.
1959 493 2212 572 Drusus,
2259 493 2525 556 hostium

493 580 640 641 duce
661 581 888 642 Drauso
925 581 1238 640 comminus
1265 580 1573 656 trucidato,
1607 578 1716 638 sibi
1744 579 2119 657 posterisque
2143 579 2262 637 suis
2288 595 2522 656 cogno-

491 683 622 724 men
654 666 890 725 invenit.
981 663 1250 725 Traditur
1275 665 1447 723 etiam
1481 681 1589 742 pro
1620 671 1893 742 praetore
1927 680 2004 722 ex
2036 663 2335 740 provincia
2372 662 2493 723 Gal

491 749 569 809 lia
597 750 870 811 retulisse
899 766 1119 823 aurum,
1153 746 1483 808 Senonibus
1512 747 1647 807 olim
1678 748 1737 806 in
1768 744 2075 806 obsidione
2108 744 2377 825 Capitolii
2408 745 2525 806 da-
2583 759 2591 764 ·
2683 747 2684 808 3

490 843 640 908 tum,
679 851 822 908 nec,
865 840 926 892 ut
951 831 1100 890 fama
1132 839 1254 904 est,
1302 839 1590 891 extortum
1620 850 1653 890 a
1688 828 1957 891 Camillo.
2044 827 2187 889 Eius
2220 829 2525 909 abnepOS,
2547 849 2573 888 ⁵

489 916 566 976 ob
601 918 866 974 eximiam
895 915 1180 974 adversus
1209 913 1512 975 Gracchos
1556 931 1797 993 operam
1832 923 2111 992 patronus
2158 923 2391 974 senatus
2428 913 2525 974 di-

491 1009 649 1074 ctus,
695 999 871 1059 fllium
912 998 1180 1077 reliquit,
1223 1016 1395 1077 quem
1437 1001 1494 1057 in
1537 998 1705 1059 simili
1738 998 2102 1058 dissensione
2136 997 2313 1057 multa
2343 1000 2525 1057 varie

489 1082 824 1142 molientem
855 1083 1085 1143 diversa
1115 1083 1293 1141 factio
1324 1099 1434 1160 per
1464 1082 1725 1142 fraudem
1759 1083 2067 1141 interemit.

431 1182 463 1232 4
614 1166 788 1227 Pater
845 1166 1074 1242 Tiberi,
1138 1174 1413 1244 quaestor
1460 1164 1525 1226 C.
1572 1164 1845 1227 Caesaris
1896 1164 2292 1226 Alexandrino
2346 1164 2523 1226 bello

493 1250 668 1310 classi
699 1253 1098 1329 praeposituS,
1136 1249 1437 1327 plurimum
1470 1249 1541 1310 ad
1569 1253 1870 1310 victoriam
1902 1249 2158 1310 contulit.
2220 1249 2416 1324 Quare
2454 1259 2523 1310 et
2544 1273 2593 1313 ιο

491 1334 759 1412 pontifex
800 1334 1090 1392 in'locum
1129 1333 1194 1394 P.
1229 1334 1521 1412 Scipionis
1560 1332 1897 1395 substitutus
1940 1343 1999 1393 et
2034 1333 2105 1393 ad
2136 1332 2525 1394 deducendas

491 1419 547 1476 in
581 1415 820 1477 Galliam
854 1417 1142 1494 colonias,
1187 1419 1261 1476 in·
1289 1419 1417 1497 quis
1444 1417 1643 1479 Narbo
1682 1426 1741 1477 et
1770 1417 2013 1477 Arelate
2056 1427 2251 1494 erant,
2296 1417 2525 1477 missus

492 1509 600 1560 est.
657 1498 874 1560 Tamen
902 1500 1158 1562 Caesare
1191 1505 1430 1578 occiso,
1468 1504 1691 1562 cunctis
1727 1500 2018 1561 turbarum
2048 1510 2203 1560 metu
2242 1499 2523 1562 abolitio-

490 1602 622 1644 nem
664 1585 802 1644 facti
843 1585 1327 1662 decernentibus,
1384 1588 1554 1646 etiam
1593 1586 1665 1645 de
1709 1585 1980 1665 praemiis
2026 1584 2525 1660 tyrannicidarum

489 1669 860 1728 referendum
891 1671 1134 1730 censuit.
1196 1669 1478 1730 Praetura
1507 1669 1713 1729 deinde
1742 1669 1994 1746 functus,
2027 1687 2153 1728 cum
2188 1670 2341 1728 exitu
2370 1672 2523 1729 anni
2546 1692 2595 1732 ιι

389 1749 394 1756 ’
491 1752 780 1813 discordia
823 1755 974 1812 inter
1017 1754 1346 1812 triumviros
1387 1763 1515 1814 orta
1566 1763 1753 1822 esset;
1813 1757 2055 1814 retentis
2108 1753 2257 1813 ultra
2295 1755 2525 1812 iustum

491 1847 718 1913 tempus
751 1837 1074 1916 insignibus
1116 1836 1180 1895 L.
1213 1837 1526 1897 Antonium
1557 1837 1885 1913 consulem,
1924 1839 2203 1897 triumviri
2242 1837 2521 1916 fratrem,

492 1919 562 1979 ad
592 1919 888 1980 Perusiam
917 1929 1172 1995 secutus,
1209 1919 1501 1980 deditione
1532 1939 1565 1981 a
1594 1923 1809 1980 ceteris
1836 1921 2013 1998 facta,
2050 1921 2209 1980 solus
2240 1938 2521 2000 perman-

490 2003 645 2062 sitin
676 2002 940 2080 partibus
973 2020 1041 2062 ac
1064 2005 1250 2082 primo
1278 2002 1617 2082 Praeneste,
1642 2004 1775 2063 ind'e
1804 2003 2113 2084 Neapolim
2145 2007 2343 2081 evasit,
2374 2021 2521 2063 ser-

488 2087 694 2164 visque
731 2084 802 2145 ad
832 2085 1070 2165 pilleum
1100 2086 1315 2146 frustra
1349 2090 1589 2148 vocatis*
1616 2089 1673 2146 in
1717 2089 1971 2149 Siciliam
2018 2089 2294 2167 profugit.
2378 2087 2522 2149 Sed
2542 2109 2597 2149 ιο

488 2168 723 2246 indigne
763 2170 999 2248 ferens,
1047 2179 1158 2230 ne‘c
1189 2172 1381 2231 statim
1421 2190 1487 2232 se
1536 2173 1593 2231 in
1641 2181 2018 2251 conspectum
2064 2173 2227 2234 Sexti
2265 2171 2525 2251 Pompei

489 2251 796 2314 admissum
825 2261 884 2314 et
911 2256 1153 2315 fascium
1169 2257 1286 2316 'usu
1313 2255 1695 2334 prohibitum,
1727 2257 1800 2316 ad
1826 2257 1904 2316 Μ.
1933 2256 2245 2316 Antonium
2274 2256 2526 2334 traiecit

487 2340 545 2397 in
571 2336 872 2400 Acliaiam.
965 2338 1105 2400 Cum
1135 2351 1294 2418 quo,
1316 2338 1483 2400 brevi
1518 2339 1897 2400 reconciliata
1938 2342 2089 2400 inter
2118 2342 2299 2401 omnis
2329 2356 2520 2419 pace,

485 2423 726 2482 Romam
752 2423 920 2500 redit,
949 2434 1306 2504 uxoremque
1335 2424 1553 2484 Liviam
1579 2423 1909 2506 Drusillam,
1942 2433 2003 2484 et
2033 2433 2167 2483 tunc
2203 2422 2518 2502 gravidam

490 2513 550 2564 et
579 2514 710 2564 ante
743 2507 852 2565 iam
884 2507 1032 2585 apud
1065 2525 1130 2566 se
1155 2507 1330 2566 filium
1361 2510 1607 2585 enixam,
1638 2511 1859 2587 petenti
1885 2508 2151 2586 Augusto
2186 2509 2513 2568 concessit.
2538 2529 2594 2571 25

487 2587 614 2646 Nec
647 2587 824 2648 multo
855 2599 990 2668 post
1020 2589 1170 2648 diem
1205 2590 1380 2668 obiit,
1415 2601 1657 2672 utroque
1689 2591 2000 2653 liberorum
2037 2595 2369 2673 superstite,
2404 2589 2515 2652 Ti-

489 2671 655 2732 berio
681 2671 992 2752 Drusoque
1023 2672 1373 2734 Neronibus.

423 2763 459 2817 5
591 2754 904 2816 Tiberium
934 2757 1160 2836 quidam
1191 2757 1405 2819 Fundis
1436 2767 1627 2819 natum
1658 2761 2161 2838 existimaverunt,
2203 2759 2385 2820 secuti
2416 2758 2513 2821 le-

485 2857 616 2899 vem
647 2842 1072 2918 coniecturam,
1110 2841 1264 2921 quod
1292 2853 1550 2904 materna
1581 2847 1705 2903 eius
1736 2846 1865 2904 avia
1902 2843 2176 2904 Fundana
2203 2843 2411 2920 fuerit,
2448 2854 2516 2904 et

487 2923 641 3003 quod
670 2942 806 2984 mox
847 2926 1558 2988 simulacrum'Felicitatis
1597 2945 1673 2987 ex
1702 2929 1762 2988 S
1797 2925 1862 2988 C.
1903 2926 2254 3006 publicatum
2293 2927 2371 2985 ibi
2402 2931 2503 2987 sit.
2532 2949 2589 2990 3ο

483 3007 604 3070 Sed
631 3017 691 3068 ut
718 3009 916 3088 plures
951 3012 1350 3090 certioresque
1384 3011 1638 3088 tradunt,
1671 3020 1836 3071 natus
1876 3020 1966 3071 est
1991 3012 2213 3072 Romae
2245 3014 2303 3070 in
2332 3009 2506 3072 Pala-

484 3095 564 3152 tio
613 3092 772 3153 XVI.
819 3092 951 3154 Kal.
979 3092 1130 3180 Dec.
1176 3093 1253 3155 M.
1296 3094 1548 3155 Aemilio
1584 3095 1805 3175 Lepido
1852 3097 2087 3172 iterum,
2138 3095 2199 3154 L.
2240 3094 2503 3156 Munatio

483 3175 700 3236 Planco
737 3195 931 3238 conss.
975 3197 1098 3263 per
1038 3170 1340 3239 bellum
1382 3178 1777 3259 Philippense.
1873 3181 1985 3240 Sic
2016 3181 2165 3240 enim
2209 3179 2267 3238 in
2309 3179 2505 3239 fastos

485 3269 728 3338 actaque
761 3263 817 3319 in
845 3252 1078 3339 publica
1106 3263 1350 3323 relatum
1379 3272 1487 3322 est.
1524 3263 1651 3324 Nec
1685 3273 1874 3324 tamen
1900 3263 2129 3342 desunt,
2158 3265 2253 3343 qui
2286 3263 2503 3341 partim

485 3343 888 3402 antecedente
911 3362 1092 3422 auno,
1121 3346 1270 3406 Hirti
1325 3365 1397 3407 ac
1423 3346 1681 3424 Pansae,
1724 3350 1931 3427 partim
1974 3349 2319 3427 insequenti,
2360 3347 2500 3406 Ser·
2524 3365 2585 3406 ss

486 3426 584 3486 vili
608 3426 848 3486 Isaurici
881 3427 942 3488 L.
975 3439 1087 3508 que
1119 3430 1359 3492 Antonii
1394 3433 1725 3508 consulatu,
1770 3435 2025 3509 genitum
2062 3450 2192 3492 eum
2218 3430 2499 3492 scribant.

425 3523 460 3578 6
605 3509 904 3572 Infantiam
949 3515 1365 3594 pueritiamque
1415 3514 1613 3576 habuit
1660 3515 2011 3577 laboriosam
2054 3525 2113 3574 et
2160 3517 2499 3592 exercitam,

360 3593 362 3598 ’
487 3613 684 3656 comes
711 3613 893 3674 usque
917 3615 1142 3676 quaque
1174 3608 1475 3678 parentum
1502 3599 1711 3678 fugae3
1741 3615 1888 3679 quos
1911 3600 2139 3680 quidem
2168 3597 2319 3678 apud
2340 3597 2497 3659 Nea-

1391 3815 1419 3832 ·.
1495 3757 1663 3844 Its-S
1713 3755 1905 3878 {effi}-
1947 3752 2111 3828 ῘΙῑ-ια
2152 3810 2167 3822 .

1945 3872 1953 3889 ,ι
