2700 4234
1131 299 1472 348 TIBERIUS.
2175 291 2293 353 109

282 472 415 515 nem
450 455 508 514 in
545 452 735 512 insula
776 451 1294 530 Pontia,'Drusu'm
1318 454 1402 512 'in
1441 455 1552 514 ima
1595 465 1760 535 parte
1806 455 2029 516 Palatii.
2087 451 2299 517 'Putant

285 539 578 599 Neronem
621 534 692 596 ad
738 535 1117 597 voluntariam
1160 542 1403 598 mort'e‘m
1445 547 1741 617 coactum,
1789 557 1916 599 cum
1949 541 2003 599 ei
2036 542 2298 622 carnifex

285 623 447 703 quasi
486 639 564 680 ex
607 629 841 680 senatus
882 623 1225 682 auctoritate
1272 623 1485 682 missus
1518 623 1764 702 laqueos
1798 632 1857 682 et
1883 639 2070 683 uncos
2103 633 2294 684 osten-

282 715 468 783 taret,
509 703 699 764 Druso
745 713 935 764 autem
978 704 1130 765 adeo
1160 705 1444 766 'alimenta
1488 705 1768 767 subducta
1815 717 1876 766 ut
1914 715 2230 767 tomentum
2262 725 2295 767 e

244 807 269 851 ὅ
288 790 499 850 culcita
528 787 899 867 temptaverit
926 787 1222 865 mandere,
1248 789 1544 850 amborum
1574 791 1661 850 sic
1691 791 1966 870 reliquias
1999 790 2296 870 dispersas

282 885 341 934 ut
374 875 477 933 vix
509 870 854 951 quandoque
888 871 1092 949 colligi
1118 882 1380 952 possent.
2505 927 2516 956 ί

409 957 601 1036 Super
656 963 889 1016 veteres
938 959 1157 1016 amicos
1200 975 1271 1016 ac
1326 957 1641 1019 familiares
1699 959 1905 1035 viginti
1963 957 2073 1018 sibi
2125 977 2158 1018 e
2197 905 2426 1029 ιιιι-ἑᾰιρ
2505 939 2566 1022 {¹
2629 956 2651 1026 i

280 1055 442 1105 mero
472 1040 801 1120 'principum
848 1041 1094 1099 civitatis
1139 1039 1605 1119 depoposcerat,
1633 1043 1802 1102 ‘velut
1835 1042 2201 1103 consiliarios
2239 1044 2328 1123 in}
2381 1004 2652 1094 &fil-“33²4*

281 1126 537 1203 negotiis
594 1122 863 1206 puhlicis.
962 1123 1179 1184 Horum
1210 1127 1337 1184 'vix
1384 1125 1543 1185 ‘duos
1605 1140 1754 1186 anne
1807 1133 1929 1186 tres
1993 1126 2332 1186 incolumis!
2437 1193 2441 1200 ,
2479 1197 2486 1207 .

216 1225 266 1268 ιο
285 1227 427 1290 prae
461 1215 502 1268 ‘1
550 1216 603 1284 t,
658 1213 892 1269 ceteros
939 1207 1111 1268 alium
1152 1208 1265 1270 alia
1314 1208 1388 1269 de
1429 1226 1600 1272 cansa
1645 1209 1926 1289 perculit,
1970 1211 2119 1286 inter
2151 1228 2296 1288 quos
2323 1207 2350 1272 Γ.
2377 1207 2418 1222 ’“”
2503 1211 2514 1224 '
2569 1218 2580 1227 ⁴

285 1295 413 1354 cum
458 1293 831 1371 plurimorum
864 1291 1047 1369 ”clade
1085 1290 1315 1352 Aelium
1361 1295 1660 1363 Seianum;
1703 1309 1870 1373 quem
1910 1293 1982 1355 ad
2025 1294 2296 1354 Summam
2329 1255 2444 1349 *θ’
2456 1269 2570 1353 ‹512-

283 1377 601 1458 potentiam
641 1390 757 1436 non
801 1384 915 1436 tam
956 1375 1350 1436 benivolentia
1396 1387 1783 1456 provexerat,
1829 1394 1998 1456 quam
2041 1387 2103 1437 ut
2139 1386 2298 1437 esset
2377 1417 2410 1443 Α
2467 1415 2492 1448 ῃ
2527 1403 2576 1459 s

282 1465 440 1523 cuius
469 1460 790 1520 ministerio
816 1476 886 1520 ac
908 1459 1205 1519 fraudibus
1230 1460 1454 1521 liberos
1479 1460 1802 1522 Germanici
1833 1463 2294 1538 circumveniret,
2372 1443 2438 1522 ἔν’
2467 1454 2556 1496 '³⁶⁴
2585 1475 2606 1496 ⁶

217 1515 674 1631 ssnepotemque
718 1561 879 1604 suum
916 1563 990 1603 ex
1023 1543 1216 1604 Druso
1250 1544 1370 1605 filio
1400 1544 1720 1606 naturalem
1753 1544 1827 1604 ad
1857 1549 2297 1605 successionem

216 1635 263 1687 15
281 1631 506 1712 imperii
538 1627 923 1688 confirmaret.

397 1712 597 1773 Nihilo
642 1711 831 1771 lenior
869 1713 925 1770 in
970 1713 1341 1774 convictores
1393 1711 1744 1788 Graeculos,
1789 1711 1998 1791 quibus
2041 1711 2138 1771 vel
2179 1729 2292 1773 ma·
2312 1717 2381 1772 56

279 1799 430 1858 xime
462 1796 901 1875 adquiescebat.
970 1796 1276 1856 Xenonem
1308 1794 1593 1876 quendam
1645 1796 1990 1874 exquisitius
2021 1797 2294 1855 sermoci-

278 1891 507 1942 nantem
538 1897 664 1940 cum
692 1881 1137 1957 interrogasset,
1172 1898 1452 1959 quaenam
1482 1881 1579 1940 illa
1605 1888 1717 1940 tam
1739 1880 1987 1939 molesta
2011 1878 2297 1939 dialectos

282 1973 475 2040 esset,
516 1971 576 2022 et
604 1963 702 2022 ille
733 1963 1137 2043 respondisset
1163 1963 1470 2040 Doridem,
1500 1964 1792 2041 relegavit
1826 1961 2143 2040 Cinariam,
2176 1965 2294 2022 exi·

212 2049 517 2108 aestimans
570 2046 983 2125 exprobratum
1033 2048 1144 2108 sibi
1194 2057 1454 2108 veterem
1506 2066 1827 2125 secessum,
1883 2047 2036 2126 quod
2078 2046 2296 2107 Dorice

274 2131 488 2194 Rhodii
545 2131 870 2208 loquantur.
934 2131 1079 2193 Item
1133 2151 1260 2192 cum
1315 2132 1539 2192 soleret
1595 2150 1670 2191 ex
1710 2132 1966 2192 lectione
2009 2129 2297 2190 cotidiana

279 2216 659 2295 quaestiones
706 2225 885 2293 super
930 2231 1165 2276 caenam
1198 2231 1538 2295 proponere
1585 2223 1644 2274 et
1676 2215 2062 2294 comperisset
2091 2213 2294 2274 Seleu-

278 2317 401 2360 cum
441 2298 882 2378 g‘rammaticum
922 2318 960 2360 a
992 2299 1265 2359 ministris
1296 2301 1416 2359 suis
1451 2299 1829 2379 perquirere,
1877 2315 2026 2377 quos
2061 2314 2296 2375 quoque

277 2393 547 2464 tempore
601 2390 878 2444 tractaret
928 2392 1226 2461 auctores,
1282 2391 1456 2461 atque
1496 2384 1574 2443 ita
1618 2389 2024 2462 praeparatum
2069 2382 2295 2455 venire,

214 2480 263 2520 25
282 2470 523 2547 primum
550 2485 585 2527 a
620 2465 999 2528 contubernio
1024 2469 1293 2544 removit,
1326 2467 1535 2526 deinde
1562 2468 1733 2527 etiam
1764 2465 1837 2527 ad
1865 2475 2108 2526 mortem
2139 2481 2294 2525 com-

320 2548 441 2611 ulit.
1631 2581 1634 2584 ·

280 2570 317 2630 p
403 2636 598 2695 Saeva
645 2652 717 2694 ac
762 2634 920 2695 lenta
960 2642 1160 2694 natura
1203 2653 1277 2694 ne
1310 2636 1368 2693 in
1403 2633 1850 2715 puero-quidem
1883 2633 2076 2695 latuit:
2127 2649 2294 2709 quam
2310 2642 2374 2696 57

282 2716 627 2779 Theodorus
673 2715 968 2779 Gadareus
1020 2717 1351 2778 rhetoricae
1403 2727 1758 2796 praeceptor
1807 2726 1865 2776 et
1912 2715 2294 2797 perspexisse

285 2801 497 2878 primus
538 2802 835 2878 sagaciter
878 2810 936 2861 et
978 2800 1328 2862 assimilasse
1360 2803 1654 2880 aptissime
1691 2803 1850 2860 visus
1883 2809 2002 2877 est,
2051 2797 2294 2857 subinde

220 2883 343 2942 zoin
386 2883 748 2964 obiurgando
796 2884 1101 2964 appellans
1134 2903 1261 2945 eum
1291 2873 1508 2963 πηλὸν
1550 2881 1776 2964 αἵματι
1813 2876 2296 2964 πεφυραμένον

287 2962 366 3050 [id
395 2979 483 3028 est
512 2970 693 3030 lutum
725 2987 758 3028 a
790 2970 1068 3046 sanguine
1104 2964 1498 3051 maceratum]
1551 2968 1668 3028 Sed
1699 2968 1990 3046 aliquanto
2021 2966 2206 3042 magis
2237 2967 2294 3022 in

281 3052 544 3132 principe
576 3052 778 3128 eluxit,
802 3053 971 3112 etiam
995 3052 1146 3112 inter
1171 3052 1330 3111 initia
1358 3070 1484 3111 cum
1514 3050 1698 3111 adhuc
1721 3052 1983 3112 favorem
2005 3050 2295 3110 hominum

280 3133 695 3196 moderationis
745 3134 1108 3196 simulatione
1164 3143 1442 3214 captaret.
1530 3136 1829 3212 Scurram,
1883 3135 1978 3214 qui
2033 3141 2292 3213 praeter-

286 3228 451 3279 eunte
477 3221 699 3280 ‘funere
746 3219 905 3279 clare
945 3228 1171 3280 mortuo
1206 3217 1538 3296 mandarat,
1581 3228 1642 3278 ut
1679 3221 1966 3279 nuntiaret
1999 3217 2292 3294 August0,

222 3302 550 3364 ³⁵nondztm
588 3303 775 3364 reddi
801 3303 1013 3384 leyata
1052 3319 1213 3382 quae
1234 3301 1442 3381 plebei
1465 3302 1838 3383 reliquisset,
1875 3302 2188 3363 adtractum
2224 3298 2294 3360 ad

286 3401 347 3444 se
394 3388 669 3466 recipere
722 3386 975 3447 debitum
1028 3387 1275 3466 ducique
1330 3387 1402 3446 ad
1456 3387 1806 3467 supplicium
1847 3387 2183 3466 imperavit,
2237 3392 2296 3442 et

286 3470 431 3545 patri
462 3488 571 3531 suo
604 3489 805 3531 verum
835 3472 1082 3531 referre.
1149 3469 1279 3530 Nec
1306 3470 1484 3530 multo
1518 3480 1654 3550 post
1688 3473 1745 3530 in
1781 3480 1982 3531 senatu
2013 3467 2291 3546 Pompeio

288 3549 505 3613 cuidam
546 3556 723 3633 equiti
765 3556 835 3615 R.
879 3555 1144 3634 quiddam
1190 3556 1564 3634 perneganti,
1609 3555 1738 3614 dum
1771 3554 2000 3615 vincula
2034 3553 2292 3628 minatur,
