2700 4234
959 336 1378 386 PRAEFATIO.
1889 340 2063 391 nm

231 513 402 572 qenus
438 494 786 570 proscripsit
813 494 1082 551 Graevius
1121 488 1130 570 Ι
1169 502 1236 555 25
1267 498 1379 551 iam
1408 502 1537 553 tunc
1563 498 1885 557 Politianns.
1928 514 2057 558 vero

235 592 360 637 tunc
401 580 692 637 Eruimus.
735 579 885 635 hoste
913 586 1040 635 ωηο
1069 580 1195 636 Med
1221 589 1270 638 1.
1301 586 1355 637 2.
1404 580 1612 654 copes.
1652 583 1805 639 cort.
1846 584 1916 639 sl.
1951 586 2054 639 Be-

231 665 476 723 roaldus.
527 664 683 721 hoste
723 662 875 719 Paris
897 668 1058 724 6116.
1109 664 1226 719 Exe
1250 663 1441 720 Cuiso.
1476 665 1548 721 nl.
1594 680 1664 720 ne
1698 672 1825 721 tunc
1856 668 1980 722 ssed
2002 674 2054 726 3.

229 756 345 805 uete
369 749 593 805 Merum.
635 738 646 824 Ι
681 752 754 805 28
782 746 1056 817 Enniam,
1091 746 1288 803 Naevii
1309 746 1599 805 Macronis
1630 749 1991 806 Casuubonus
2024 743 2050 828 ΙΙ

231 840 346 901 125,
375 838 411 891 6
442 834 493 886 is
515 830 736 886 Momm.
768 845 871 901 pro
897 830 982 885 his
1019 829 1028 900 Ι
1068 836 1135 890 16
1165 830 1340 887 habeo
1374 838 1429 887 et
1456 832 1564 888 eod
1578 832 1731 888 cort.
1764 834 2051 890 Vindob2.

225 918 298 973 ed
321 916 459 973 Rom
485 918 534 968 1.
573 928 682 986 pro
711 919 761 969 et
799 914 972 969 habeo
1002 906 1194 991 ΙΙ’126,
1233 920 1269 973 4
1299 914 1489 971 Liviae
1513 917 1791 987 Auqustae
1822 917 2055 973 Beroal-

229 1002 328 1055 dus
363 990 376 1075 Ι
414 1004 451 1059 8
481 998 687 1055 adiecit
715 996 1024 1055 Beroaldus
1062 1014 1166 1069 pro
1199 998 1405 1071 adfecit
1440 991 1450 1075 Ι
1488 1004 1557 1057 29
1579 999 1797 1070 fascias
1822 1001 2051 1056 Beroal-

227 1084 330 1139 dus
375 1098 482 1155 pro
518 1081 718 1153 fasces
745 1072 772 1159 ΙΙ
804 1085 938 1151 127,
984 1086 1052 1140 12
1093 1083 1173 1137 ad
1197 1081 1537 1138 Puteolwas
1579 1082 1905 1140 Torrentius
1946 1099 2050 1155 pro

227 1167 561 1223 Puteolanas
610 1158 620 1241 Ι
667 1171 739 1236 18
764 1178 1002 1237 quercea
1033 1180 1162 1236 ogo.
1213 1167 1491 1237 quiercica
1523 1165 1737 1223 Hemm.
1792 1169 2051 1238 quer-oica

230 1250 386 1307 Puris
407 1256 564 1311 6116.
602 1249 742 1307 Edd.
772 1251 1042 1323 quercina
1084 1250 1192 1305 eod
1217 1250 1388 1306 Basil.
1430 1249 1651 1307 Vindob
1679 1258 1727 1310 1.
1768 1264 2051 1323 querquea

233 1333 476 1390 Historia
521 1332 796 1389 miscella.
869 1347 1040 1389 aerea
1097 1331 1220 1389 Med
1248 1341 1296 1393 1.
1335 1340 1388 1392 3.
1458 1334 1581 1388 Aur
1593 1334 1807 1391 Victor.
1872 1348 2051 1389 aurea

231 1416 560 1473 Politisnus.
609 1431 858 1489 qucrnea
886 1417 993 1473 eod
1019 1415 1170 1472 cort.
1203 1417 1426 1474 vindob
1452 1422 1485 1473 2
1514 1412 1539 1491 ΙΙ
1572 1423 1694 1488 128,
1730 1423 1801 1478 23
1829 1417 2054 1473 eGrae-

227 1503 316 1555 cia
349 1502 418 1557 ed
431 1500 656 1571 Argent
678 1506 832 1559 1515.
867 1499 1136 1570 Egnatius
1173 1516 1278 1572 pro
1311 1504 1535 1573 eqreqia
1562 1492 1593 1580 ΙΙ
1626 1506 1758 1571 129,
1792 1507 1859 1559 12
1890 1500 2051 1557 Sicu-

227 1586 416 1656 lasque
443 1584 768 1641 Sabellicus
799 1600 904 1655 pro
933 1584 1288 1655 sinqulasque
1336 1580 1348 1662 Ι
1400 1590 1467 1643 18
1494 1584 1803 1639 Lurconem
1833 1584 2051 1656 Lipsius

231 1685 330 1739 pro
357 1668 682 1741 Lyrqonem
739 1662 749 1743 Ι
809 1673 878 1727 28
919 1667 1208 1724 oboluisset
1241 1666 1551 1723 Beroaldus
1593 1682 1699 1739 pro
1742 1668 2055 1723 abolevisset

229 1752 316 1807 vel
345 1753 670 1809 abolevisset
697 1742 726 1830 ΙΙ
756 1758 877 1823 136,
905 1756 971 1810 12
986 1752 1363 1823 prostraverit
1387 1749 1713 1807 Beroaldus.
1749 1754 2059 1821 prostrarit

227 1837 566 1893 Burmannus
599 1850 708 1907 pro
747 1836 1051 1905 prostravit
1086 1826 1096 1912 Ι
1133 1839 1204 1894 36
1237 1848 1346 1889 non
1383 1836 1546 1903 prius
1575 1834 1861 1891 excidisse
1894 1833 2052 1889 vide-

233 1925 333 1973 tur.
383 1936 554 1991 quam
589 1920 819 1975 enixam
853 1920 1056 1974 uxorio
1081 1920 1300 1973 nomine
1327 1919 1581 1989 diqnatus
1608 1926 1693 1973 est
1719 1918 1873 1974 Paris
1890 1923 2081 1995 6116„

230 2002 415 2063 Hed2.
451 2004 526 2060 nl.
567 2002 716 2059 Edd.
745 1996 774 2079 ΙΙ
805 2008 1012 2071 131,28
1031 2016 1226 2058 serens
1254 2002 1362 2057 eod
1381 2001 1547 2058 Basil.
1582 2002 1654 2057 al.
1688 2002 1759 2058 ed
1781 2002 1914 2057 Rom
1929 2010 1979 2061 1.
1998 2007 2051 2058 2.

231 2101 330 2157 pro
356 2087 552 2157 ferens
593 2079 606 2164 Ι
645 2091 714 2146 32
739 2086 1132 2157 qladicctom‘bus
1161 2085 1367 2142 deesse
1381 2086 1602 2142 videtur
1640 2077 1650 2163 Ι
1688 2091 1758 2145 33
1778 2087 2051 2157 paeqnia-

231 2172 307 2222 ris
337 2187 463 2241 ego.
509 2172 824 2242 peqniares
851 2169 1064 2225 Momm.
1101 2170 1393 2241 peqmaris
1420 2168 1544 2225 Med
1570 2178 1620 2227 1.
1652 2175 1703 2228 3.
1752 2183 2051 2239 peqmares

233 2251 378 2308 Paris
397 2260 560 2314 6116.
597 2253 673 2310 al.
710 2253 848 2309 Edu.
891 2247 899 2328 Ι
937 2259 1006 2313 34
1035 2252 1293 2308 obiciebat
1320 2253 1659 2307 Burmannus
1690 2265 1795 2323 pro
1822 2252 2051 2307 subicie-

233 2335 320 2390 bat
356 2328 383 2414 ΙΙ
411 2343 560 2408 132,
599 2342 672 2397 36
715 2336 818 2393 hoc
857 2343 942 2393 est
979 2337 1426 2393 inverecundiam
1466 2336 1677 2391 delevit
1720 2334 1989 2405 Egnatius
2033 2339 2045 2402 Ι

231 2425 300 2480 38
329 2426 379 2477 et
413 2423 472 2475 in
505 2434 706 2478 omnes
746 2422 852 2478 eod
875 2420 1030 2477 Palat
1053 2427 1103 2481 3.
1153 2420 1471 2478 Sabellicus
1508 2435 1613 2491 pro
1655 2425 1707 2474 et
1746 2418 1977 2474 hominis
2020 2411 2047 2496 ΙΙ

236 2509 352 2573 134,
379 2511 414 2564 3
445 2512 500 2561 et
523 2506 687 2561 miles
707 2504 1063 2561 Ruhnkenius
1102 2498 1113 2581 Ι
1149 2510 1219 2563 24
1247 2504 1544 2559 demetetur
1569 2501 1841 2560 Graevius
1868 2493 1895 2581 ΙΙ
1932 2508 2051 2572 135,

233 2592 268 2643 4
293 2602 360 2641 ne
384 2591 478 2659 qui
501 2608 554 2645 r.
582 2606 653 2661 p.
674 2606 740 2660 p.
773 2603 928 2644 reum
957 2584 1285 2658 liutger-sius
1325 2580 1334 2665 Ι
1376 2593 1443 2647 16
1471 2586 1825 2657 hoplomacho
1856 2587 2052 2643 Sabel-

239 2669 372 2727 licus
403 2689 508 2744 pro
545 2672 876 2743 aplomacho
925 2665 936 2750 Ι
982 2677 1052 2729 20
1080 2671 1408 2727 Nemorensi
1442 2670 1760 2727 Sabellicus
1804 2686 1908 2743 pro
1939 2670 2049 2725 Ne-

234 2758 456 2811 morensi
488 2748 501 2836 Ι
540 2764 614 2818 29
637 2770 810 2829 neque
837 2770 975 2811 suae
997 2754 1251 2811 omittunt
1281 2769 1472 2812 omnes
1499 2760 1727 2826 praeter
1750 2752 1867 2809 Exe
1880 2754 2049 2809 Notre

243 2836 644 2906 Dame‚‘Periz.
687 2840 758 2897 ed
779 2838 912 2896 Rom
935 2846 969 2898 2
1011 2830 1039 2917 ΙΙ
1085 2844 1216 2908 136,
1250 2844 1320 2898 18
1359 2836 1719 2909 symphonias
1747 2834 1862 2891 Exo
1878 2834 2049 2891 Notre

241 2918 433 2993 Deme,
465 2926 576 2982 eod
600 2924 771 2981 Basil.
805 2924 878 2979 sl.
909 2939 1014 2995 pro
1043 2922 1325 2993 symphro.
1363 2921 1455 2976 vel
1480 2920 1748 2991 simphro.
1780 2911 1807 2997 ΙΙ
1838 2924 1958 2987 137,
1986 2926 2049 2979 19

231 3008 471 3063 sestertio
509 3006 739 3065 Ernesti
781 3022 886 3079 pro
922 3008 1228 3062 sestertium
1285 3001 1296 3083 Ι
1349 3011 1413 3063 21
1456 3005 1673 3061 libertos
1718 3003 2043 3060 Beroaldus.

234 3087 443 3145 liberios
469 3092 688 3147 Herum.
723 3106 826 3162 pro
857 3091 1056 3147 liberos
1081 3082 1110 3167 ΙΙ
1154 3096 1287 3160 138,
1317 3094 1389 3149 16
1418 3088 1787 3159 distinctisque
1816 3087 1887 3143 ed
1900 3086 2048 3143 Busil

247 3176 388 3233 1533.
433 3175 793 3247 discretisque
838 3173 1287 3246 Oudendorpius.
1341 3174 1713 3243 districtisque
1755 3170 1969 3225 Memm-
2014 3186 2048 3225 n

236 3254 410 3322 prinu
447 3274 612 3315 manu
644 3254 750 3331 p‘ro
785 3260 1171 3330 distractisque
1205 3256 1296 3313 vel
1329 3257 1723 3325 destructisque
1765 3244 1793 3332 ΙΙ
1834 3258 1933 3313 139
1948 3291 1965 3321 ,
2016 3260 2046 3310 5

234 3344 393 3394 -αηίεα
433 3344 538 3397 iter
577 3342 674 3399 Ino
689 3342 1006 3399 Gronovius
1036 3358 1140 3415 pro
1172 3346 1300 3395 ante
1339 3342 1483 3395 alter
1530 3330 1544 3418 Ι
1596 3344 1665 3398 18
1704 3351 1810 3393 sex
1846 3337 2049 3391 milium

241 3418 464 3491 Lipsius.
501 3441 698 3483 senum
732 3427 934 3482 milium
960 3425 1321 3483 casaubonus
1349 3418 1379 3500 ΙΙ
1412 3428 1531 3495 141,
1562 3429 1590 3480 1
1622 3420 1811 3477 urbem
1840 3433 2051 3477 omnem

235 3506 365 3569 ,pem
392 3506 602 3565 Memm.
649 3510 840 3567 Medi.
874 3516 926 3569 3.
972 3510 1178 3581 copes.
1227 3502 1236 3583 Ι
1286 3513 1321 3565 2
1360 3506 1693 3563 avertendos
1734 3504 2051 3561 Sabellicus

243 3601 342 3654 pro
362 3594 640 3650 vertendos
678 3589 689 3670 Ι
725 3600 796 3654 3ο
817 3591 1089 3665 efferabat
1104 3592 1244 3651 Edd.
1273 3608 1379 3664 pro
1402 3591 1669 3663 efferebat
1696 3580 1726 3668 ΙΙ
1758 3594 1857 3649 142
1871 3628 1887 3657 ,
1910 3592 1945 3643 2
1964 3588 2048 3641 in·
