2700 4234
482 253 606 315 244
654 264 714 313 c.
741 265 1043 315 snmom
1075 265 1330 326 TRANQ.
1367 267 1464 314 DE
1496 268 1659 314 vrrA
1699 265 2070 316 GAEsAntm
2102 269 2241 317 mn.
2267 271 2412 320 vm.

483 429 541 480 et
570 420 753 500 ipsius
776 422 991 499 imago.
1056 419 1409 481 Celebrabat
1447 429 1506 480 et
1551 422 1610 479 in
1656 420 1888 481 Albano
1929 430 2072 500 quot
2109 423 2272 483 annis
2313 425 2474 499 Quin·

482 505 705 582 quatria
752 504 1079 581 Minervae,
1131 505 1221 565 cui
1276 503 1594 583 collegium
1637 506 1990 581 instituerat,
2040 523 2117 565 ex
2161 524 2280 585 quo
2327 517 2476 568 sorte

480 586 635 648 ducti
668 588 1004 666 magisterio
1040 588 1420 667 fungerentur
1451 587 1809 666 ederentque
1855 589 2096 648 eximias
2143 591 2475 652 venationes

478 679 541 730 et
578 674 851 732 scenicos
897 670 1099 750 ludos,
1146 688 1441 751 superque
1489 681 1784 732 oratorum
1831 689 1902 732 ac
1948 676 2249 751 poetarum
2301 685 2474 735 certa-

480 755 652 815 mina.
2489 785 2512 824 5

608 837 983 916 Congiarium
1016 838 1238 918 populo
1276 855 1632 899 nummorum
1662 847 2034 900 trecenorum
2069 849 2158 900 ter
2185 839 2361 919 dedit,
2397 851 2473 902 at-

480 939 593 1001 que
639 925 789 982 inter
840 922 1181 1002 spectacula
1230 925 1482 982 muneris
1527 923 1910 1000 largissimum
1961 923 2212 1003 epulum.
2293 925 2472 1004 Septi-

476 1005 732 1067 montiali
782 1023 953 1067 sacro
1004 1004 1263 1086 quidem,
1318 1007 1542 1066 senatui
1596 1007 1892 1086 equitique
1938 1010 2223 1086 panariis,
2286 1007 2474 1086 plebei

477 1089 779 1172 sportellis
817 1108 943 1151 cum
992 1090 1241 1149 obsonio
1288 1089 1639 1166 distributis,
1687 1091 1905 1150 initium
1944 1091 2218 1152 vescendi
2265 1093 2474 1170 primus

476 1173 644 1245 fecit;
684 1173 893 1251 dieque
930 1175 1196 1272 proximo
1232 1190 1404 1233 omne
1445 1191 1634 1252 genus
1669 1191 1860 1233 rerum
1888 1174 2126 1236 missilia
2149 1177 2392 1255 sparsit,
2417 1183 2542 1234 et1o

478 1257 610 1335 quia
658 1274 795 1335 pars
843 1258 1026 1316 maior
1076 1258 1224 1318 intra
1273 1257 1580 1336 popularia
1641 1256 1971 1335 deciderat,
2043 1260 2474 1339 quinquagenas

473 1348 732 1400 tesseras
775 1339 834 1397 in
881 1339 1144 1418 singulos
1192 1357 1412 1402 cuneos
1453 1341 1742 1421 equestris
1791 1359 1863 1402 ac
1927 1344 2204 1434 senatorii
2266 1341 2477 1402 ordinis

476 1424 888 1501 pronuntiavit.

418 1521 452 1575 5
600 1507 849 1568 Plurima
881 1516 940 1568 et
977 1508 1329 1588 amplissima
1369 1525 1553 1588 opera
1587 1506 1856 1569 incendio
1887 1507 2190 1588 absumpta
2213 1510 2476 1586 restituit,

472 1593 531 1652 in
578 1593 705 1673 quis
746 1601 804 1651 et
845 1590 1225 1672 Capitolium,
1274 1591 1431 1672 quod
1469 1610 1670 1666 rursus
1713 1601 1962 1662 arserat;
2007 1592 2114 1653 sed
2149 1594 2338 1652 omnia
2371 1591 2476 1652 sub
2499 1613 2562 1653 ιε

471 1675 638 1737 titulo
662 1684 875 1736 tantum
900 1694 1005 1736 suo
1044 1694 1115 1736 ac
1150 1679 1277 1737 sine
1311 1674 1431 1736 ulla
1470 1676 1694 1754 pristini
1731 1676 1984 1737 auctoris
2000 1678 2312 1737 memoria.
2363 1676 2479 1738 No·

474 1777 605 1821 vam
630 1769 820 1821 autem
850 1761 1127 1820 excitavit
1163 1760 1364 1821 aedem
1397 1759 1454 1819 in
1488 1757 1782 1838 Capitolio
1820 1757 2064 1820 Custodi
2095 1759 2258 1838 Iovi,
2301 1769 2360 1820 et
2393 1761 2479 1820 fo·

472 1862 597 1902 rum
634 1843 791 1922 quod
823 1861 974 1902 nunc
1007 1843 1241 1904 Nervae
1274 1851 1538 1920 vocatur,
1575 1845 1714 1902 item
1752 1841 1988 1904 Flaviae
2027 1841 2302 1923 templum
2336 1862 2478 1922 gen·

472 1925 545 1987 tis
584 1934 643 1985 et
675 1925 917 1987 stadium
954 1935 1012 1985 et
1048 1925 1251 1987 Odium
1286 1936 1345 1987 et
1369 1925 1816 2006 naumachiam,
1863 1946 1896 1988 e
1951 1927 2112 1989 cuius
2159 1936 2364 2006 postea
2398 1927 2481 1987 la-

474 2008 608 2090 pide
668 2011 948 2070 muximus
998 2012 1221 2087 circus,
1289 2009 1508 2071 deustis
1574 2011 1858 2091 utrimque
1915 2010 2228 2088 lateribus,
2286 2020 2479 2070 extru-
2501 2037 2552 2079 20

476 2103 601 2154 ctus
640 2102 749 2154 est.

416 2188 453 2243 6
604 2176 1025 2258 Expeditiones
1050 2180 1255 2258 partim
1292 2187 1504 2258 sponte
1541 2179 1820 2256 suscepit,
1864 2180 2068 2257 partim
2106 2179 2484 2239 necessario:

474 2271 684 2341 sponte
706 2262 765 2321 in
810 2259 1086 2341 Catthos,
1134 2264 1474 2327 necessario
1539 2279 1708 2322 unam
1760 2263 1819 2321 in
1865 2261 2195 2339 Sarmatas,
2245 2261 2486 2340 legione

475 2365 603 2406 cum
635 2344 832 2423 legato
870 2344 1034 2405 simul
1074 2365 1277 2424 caesa,
1314 2348 1372 2407 in
1408 2345 1607 2406 Dacos
1655 2346 1829 2422 duas,
1861 2346 2102 2424 primam
2145 2345 2341 2425 Oppio
2379 2346 2488 2405 Sa-

471 2429 607 2488 bino
646 2428 935 2489 consulari
960 2447 1286 2508 oppresso,
1332 2429 1644 2491 secundam
1681 2426 1960 2490 Cornelio
1985 2428 2210 2507 Fusco,
2250 2429 2558 2510 praese-25

472 2520 569 2572 cto
605 2511 927 2573 cohortium
963 2515 1494 2592 praetorianarum,
1533 2515 1626 2573 cui
1676 2511 1819 2574 belli
1869 2531 2142 2574 summam
2177 2515 2486 2574 commise-

470 2605 578 2656 rat.
634 2595 723 2655 De
759 2593 979 2657 Catthis
1010 2596 1304 2677 Dacisque
1338 2606 1474 2678 post
1504 2597 1666 2658 varia
1699 2596 1926 2676 proelia
1959 2595 2252 2677 duplicem
2290 2598 2488 2656 trium-

471 2678 644 2823 phuni
692 2681 832 2758 egit.
922 2680 1011 2741 De
1072 2681 1347 2744 Sarmatis
1405 2681 1662 2742 lauream
1717 2680 1892 2741 modo
1959 2679 2295 2761 Capitolino
2355 2679 2490 2741 Iovi

470 2773 623 2824 rettu
648 2766 709 2824 it.

590 2847 815 2910 Bellum
849 2849 1020 2910 civile
1044 2858 1257 2910 motum
1289 2868 1322 2910 a
1346 2847 1410 2909 L.
1445 2847 1734 2925 Antonio,
1774 2849 2094 2929 superioris
2139 2847 2494 2910 Germaniae
2518 2863 2572 2906 so

471 2933 763 3014 praeside,
800 2934 1055 2995 confecit
1088 2932 1303 2994 absens
1332 2931 1618 2993 felicitate
1647 2934 1813 3009 mira,
1853 2950 1978 2992 cum
2015 2935 2144 3012 ipsa
2165 2932 2495 2992 dimicatio-

468 3019 559 3078 nis
597 3017 745 3080 hora
783 3017 1076 3079 resolutus
1111 3026 1362 3096 repente
1393 3015 1632 3077 Rhenus
1675 3019 2016 3077 transituras
2063 3015 2135 3077 ad
2171 3015 2501 3076 Antonium

471 3105 676 3200 copias
716 3102 1095 3164 barbarorum
1128 3101 1492 3162 inhibuisset.
1578 3098 1669 3159 De
1715 3117 1828 3177 qua
1877 3100 2123 3161 victoria
2155 3101 2502 3180 praesagiis

469 3187 631 3263 prius
696 3205 863 3266 quam
915 3186 1125 3247 nuntiis
1173 3184 1491 3264 comperit,
1550 3181 1834 3262 siquidem
1878 3185 2010 3284 ipso
2078 3200 2196 3263 quo
2254 3182 2503 3244 dimica-

468 3277 585 3328 tum
634 3279 761 3330 erat
818 3269 911 3331 die
954 3279 1197 3331 statuam
1258 3271 1385 3329 eius
1428 3267 1652 3328 Romae
1699 3266 1944 3346 insignis
1989 3267 2184 3347 aquila
2233 3269 2500 3327 circum-
2523 3281 2578 3324 3⁵

470 3351 645 3430 plexa
682 3356 873 3432 pinnis
904 3353 1221 3431 clangores
1256 3351 1608 3414 laetissimos
1633 3349 1842 3420 edidit3
1877 3351 2171 3431 pauloque
2209 3358 2350 3430 post
2389 3367 2504 3411 oc-

472 3435 652 3494 cisum
674 3437 982 3498 Antonium
1018 3436 1165 3496 adeo
1190 3437 1486 3514 vulgatum
1518 3443 1627 3512 est,
1663 3443 1726 3494 ut
1775 3442 1948 3514 caput
1993 3451 2230 3515 quoque
2269 3432 2508 3514 adpor-

468 3525 642 3576 tatum
670 3522 793 3578 eius
838 3519 1056 3580 vidisse
1096 3517 1165 3579 se'
1200 3519 1470 3599 plerique
1507 3516 1942 3580 contenderent.
