2700 4234
1002 349 1212 398 mvus
1257 350 1512 398 IULmS.
2180 343 2252 406 31

259 523 386 566 usus
413 503 802 564 dominatione
844 512 904 563 et
943 504 1069 563 iure
1104 521 1312 567 caesus
1351 507 1730 566 existimetur.
1817 505 1951 566 Non
1980 510 2130 568 enim
2158 509 2257 569 ho-

252 605 420 649 nores
457 587 633 648 modo
671 589 880 648 nimios
921 589 1179 667 recepit:
1238 592 1567 650 continuum
1612 591 2005 668 consulatum,
2046 611 2257 672 perpe-

249 683 390 734 tuam
429 665 798 750 dictaturam,
846 672 1389 753 praefecturamque
1431 691 1681 752 morum,
1724 675 1964 754 insuper
2011 693 2256 754 praeno-

243 775 368 816 men
419 757 832 836 lmperatoris,
889 772 1222 856 cognomen
1269 757 1457 818 Patris
1508 761 1761 838 patriae,
1816 767 2057 820 statuam
2107 761 2258 820 inter

197 859 448 918 sregeS,
505 849 848 918 suggestum
884 842 943 900 in
982 839 1316 912 orchestra;
1372 842 1476 902 sed
1518 852 1577 903 et
1618 843 1902 922 ampliora
1943 837 2115 905 etiam
2156 844 2254 903 hu·

237 941 402 986 mano
433 925 678 1002 fastigio
707 923 950 985 decerni
985 923 1095 984 sibi
1125 934 1334 1004 passus
1365 936 1484 986 est·
1524 926 1723 988 sedem
1750 945 1983 988 auream
2012 929 2067 987 in
2098 929 2257 987 curia

236 1017 293 1070 et
324 1026 432 1088 pro
463 1007 768 1086 tribunali,
805 1017 1028 1069 tensam
1053 1018 1112 1068 et
1139 1005 1425 1070 fercu‘lum
1458 1012 1708 1071 circensi
1735 1027 1979 1092 pompa,
2014 1011 2252 1090 templa,

235 1111 390 1169 aras,
438 1092 748 1175 simulacra
791 1095 951 1153 iuxta
996 1092 1175 1171 deos,
1227 1093 1525 1173 pulvinar,
1578 1095 1895 1173 flaminem,
1952 1096 2251 1175 lupercos,

235 1177 691 1256 appellationem
721 1179 940 1236 mensis
974 1196 1006 1236 e
1047 1195 1152 1237 suo
1185 1179 1446 1248 nomine;
1490 1198 1561 1240 ac
1608 1179 1801 1240 nullos
1845 1197 1959 1240 non
1992 1178 2251 1240 honores

24 1177 49 1349 ἡ
167 1279 214 1320 ιο
235 1261 306 1322 ad
338 1260 638 1321 libidinem
677 1262 838 1340 oepit
865 1270 924 1321 et
951 1260 1124 1322 dedit.
1214 1261 1471 1323 Tertium
1502 1273 1560 1324 et
1598 1271 1855 1342 quartum
1894 1263 2251 1323 consulatum

233 1345 399 1405 titulo
440 1353 612 1404 tenus
649 1347 868 1422 gessit,
916 1353 1222 1406 contentus
1269 1347 1587 1408 dictaturae
1633 1355 1925 1427 potestate
1971 1347 2247 1408 decretae

230 1447 360 1490 cum
395 1419 794 1489 consulatibus
827 1429 1024 1506 simul,
1068 1437 1239 1528 atque
1283 1439 1530 1510 utroque
1572 1449 1720 1492 anno
1760 1431 1930 1492 binos
1974 1431 2249 1492 consules

229 1513 526 1574 substituit
555 1512 712 1572 sibi·
695 1531 752 1572 ιιι
782 1522 982 1574 ternos
1004 1515 1357 1584 novissimos
1381 1533 1645 1592 menseS,
1688 1517 1767 1576 ita
1797 1519 1871 1574 ut
1886 1515 2075 1576 medio
2106 1524 2245 1574 tem-

227 1615 375 1678 pore
417 1599 656 1662 comitia
699 1597 854 1658 nulla
897 1596 1161 1658 habuerit
1212 1607 1449 1680 praeter
1486 1599 1839 1659 tribunorum
1884 1609 1941 1658 et
1978 1598 2251 1660 aedilium

158 1701 206 1741 15
224 1682 446 1762 plebis,
495 1681 957 1762 praefectosque
1001 1699 1109 1760 pro
1151 1667 1521 1762 praetoribus
1570 1683 1967 1759 constituerit,
2009 1685 2104 1762 qui
2148 1701 2243 1762 ap·

223 1775 392 1826 sente
441 1784 510 1826 se
555 1783 656 1824 res
698 1765 946 1826 urbanas
989 1765 1470 1827 administrarent
1560 1765 1752 1826 Pridie
1802 1775 1989 1826 autem
2033 1766 2247 1826 Kalena

221 1850 323 1912 das
350 1849 654 1910 Ianuarias
685 1850 990 1929 repentina
1015 1851 1272 1910 consulis
1301 1859 1489 1910 morte
1518 1859 1845 1911 cessantem
1876 1850 2203 1910 honorem
2187 1868 2243 1908 m

220 1952 440 2015 paucas
488 1933 672 1993 horas
718 1934 939 2013 petenti
989 1933 1163 1994 dedit
1251 1935 1472 1996 Eadem
1520 1934 1755 1996 licentia
1796 1942 1998 2014 spreto
2052 1935 2240 2031 patri-o

216 2036 415 2097 more,
447 2019 829 2094 magistratus
859 2019 916 2076 in
945 2018 1128 2096 pluris
1156 2036 1337 2080 annos
1370 2019 1689 2093 ordinavit,
1719 2020 1923 2081 decem
1951 2019 2241 2098 praetoris

151 2123 198 2164 ιο
218 2104 358 2162 viris
391 2101 728 2162 consularia
763 2111 1097 2164 ornamenta
1125 2101 1350 2182 tribuit,
1387 2105 1621 2164 civitate
1657 2103 1938 2181 donatoS,
1980 2111 2039 2163 et
2067 2120 2239 2182 quos-

215 2187 342 2248 dam
371 2205 406 2247 e
439 2181 860 2246 semibarbaris
889 2186 1214 2264 Gallorum,
1257 2189 1487 2266 recepit
1516 2181 1573 2247 ln
1606 2189 1839 2246 curiam.
1921 2148 2241 2247 ’Praeterea

213 2279 488 2331 monetae
532 2269 903 2350 publicisque
948 2233 1338 2348 vectigalibus
1378 2271 1709 2350 peculiares
1748 2287 1959 2330 servos
1990 2287 2237 2350 praepo-

213 2357 346 2415 suit.
421 2355 626 2415 Trium
653 2353 978 2431 legionum,
1010 2372 1168 2454 quas·
1178 2354 1587 2415 Alexandreae
1618 2353 2015 2433 relinquebat,
2048 2371 2240 2412 curam

214 2448 272 2498 et
300 2441 620 2518 imperium
641 2438 831 2498 Rufini
862 2437 1056 2499 liberti
1083 2439 1168 2498 sui
1201 2437 1355 2517 filio,
1388 2438 1659 2498 exsoleto
1690 2454 1825 2514 su0,
1854 2436 2237 2498 demandavit.

148 2521 341 2584 25Nee
390 2523 642 2583 minoris
691 2523 1048 2602 inpotentiae
1092 2540 1277 2584 voces
1327 2521 1628 2602 propalam
1674 2521 1924 2598 edebat,
1976 2530 2037 2580 ut
2076 2519 2237 2581 Titus
2256 2531 2320 2588 77
2368 2539 2607 2599 <snam

26 2635 39 2706 ἱ
212 2607 461 2687 Ampius
508 2604 746 2683 scribit,
799 2604 973 2667 Nihil
1015 2624 1152 2667 esse
1191 2625 1321 2667 rem
1363 2605 1714 2685 publicam,
1762 2605 2241 2703 appellationem
2335 2665 2347 2676 Β

213 2691 399 2753 modo
450 2691 594 2751 sine
639 2707 907 2769 corpore
957 2673 1040 2752 ae
1077 2691 1312 2769 speeie.
1384 2689 1625 2752 Sullam
1661 2690 1937 2752 neseis-se
1972 2690 2236 2766 litterae,

213 2776 320 2854 qui
345 2775 735 2837 dictaturam
764 2775 1138 2854 deposuerit.
1203 2773 1448 2836 Debere
1473 2773 1747 2836 homiues
1781 2773 2241 2834 consideratius

213 2859 339 2920 iam
373 2858 557 2939 loqui
582 2865 816 2934 seeum,
873 2876 952 2921 ae
984 2877 1107 2937 pro
1149 2858 1387 2938 legibus
1413 2856 1646 2919 habere
1676 2874 1837 2936 quae
1864 2856 2051 2918 dieat.
2118 2856 2235 2916 Eo-

145 2958 193 3000 30
213 2961 326 3022 que
356 2945 738 3024 arrogantiae
777 2959 1133 3022 progressus
1163 2951 1286 3019 est,
1333 2951 1425 3020 ut,
1468 2941 1777 3021 haruspice
1807 2941 1993 3000 tristia
2020 2949 2079 3000 et
2110 2942 2237 3001 sine

215 3027 396 3088 corde
426 3036 568 3087 exta
593 3026 880 3105 quondam
907 3029 1226 3104 nuntiante,
1254 3025 1479 3105 futura
1505 3025 1729 3087 diceret
1758 3025 2059 3099 laetiora,
2102 3043 2237 3084 cum

210 3111 438 3183 venet,-
424 3128 584 3172 ·nee
607 3128 730 3190 pro
761 3117 996 3172 ostento
1028 3111 1401 3186 ducendum,
1434 3109 1493 3170 si
1512 3109 1746 3188 pecudi
1771 3127 1880 3170 cor
1916 3103 2285 3186 defuisset.

321 3198 570 3256 Verum
612 3195 986 3276 praecipuam
1025 3204 1084 3256 et
1113 3194 1468 3256 exitiabilem
1510 3193 1621 3254 sibi
1651 3194 1920 3253 invidiam
1956 3191 2091 3251 hinc
2120 3210 2233 3254 ma·
2250 3203 2321 3259 78

210 3281 366 3340 xime
395 3281 604 3340 movit
663 3278 948 3341 Adeuntis
979 3298 1044 3340 se
1079 3296 1206 3340 cum
1230 3279 1492 3359 plurimis
1514 3277 2234 3356 honorificentissimisque

144 3353 502 3444 udeeretis
506 3364 832 3424 universos
871 3357 1070 3444 patres
1113 3364 1487 3442 conscriptos
1528 3363 1739 3424 sedens
1782 3378 1890 3442 pro
1938 3361 2085 3422 aede
2116 3362 2232 3422 Ve-

211 3449 374 3508 neris
406 3448 740 3509 Genetricis
786 3450 1040 3527 excepit.
1133 3447 1374 3523 Quidam
1411 3457 1609 3526 putant
1636 3455 1920 3508 retentum
1951 3464 1983 3506 a
2014 3444 2232 3505 Corne

209 3531 292 3592 lio
319 3530 519 3594 Balbo
539 3577 556 3610 ,
588 3549 714 3592 cum
740 3541 1050 3594 conaretur
1075 3549 1423 3610 assurgere:
1458 3531 1584 3611 alii,
1610 3550 1685 3591 ne
1717 3540 1981 3592 conatum
2006 3529 2235 3607 quidem

213 3617 489 3694 omnino,
539 3614 641 3675 sed
684 3616 856 3678 etiam
895 3615 1296 3702 admonentem
1341 3615 1541 3676 Gaium
1578 3615 1906 3676 Trebatium
1952 3621 2015 3672 ut
2044 3628 2233 3670 assur-
