<?xml version="1.0" encoding="UTF-8"?>
<!DOCTYPE html PUBLIC "-//W3C//DTD XHTML 1.0 Transitional//EN"
    "http://www.w3.org/TR/xhtml1/DTD/xhtml1-transitional.dtd">
<html xmlns="http://www.w3.org/1999/xhtml" xml:lang="en" lang="en">
 <head>
  <title>
</title>
<meta http-equiv="Content-Type" content="text/html;charset=utf-8" />
  <meta name='ocr-system' content='tesseract 3.04.00' />
  <meta name='ocr-capabilities' content='ocr_page ocr_carea ocr_par ocr_line ocrx_word'/>
</head>
<body>
  <div class='ocr_page' id='page_1' title='image "./csuetonitranqui05rothgoog_0303.png"; bbox 0 0 2700 4234; ppageno 0'>
   <div class='ocr_carea' id='block_1_1' title="bbox 1086 288 2200 351">
    <p class='ocr_par' dir='ltr' id='par_1_1' title="bbox 1086 288 2200 351">
     <span class='ocr_line' id='line_1_1' title="bbox 1086 288 2200 351; baseline 0.004 -4"><span class='ocrx_word' id='word_1_1' title='bbox 1086 299 1294 348; x_wconf 67' lang='lat' dir='ltr'><strong>nmo.</strong></span> <span class='ocrx_word' id='word_1_2' title='bbox 2080 288 2200 351; x_wconf 82' lang='lat'><strong>193</strong></span> 
     </span>
    </p>
   </div>
   <div class='ocr_carea' id='block_1_2' title="bbox 128 450 2288 3700">
    <p class='ocr_par' dir='ltr' id='par_1_2' title="bbox 128 450 2286 1618">
     <span class='ocr_line' id='line_1_2' title="bbox 202 450 2201 534; baseline 0 -20"><span class='ocrx_word' id='word_1_3' title='bbox 202 452 472 514; x_wconf 84' lang='lat' dir='ltr'><strong>vehicula</strong></span> <span class='ocrx_word' id='word_1_4' title='bbox 504 450 803 532; x_wconf 88' lang='lat' dir='ltr'><strong>portandis</strong></span> <span class='ocrx_word' id='word_1_5' title='bbox 828 453 1115 514; x_wconf 88' lang='lat' dir='ltr'><strong>scaenicis</strong></span> <span class='ocrx_word' id='word_1_6' title='bbox 1147 455 1388 531; x_wconf 76' lang='lat' dir='ltr'>organis</span> <span class='ocrx_word' id='word_1_7' title='bbox 1406 500 1423 533; x_wconf 91' lang='lat'><strong>,</strong></span> <span class='ocrx_word' id='word_1_8' title='bbox 1453 453 1922 532; x_wconf 78' lang='lat' dir='ltr'><strong>concubinasque</strong></span> <span class='ocrx_word' id='word_1_9' title='bbox 1952 473 2096 534; x_wconf 90' lang='lat' dir='ltr'><strong>quas</strong></span> <span class='ocrx_word' id='word_1_10' title='bbox 2112 472 2201 514; x_wconf 88' lang='lat' dir='ltr'><strong>se-</strong></span> 
     </span>
     <span class='ocr_line' id='line_1_3' title="bbox 208 534 2201 619; baseline -0.001 -20"><span class='ocrx_word' id='word_1_11' title='bbox 208 553 335 599; x_wconf 87' lang='lat' dir='ltr'><strong>cum</strong></span> <span class='ocrx_word' id='word_1_12' title='bbox 358 535 635 597; x_wconf 85' lang='lat' dir='ltr'><strong>educeret</strong></span> <span class='ocrx_word' id='word_1_13' title='bbox 663 535 936 597; x_wconf 86' lang='lat' dir='ltr'><strong>tondendi</strong></span> <span class='ocrx_word' id='word_1_14' title='bbox 962 534 1035 596; x_wconf 88' lang='lat' dir='ltr'><strong>ad</strong></span> <span class='ocrx_word' id='word_1_15' title='bbox 1059 537 1284 597; x_wconf 83' lang='lat' dir='ltr'><strong>virilem</strong></span> <span class='ocrx_word' id='word_1_16' title='bbox 1307 538 1537 598; x_wconf 88' lang='lat' dir='ltr'><strong>modum</strong></span> <span class='ocrx_word' id='word_1_17' title='bbox 1574 547 1631 598; x_wconf 90' lang='lat' dir='ltr'><strong>et</strong></span> <span class='ocrx_word' id='word_1_18' title='bbox 1665 537 1969 599; x_wconf 81' lang='lat' dir='ltr'><strong>securibus</strong></span> <span class='ocrx_word' id='word_1_19' title='bbox 2003 537 2201 619; x_wconf 89' lang='lat' dir='ltr'><strong>peltis-</strong></span> 
     </span>
     <span class='ocr_line' id='line_1_4' title="bbox 205 619 2200 702; baseline -0.001 -20"><span class='ocrx_word' id='word_1_20' title='bbox 205 639 321 702; x_wconf 88' lang='lat' dir='ltr'><strong>que</strong></span> <span class='ocrx_word' id='word_1_21' title='bbox 348 619 719 680; x_wconf 81' lang='lat' dir='ltr'><strong>Amazonicis</strong></span> <span class='ocrx_word' id='word_1_22' title='bbox 742 619 1077 680; x_wconf 87' lang='lat' dir='ltr'><strong>instruendi.</strong></span> <span class='ocrx_word' id='word_1_23' title='bbox 1122 619 1263 681; x_wconf 83' lang='lat' dir='ltr'><strong>Mox</strong></span> <span class='ocrx_word' id='word_1_24' title='bbox 1292 621 1475 681; x_wconf 89' lang='lat' dir='ltr'><strong>tribus</strong></span> <span class='ocrx_word' id='word_1_25' title='bbox 1505 621 1753 682; x_wconf 86' lang='lat' dir='ltr'><strong>urbanas</strong></span> <span class='ocrx_word' id='word_1_26' title='bbox 1778 620 1848 681; x_wconf 88' lang='lat' dir='ltr'><strong>ad</strong></span> <span class='ocrx_word' id='word_1_27' title='bbox 1875 639 2200 684; x_wconf 85' lang='lat' dir='ltr'><strong>sacramen·</strong></span> 
     </span>
     <span class='ocr_line' id='line_1_5' title="bbox 203 701 2199 782; baseline -0.001 -16"><span class='ocrx_word' id='word_1_28' title='bbox 203 715 321 766; x_wconf 87' lang='lat' dir='ltr'><strong>tum</strong></span> <span class='ocrx_word' id='word_1_29' title='bbox 345 705 571 780; x_wconf 87' lang='lat' dir='ltr'><strong>citavit,</strong></span> <span class='ocrx_word' id='word_1_30' title='bbox 602 721 673 763; x_wconf 86' lang='lat' dir='ltr'><strong>ac</strong></span> <span class='ocrx_word' id='word_1_31' title='bbox 695 701 854 763; x_wconf 91' lang='lat' dir='ltr'><strong>nullo</strong></span> <span class='ocrx_word' id='word_1_32' title='bbox 880 703 1092 763; x_wconf 86' lang='lat' dir='ltr'><strong>idoneo</strong></span> <span class='ocrx_word' id='word_1_33' title='bbox 1117 705 1516 782; x_wconf 81' lang='lat' dir='ltr'><strong>respondente</strong></span> <span class='ocrx_word' id='word_1_34' title='bbox 1559 714 1777 765; x_wconf 86' lang='lat' dir='ltr'><strong>certum</strong></span> <span class='ocrx_word' id='word_1_35' title='bbox 1804 704 2047 765; x_wconf 89' lang='lat' dir='ltr'><strong>dominis</strong></span> <span class='ocrx_word' id='word_1_36' title='bbox 2077 723 2199 766; x_wconf 89' lang='lat' dir='ltr'><strong>ser-</strong></span> 
     </span>
     <span class='ocr_line' id='line_1_6' title="bbox 154 786 2200 869; baseline -0.001 -18"><span class='ocrx_word' id='word_1_37' title='bbox 154 809 185 851; x_wconf 77' lang='lat'><strong>5</strong></span> <span class='ocrx_word' id='word_1_38' title='bbox 203 805 408 850; x_wconf 82' lang='lat' dir='ltr'><strong>vorum</strong></span> <span class='ocrx_word' id='word_1_39' title='bbox 429 805 724 848; x_wconf 89' lang='lat' dir='ltr'><strong>numerum</strong></span> <span class='ocrx_word' id='word_1_40' title='bbox 747 786 981 857; x_wconf 80' lang='lat' dir='ltr'><strong>indixit3</strong></span> <span class='ocrx_word' id='word_1_41' title='bbox 1009 803 1119 846; x_wconf 90' lang='lat' dir='ltr'><strong>nec</strong></span> <span class='ocrx_word' id='word_1_42' title='bbox 1145 789 1254 846; x_wconf 86' lang='lat' dir='ltr'><strong>nisi</strong></span> <span class='ocrx_word' id='word_1_43' title='bbox 1279 805 1357 848; x_wconf 80' lang='lat' dir='ltr'><strong>ex</strong></span> <span class='ocrx_word' id='word_1_44' title='bbox 1377 797 1500 849; x_wconf 86' lang='lat' dir='ltr'><strong>tota</strong></span> <span class='ocrx_word' id='word_1_45' title='bbox 1525 790 1802 867; x_wconf 87' lang='lat' dir='ltr'><strong>cuiusque</strong></span> <span class='ocrx_word' id='word_1_46' title='bbox 1825 788 2038 849; x_wconf 80' lang='lat' dir='ltr'><strong>familia</strong></span> <span class='ocrx_word' id='word_1_47' title='bbox 2063 805 2200 869; x_wconf 89' lang='lat' dir='ltr'><strong>pro-</strong></span> 
     </span>
     <span class='ocr_line' id='line_1_7' title="bbox 203 869 2198 950; baseline -0.001 -17"><span class='ocrx_word' id='word_1_48' title='bbox 203 872 558 948; x_wconf 89' lang='lat' dir='ltr'><strong>batissimos,</strong></span> <span class='ocrx_word' id='word_1_49' title='bbox 582 888 655 930; x_wconf 98' lang='lat' dir='ltr'><strong>ne</strong></span> <span class='ocrx_word' id='word_1_50' title='bbox 680 869 1182 949; x_wconf 78' lang='lat' dir='ltr'><strong>dispensatoribus</strong></span> <span class='ocrx_word' id='word_1_51' title='bbox 1227 872 1458 950; x_wconf 89' lang='lat' dir='ltr'><strong>quidem</strong></span> <span class='ocrx_word' id='word_1_52' title='bbox 1497 880 1591 933; x_wconf 90' lang='lat' dir='ltr'><strong>aut</strong></span> <span class='ocrx_word' id='word_1_53' title='bbox 1625 872 2064 932; x_wconf 78' lang='lat' dir='ltr'><strong>amanuensibus</strong></span> <span class='ocrx_word' id='word_1_54' title='bbox 2100 890 2198 932; x_wconf 84' lang='lat' dir='ltr'><strong>ex·</strong></span> 
     </span>
     <span class='ocr_line' id='line_1_8' title="bbox 203 954 2200 1034; baseline -0.002 -16"><span class='ocrx_word' id='word_1_55' title='bbox 203 956 417 1034; x_wconf 85' lang='lat' dir='ltr'><strong>ceptis,</strong></span> <span class='ocrx_word' id='word_1_56' title='bbox 441 955 687 1033; x_wconf 88' lang='lat' dir='ltr'><strong>recepit.</strong></span> <span class='ocrx_word' id='word_1_57' title='bbox 755 954 985 1015; x_wconf 86' lang='lat' dir='ltr'><strong>Partem</strong></span> <span class='ocrx_word' id='word_1_58' title='bbox 1009 955 1181 1014; x_wconf 86' lang='lat' dir='ltr'><strong>etiam</strong></span> <span class='ocrx_word' id='word_1_59' title='bbox 1205 972 1416 1016; x_wconf 89' lang='lat' dir='ltr'><strong>census</strong></span> <span class='ocrx_word' id='word_1_60' title='bbox 1441 972 1643 1016; x_wconf 92' lang='lat' dir='ltr'><strong>omnes</strong></span> <span class='ocrx_word' id='word_1_61' title='bbox 1669 955 1904 1016; x_wconf 88' lang='lat' dir='ltr'><strong>ordines</strong></span> <span class='ocrx_word' id='word_1_62' title='bbox 1928 956 2200 1016; x_wconf 82' lang='lat' dir='ltr'><strong>conferre</strong></span> 
     </span>
     <span class='ocr_line' id='line_1_9' title="bbox 200 1037 2201 1119; baseline -0.001 -18"><span class='ocrx_word' id='word_1_63' title='bbox 200 1041 390 1116; x_wconf 90' lang='lat' dir='ltr'><strong>iussit,</strong></span> <span class='ocrx_word' id='word_1_64' title='bbox 427 1047 485 1100; x_wconf 90' lang='lat' dir='ltr'><strong>et</strong></span> <span class='ocrx_word' id='word_1_65' title='bbox 508 1040 750 1117; x_wconf 85' lang='lat' dir='ltr'><strong>insuper</strong></span> <span class='ocrx_word' id='word_1_66' title='bbox 778 1037 1093 1116; x_wconf 87' lang='lat' dir='ltr'><strong>inquilinos</strong></span> <span class='ocrx_word' id='word_1_67' title='bbox 1121 1038 1475 1117; x_wconf 86' lang='lat' dir='ltr'><strong>privatarum</strong></span> <span class='ocrx_word' id='word_1_68' title='bbox 1512 1037 1736 1100; x_wconf 85' lang='lat' dir='ltr'><strong>aedium</strong></span> <span class='ocrx_word' id='word_1_69' title='bbox 1775 1048 1947 1119; x_wconf 88' lang='lat' dir='ltr'><strong>atque</strong></span> <span class='ocrx_word' id='word_1_70' title='bbox 1991 1039 2201 1100; x_wconf 85' lang='lat' dir='ltr'><strong>insula-</strong></span> 
     </span>
     <span class='ocr_line' id='line_1_10' title="bbox 200 1122 2203 1202; baseline -0.001 -17"><span class='ocrx_word' id='word_1_71' title='bbox 200 1143 329 1186; x_wconf 88' lang='lat' dir='ltr'><strong>rum</strong></span> <span class='ocrx_word' id='word_1_72' title='bbox 352 1123 695 1201; x_wconf 88' lang='lat' dir='ltr'><strong>pensionem</strong></span> <span class='ocrx_word' id='word_1_73' title='bbox 712 1139 955 1182; x_wconf 86' lang='lat' dir='ltr'><strong>annuam</strong></span> <span class='ocrx_word' id='word_1_74' title='bbox 977 1132 1430 1201; x_wconf 87' lang='lat' dir='ltr'><strong>repraesentare</strong></span> <span class='ocrx_word' id='word_1_75' title='bbox 1447 1123 1618 1192; x_wconf 82' lang='lat' dir='ltr'><strong>fisco;</strong></span> <span class='ocrx_word' id='word_1_76' title='bbox 1648 1125 1967 1202; x_wconf 75' lang='lat' dir='ltr'><strong>exegitque</strong></span> <span class='ocrx_word' id='word_1_77' title='bbox 1982 1122 2203 1201; x_wconf 76' lang='lat' dir='ltr'><strong>ingenti</strong></span> 
     </span>
     <span class='ocr_line' id='line_1_11' title="bbox 128 1203 2201 1286; baseline -0.002 -17"><span class='ocrx_word' id='word_1_78' title='bbox 128 1227 185 1270; x_wconf 83' lang='grc' dir='ltr'><strong>ιο</strong></span> <span class='ocrx_word' id='word_1_79' title='bbox 203 1206 439 1269; x_wconf 82' lang='lat' dir='ltr'><strong>fastidio</strong></span> <span class='ocrx_word' id='word_1_80' title='bbox 468 1215 527 1268; x_wconf 88' lang='lat' dir='ltr'><strong>et</strong></span> <span class='ocrx_word' id='word_1_81' title='bbox 550 1203 868 1266; x_wconf 82' lang='lat' dir='ltr'><strong>acerbitate</strong></span> <span class='ocrx_word' id='word_1_82' title='bbox 890 1223 1175 1266; x_wconf 89' lang='lat' dir='ltr'><strong>nummum</strong></span> <span class='ocrx_word' id='word_1_83' title='bbox 1199 1223 1488 1285; x_wconf 90' lang='lat' dir='ltr'><strong>asperum,</strong></span> <span class='ocrx_word' id='word_1_84' title='bbox 1513 1214 1811 1284; x_wconf 87' lang='lat' dir='ltr'><strong>argentum</strong></span> <span class='ocrx_word' id='word_1_85' title='bbox 1837 1207 2201 1286; x_wconf 83' lang='lat' dir='ltr'><strong>pustulatum,</strong></span> 
     </span>
     <span class='ocr_line' id='line_1_12' title="bbox 204 1288 2202 1370; baseline -0.003 -17"><span class='ocrx_word' id='word_1_86' title='bbox 204 1309 405 1354; x_wconf 87' lang='lat' dir='ltr'><strong>aurum</strong></span> <span class='ocrx_word' id='word_1_87' title='bbox 447 1289 519 1351; x_wconf 91' lang='lat' dir='ltr'><strong>ad</strong></span> <span class='ocrx_word' id='word_1_88' title='bbox 557 1288 893 1364; x_wconf 83' lang='lat' dir='ltr'><strong>obrussam,</strong></span> <span class='ocrx_word' id='word_1_89' title='bbox 933 1298 995 1349; x_wconf 91' lang='lat' dir='ltr'><strong>ut</strong></span> <span class='ocrx_word' id='word_1_90' title='bbox 1027 1289 1293 1368; x_wconf 88' lang='lat' dir='ltr'><strong>plerique</strong></span> <span class='ocrx_word' id='word_1_91' title='bbox 1330 1309 1558 1352; x_wconf 89' lang='lat' dir='ltr'><strong>omnem</strong></span> <span class='ocrx_word' id='word_1_92' title='bbox 1595 1289 1970 1352; x_wconf 85' lang='lat' dir='ltr'><strong>collationem</strong></span> <span class='ocrx_word' id='word_1_93' title='bbox 2013 1289 2202 1370; x_wconf 89' lang='lat' dir='ltr'><strong>palam</strong></span> 
     </span>
     <span class='ocr_line' id='line_1_13' title="bbox 201 1372 2200 1454; baseline -0.002 -17"><span class='ocrx_word' id='word_1_94' title='bbox 201 1383 574 1451; x_wconf 86' lang='lat' dir='ltr'><strong>recusarent,</strong></span> <span class='ocrx_word' id='word_1_95' title='bbox 617 1390 907 1433; x_wconf 88' lang='lat' dir='ltr'><strong>consensu</strong></span> <span class='ocrx_word' id='word_1_96' title='bbox 932 1372 1294 1450; x_wconf 83' lang='lat' dir='ltr'><strong>flagitantes,</strong></span> <span class='ocrx_word' id='word_1_97' title='bbox 1331 1393 1366 1434; x_wconf 89' lang='lat' dir='ltr'><strong>a</strong></span> <span class='ocrx_word' id='word_1_98' title='bbox 1404 1373 1760 1435; x_wconf 86' lang='lat' dir='ltr'><strong>delatoribus</strong></span> <span class='ocrx_word' id='word_1_99' title='bbox 1790 1375 1984 1454; x_wconf 88' lang='lat' dir='ltr'><strong>potius</strong></span> <span class='ocrx_word' id='word_1_100' title='bbox 2027 1390 2200 1434; x_wconf 81' lang='lat' dir='ltr'><strong>revo-</strong></span> 
     </span>
     <span class='ocr_line' id='line_1_14' title="bbox 205 1457 2286 1538; baseline -0.002 -17"><span class='ocrx_word' id='word_1_101' title='bbox 205 1458 391 1521; x_wconf 89' lang='lat' dir='ltr'><strong>canda</strong></span> <span class='ocrx_word' id='word_1_102' title='bbox 427 1457 685 1538; x_wconf 88' lang='lat' dir='ltr'><strong>praemia</strong></span> <span class='ocrx_word' id='word_1_103' title='bbox 721 1473 1119 1536; x_wconf 86' lang='lat' dir='ltr'><strong>quaecumque</strong></span> <span class='ocrx_word' id='word_1_104' title='bbox 1157 1458 1474 1536; x_wconf 87' lang='lat' dir='ltr'><strong>cepissent.</strong></span> <span class='ocrx_word' id='word_1_105' title='bbox 1541 1457 1633 1518; x_wconf 81' lang='lat' dir='ltr'><strong>Ex</strong></span> <span class='ocrx_word' id='word_1_106' title='bbox 1668 1476 1931 1520; x_wconf 86' lang='lat' dir='ltr'><strong>annonae</strong></span> <span class='ocrx_word' id='word_1_107' title='bbox 1968 1473 2202 1536; x_wconf 89' lang='lat' dir='ltr'><strong>quoque</strong></span> <span class='ocrx_word' id='word_1_108' title='bbox 2217 1462 2286 1518; x_wconf 85' lang='lat'><strong>45</strong></span> 
     </span>
     <span class='ocr_line' id='line_1_15' title="bbox 206 1539 2203 1618; baseline -0.003 -13"><span class='ocrx_word' id='word_1_109' title='bbox 206 1545 446 1606; x_wconf 86' lang='lat' dir='ltr'><strong>caritate</strong></span> <span class='ocrx_word' id='word_1_110' title='bbox 481 1541 725 1603; x_wconf 85' lang='lat' dir='ltr'><strong>lucranti</strong></span> <span class='ocrx_word' id='word_1_111' title='bbox 761 1540 1025 1601; x_wconf 84' lang='lat' dir='ltr'><strong>adcrevit</strong></span> <span class='ocrx_word' id='word_1_112' title='bbox 1058 1539 1303 1612; x_wconf 82' lang='lat' dir='ltr'><strong>invidia;</strong></span> <span class='ocrx_word' id='word_1_113' title='bbox 1342 1561 1473 1602; x_wconf 92' lang='lat' dir='ltr'><strong>nam</strong></span> <span class='ocrx_word' id='word_1_114' title='bbox 1509 1551 1568 1602; x_wconf 89' lang='lat' dir='ltr'><strong>et</strong></span> <span class='ocrx_word' id='word_1_115' title='bbox 1597 1543 1754 1603; x_wconf 82' lang='lat' dir='ltr'><strong>forte</strong></span> <span class='ocrx_word' id='word_1_116' title='bbox 1789 1540 2019 1618; x_wconf 87' lang='lat' dir='ltr'><strong>accidit,</strong></span> <span class='ocrx_word' id='word_1_117' title='bbox 2050 1549 2112 1600; x_wconf 92' lang='lat' dir='ltr'><strong>ut</strong></span> <span class='ocrx_word' id='word_1_118' title='bbox 2147 1541 2203 1600; x_wconf 88' lang='lat' dir='ltr'><strong>in</strong></span> 
     </span>
    </p>

    <p class='ocr_par' dir='ltr' id='par_1_3' title="bbox 130 1623 2201 1772">
     <span class='ocr_line' id='line_1_16' title="bbox 130 1623 2201 1709; baseline -0 -24"><span class='ocrx_word' id='word_1_119' title='bbox 130 1644 187 1685; x_wconf 83' lang='lat'><strong>15</strong></span> <span class='ocrx_word' id='word_1_120' title='bbox 204 1627 435 1709; x_wconf 88' lang='lat' dir='ltr'><strong>publica</strong></span> <span class='ocrx_word' id='word_1_121' title='bbox 456 1625 608 1686; x_wconf 78' lang='lat' dir='ltr'><strong>fame</strong></span> <span class='ocrx_word' id='word_1_122' title='bbox 631 1623 1025 1685; x_wconf 86' lang='lat' dir='ltr'><strong>Alexandrina</strong></span> <span class='ocrx_word' id='word_1_123' title='bbox 1062 1626 1224 1685; x_wconf 83' lang='lat' dir='ltr'><strong>navis</strong></span> <span class='ocrx_word' id='word_1_124' title='bbox 1249 1627 1605 1687; x_wconf 87' lang='lat' dir='ltr'><strong>nuntiaretur</strong></span> <span class='ocrx_word' id='word_1_125' title='bbox 1630 1626 1930 1708; x_wconf 74' lang='lat' dir='ltr'><strong>pulverem</strong></span> <span class='ocrx_word' id='word_1_126' title='bbox 1956 1625 2201 1685; x_wconf 89' lang='lat' dir='ltr'><strong>luctato·</strong></span> 
     </span>
     <span class='ocr_line' id='line_1_17' title="bbox 203 1708 949 1772; baseline -0.007 0"><span class='ocrx_word' id='word_1_127' title='bbox 203 1711 367 1772; x_wconf 87' lang='lat' dir='ltr'><strong>ribus</strong></span> <span class='ocrx_word' id='word_1_128' title='bbox 391 1709 594 1770; x_wconf 88' lang='lat' dir='ltr'><strong>aulicis</strong></span> <span class='ocrx_word' id='word_1_129' title='bbox 620 1708 949 1768; x_wconf 84' lang='lat' dir='ltr'><strong>advexisse.</strong></span> 
     </span>
    </p>

    <p class='ocr_par' dir='ltr' id='par_1_4' title="bbox 206 1791 2203 2040">
     <span class='ocr_line' id='line_1_18' title="bbox 336 1791 2200 1871; baseline 0 -19"><span class='ocrx_word' id='word_1_130' title='bbox 336 1794 529 1868; x_wconf 83' lang='lat' dir='ltr'><strong>Quare</strong></span> <span class='ocrx_word' id='word_1_131' title='bbox 552 1792 797 1851; x_wconf 88' lang='lat' dir='ltr'><strong>omnium</strong></span> <span class='ocrx_word' id='word_1_132' title='bbox 820 1794 877 1850; x_wconf 91' lang='lat' dir='ltr'><strong>in</strong></span> <span class='ocrx_word' id='word_1_133' title='bbox 900 1809 967 1852; x_wconf 89' lang='lat' dir='ltr'><strong>se</strong></span> <span class='ocrx_word' id='word_1_134' title='bbox 993 1791 1128 1853; x_wconf 91' lang='lat' dir='ltr'><strong>odio</strong></span> <span class='ocrx_word' id='word_1_135' title='bbox 1154 1793 1412 1871; x_wconf 90' lang='lat' dir='ltr'><strong>incitato,</strong></span> <span class='ocrx_word' id='word_1_136' title='bbox 1439 1791 1579 1853; x_wconf 89' lang='lat' dir='ltr'><strong>nihil</strong></span> <span class='ocrx_word' id='word_1_137' title='bbox 1606 1791 2079 1855; x_wconf 87' lang='lat' dir='ltr'><strong>contumeliarum</strong></span> <span class='ocrx_word' id='word_1_138' title='bbox 2103 1791 2200 1852; x_wconf 91' lang='lat' dir='ltr'><strong>de-</strong></span> 
     </span>
     <span class='ocr_line' id='line_1_19' title="bbox 206 1875 2203 1956; baseline -0.003 -17"><span class='ocrx_word' id='word_1_139' title='bbox 206 1880 314 1939; x_wconf 80' lang='lat' dir='ltr'><strong>fuit</strong></span> <span class='ocrx_word' id='word_1_140' title='bbox 341 1877 477 1955; x_wconf 88' lang='lat' dir='ltr'><strong>quin</strong></span> <span class='ocrx_word' id='word_1_141' title='bbox 502 1875 739 1935; x_wconf 88' lang='lat' dir='ltr'><strong>subiret.</strong></span> <span class='ocrx_word' id='word_1_142' title='bbox 802 1875 1035 1935; x_wconf 86' lang='lat' dir='ltr'><strong>Statuae</strong></span> <span class='ocrx_word' id='word_1_143' title='bbox 1070 1876 1197 1936; x_wconf 85' lang='lat' dir='ltr'><strong>eius</strong></span> <span class='ocrx_word' id='word_1_144' title='bbox 1227 1894 1260 1936; x_wconf 86' lang='lat' dir='ltr'><strong>a</strong></span> <span class='ocrx_word' id='word_1_145' title='bbox 1295 1878 1516 1937; x_wconf 86' lang='lat' dir='ltr'><strong>vertice</strong></span> <span class='ocrx_word' id='word_1_146' title='bbox 1552 1877 1737 1936; x_wconf 90' lang='lat' dir='ltr'><strong>cirrus</strong></span> <span class='ocrx_word' id='word_1_147' title='bbox 1771 1877 2075 1956; x_wconf 86' lang='lat' dir='ltr'><strong>appositus</strong></span> <span class='ocrx_word' id='word_1_148' title='bbox 2112 1884 2203 1934; x_wconf 87' lang='lat' dir='ltr'><strong>est</strong></span> 
     </span>
     <span class='ocr_line' id='line_1_20' title="bbox 208 1958 2199 2040; baseline -0.002 -17"><span class='ocrx_word' id='word_1_149' title='bbox 208 1980 341 2023; x_wconf 92' lang='lat' dir='ltr'><strong>cum</strong></span> <span class='ocrx_word' id='word_1_150' title='bbox 363 1959 742 2038; x_wconf 86' lang='lat' dir='ltr'><strong>inscriptione</strong></span> <span class='ocrx_word' id='word_1_151' title='bbox 768 1958 1024 2036; x_wconf 86' lang='lat' dir='ltr'><strong>Graeca,</strong></span> <span class='ocrx_word' id='word_1_152' title='bbox 1060 1970 1223 2022; x_wconf 70' lang='lat' dir='ltr'><strong>nunc</strong></span> <span class='ocrx_word' id='word_1_153' title='bbox 1252 1958 1490 2022; x_wconf 79' lang='lat' dir='ltr'><strong>demum</strong></span> <span class='ocrx_word' id='word_1_154' title='bbox 1521 1977 1732 2040; x_wconf 71' lang='lat' dir='ltr'><strong>ayona</strong></span> <span class='ocrx_word' id='word_1_155' title='bbox 1761 1977 1931 2036; x_wconf 76' lang='lat' dir='ltr'><strong>esse,</strong></span> <span class='ocrx_word' id='word_1_156' title='bbox 1975 1966 2034 2020; x_wconf 81' lang='lat' dir='ltr'><strong>et</strong></span> <span class='ocrx_word' id='word_1_157' title='bbox 2070 1964 2199 2020; x_wconf 78' lang='lat' dir='ltr'><strong>tra-</strong></span> 
     </span>
    </p>

    <p class='ocr_par' dir='ltr' id='par_1_5' title="bbox 131 2040 2201 2458">
     <span class='ocr_line' id='line_1_21' title="bbox 131 2040 2201 2124; baseline 0 -20"><span class='ocrx_word' id='word_1_158' title='bbox 131 2063 189 2104; x_wconf 88' lang='lat'><strong>20</strong></span> <span class='ocrx_word' id='word_1_159' title='bbox 208 2045 385 2107; x_wconf 81' lang='lat' dir='ltr'><strong>deret</strong></span> <span class='ocrx_word' id='word_1_160' title='bbox 419 2042 703 2105; x_wconf 77' lang='lat' dir='ltr'><strong>tandem!</strong></span> <span class='ocrx_word' id='word_1_161' title='bbox 759 2040 1018 2104; x_wconf 86' lang='lat' dir='ltr'><strong>Alterius</strong></span> <span class='ocrx_word' id='word_1_162' title='bbox 1058 2044 1215 2105; x_wconf 92' lang='lat' dir='ltr'><strong>collo</strong></span> <span class='ocrx_word' id='word_1_163' title='bbox 1261 2063 1550 2124; x_wconf 87' lang='lat' dir='ltr'><strong>ascopera</strong></span> <span class='ocrx_word' id='word_1_164' title='bbox 1599 2043 1886 2122; x_wconf 86' lang='lat' dir='ltr'><strong>deligata,</strong></span> <span class='ocrx_word' id='word_1_165' title='bbox 1921 2042 2201 2122; x_wconf 85' lang='lat' dir='ltr'><strong>simulque</strong></span> 
     </span>
     <span class='ocr_line' id='line_1_22' title="bbox 204 2125 2200 2208; baseline -0.003 -16"><span class='ocrx_word' id='word_1_166' title='bbox 204 2130 434 2192; x_wconf 87' lang='lat' dir='ltr'><strong>titulus:</strong></span> <span class='ocrx_word' id='word_1_167' title='bbox 485 2126 622 2208; x_wconf 74' lang='lat' dir='ltr'><strong>qu</strong></span> <span class='ocrx_word' id='word_1_168' title='bbox 660 2125 811 2208; x_wconf 78' lang='lat' dir='ltr'><strong>quid</strong></span> <span class='ocrx_word' id='word_1_169' title='bbox 829 2126 1057 2205; x_wconf 69' lang='lat' dir='ltr'><strong>potui?</strong></span> <span class='ocrx_word' id='word_1_170' title='bbox 1098 2127 1213 2188; x_wconf 80' lang='lat' dir='ltr'><strong>sed</strong></span> <span class='ocrx_word' id='word_1_171' title='bbox 1242 2134 1307 2188; x_wconf 81' lang='lat' dir='ltr'><strong>tu</strong></span> <span class='ocrx_word' id='word_1_172' title='bbox 1346 2129 1607 2190; x_wconf 77' lang='lat' dir='ltr'><strong>culleum</strong></span> <span class='ocrx_word' id='word_1_173' title='bbox 1644 2127 1938 2189; x_wconf 76' lang='lat' dir='ltr'><strong>meruisti.</strong></span> <span class='ocrx_word' id='word_1_174' title='bbox 2003 2127 2200 2186; x_wconf 88' lang='lat' dir='ltr'><strong>Ascri-</strong></span> 
     </span>
     <span class='ocr_line' id='line_1_23' title="bbox 204 2210 2200 2295; baseline -0.003 -20"><span class='ocrx_word' id='word_1_175' title='bbox 204 2224 365 2295; x_wconf 84' lang='lat' dir='ltr'><strong>ptum</strong></span> <span class='ocrx_word' id='word_1_176' title='bbox 409 2221 467 2274; x_wconf 90' lang='lat' dir='ltr'><strong>et</strong></span> <span class='ocrx_word' id='word_1_177' title='bbox 502 2212 815 2287; x_wconf 88' lang='lat' dir='ltr'><strong>columnis,</strong></span> <span class='ocrx_word' id='word_1_178' title='bbox 862 2211 991 2270; x_wconf 82' lang='lat' dir='ltr'><strong>iam</strong></span> <span class='ocrx_word' id='word_1_179' title='bbox 1036 2210 1133 2273; x_wconf 72' lang='lat' dir='ltr'><strong>Ga</strong></span> <span class='ocrx_word' id='word_1_180' title='bbox 1142 2211 1291 2274; x_wconf 87' lang='lat' dir='ltr'><strong>llos</strong></span> <span class='ocrx_word' id='word_1_181' title='bbox 1335 2231 1470 2273; x_wconf 82' lang='lat' dir='ltr'><strong>eum</strong></span> <span class='ocrx_word' id='word_1_182' title='bbox 1514 2211 1827 2274; x_wconf 79' lang='lat' dir='ltr'><strong>cantando</strong></span> <span class='ocrx_word' id='word_1_183' title='bbox 1870 2211 2200 2272; x_wconf 73' lang='lat' dir='ltr'><strong>excitasse.</strong></span> 
     </span>
     <span class='ocr_line' id='line_1_24' title="bbox 203 2293 2200 2376; baseline -0.004 -16"><span class='ocrx_word' id='word_1_184' title='bbox 203 2299 324 2360; x_wconf 89' lang='lat' dir='ltr'><strong>Iam</strong></span> <span class='ocrx_word' id='word_1_185' title='bbox 348 2295 619 2358; x_wconf 91' lang='lat' dir='ltr'><strong>noctibus</strong></span> <span class='ocrx_word' id='word_1_186' title='bbox 658 2295 846 2371; x_wconf 88' lang='lat' dir='ltr'><strong>iurgia</strong></span> <span class='ocrx_word' id='word_1_187' title='bbox 885 2312 1011 2354; x_wconf 89' lang='lat' dir='ltr'><strong>cum</strong></span> <span class='ocrx_word' id='word_1_188' title='bbox 1047 2297 1237 2355; x_wconf 86' lang='lat' dir='ltr'><strong>servis</strong></span> <span class='ocrx_word' id='word_1_189' title='bbox 1274 2297 1543 2376; x_wconf 88' lang='lat' dir='ltr'><strong>plerique</strong></span> <span class='ocrx_word' id='word_1_190' title='bbox 1581 2295 1950 2372; x_wconf 77' lang='lat' dir='ltr'><strong>slmulantes,</strong></span> <span class='ocrx_word' id='word_1_191' title='bbox 1990 2293 2200 2355; x_wconf 89' lang='lat' dir='ltr'><strong>crebro</strong></span> 
     </span>
     <span class='ocr_line' id='line_1_25' title="bbox 207 2377 963 2458; baseline -0.011 -14"><span class='ocrx_word' id='word_1_192' title='bbox 207 2385 346 2444; x_wconf 90' lang='lat' dir='ltr'><strong>Vin</strong></span> <span class='ocrx_word' id='word_1_193' title='bbox 362 2381 428 2441; x_wconf 88' lang='lat' dir='ltr'><strong>di</strong></span> <span class='ocrx_word' id='word_1_194' title='bbox 448 2399 479 2440; x_wconf 90' lang='lat' dir='ltr'><strong>c</strong></span> <span class='ocrx_word' id='word_1_195' title='bbox 496 2398 598 2439; x_wconf 89' lang='lat' dir='ltr'><strong>em</strong></span> <span class='ocrx_word' id='word_1_196' title='bbox 620 2377 963 2458; x_wconf 88' lang='lat' dir='ltr'><strong>poscebant.</strong></span> 
     </span>
    </p>

    <p class='ocr_par' dir='ltr' id='par_1_6' title="bbox 133 2459 2288 2877">
     <span class='ocr_line' id='line_1_26' title="bbox 133 2459 2288 2542; baseline -0.001 -15"><span class='ocrx_word' id='word_1_197' title='bbox 133 2486 186 2527; x_wconf 83' lang='lat'><strong>25</strong></span> <span class='ocrx_word' id='word_1_198' title='bbox 334 2463 689 2525; x_wconf 86' lang='lat' dir='ltr'><strong>Terrebatur</strong></span> <span class='ocrx_word' id='word_1_199' title='bbox 713 2459 784 2521; x_wconf 91' lang='lat' dir='ltr'><strong>ad</strong></span> <span class='ocrx_word' id='word_1_200' title='bbox 804 2461 921 2521; x_wconf 92' lang='lat' dir='ltr'><strong>hoc</strong></span> <span class='ocrx_word' id='word_1_201' title='bbox 944 2461 1305 2526; x_wconf 81' lang='lat' dir='ltr'><strong>evidentibus</strong></span> <span class='ocrx_word' id='word_1_202' title='bbox 1331 2466 1617 2542; x_wconf 88' lang='lat' dir='ltr'><strong>portentis</strong></span> <span class='ocrx_word' id='word_1_203' title='bbox 1642 2464 1994 2524; x_wconf 88' lang='lat' dir='ltr'><strong>somniorum</strong></span> <span class='ocrx_word' id='word_1_204' title='bbox 2019 2470 2076 2520; x_wconf 92' lang='lat' dir='ltr'><strong>et</strong></span> <span class='ocrx_word' id='word_1_205' title='bbox 2107 2478 2200 2522; x_wconf 87' lang='lat' dir='ltr'><strong>au·</strong></span> <span class='ocrx_word' id='word_1_206' title='bbox 2218 2470 2288 2525; x_wconf 84' lang='lat'><strong>46</strong></span> 
     </span>
     <span class='ocr_line' id='line_1_27' title="bbox 208 2545 2204 2631; baseline -0.004 -20"><span class='ocrx_word' id='word_1_207' title='bbox 208 2550 525 2631; x_wconf 86' lang='lat' dir='ltr'><strong>spiciorum</strong></span> <span class='ocrx_word' id='word_1_208' title='bbox 561 2555 621 2606; x_wconf 95' lang='lat' dir='ltr'><strong>et</strong></span> <span class='ocrx_word' id='word_1_209' title='bbox 659 2546 939 2624; x_wconf 86' lang='lat' dir='ltr'><strong>ominum,</strong></span> <span class='ocrx_word' id='word_1_210' title='bbox 978 2565 1107 2607; x_wconf 91' lang='lat' dir='ltr'><strong>cum</strong></span> <span class='ocrx_word' id='word_1_211' title='bbox 1147 2546 1444 2609; x_wconf 86' lang='lat' dir='ltr'><strong>veteribus</strong></span> <span class='ocrx_word' id='word_1_212' title='bbox 1475 2556 1592 2608; x_wconf 88' lang='lat' dir='ltr'><strong>tum</strong></span> <span class='ocrx_word' id='word_1_213' title='bbox 1632 2548 1821 2608; x_wconf 86' lang='lat' dir='ltr'><strong>novis.</strong></span> <span class='ocrx_word' id='word_1_214' title='bbox 1885 2545 2204 2624; x_wconf 88' lang='lat' dir='ltr'><strong>Numquam</strong></span> 
     </span>
     <span class='ocr_line' id='line_1_28' title="bbox 208 2629 2203 2711; baseline -0.003 -17"><span class='ocrx_word' id='word_1_215' title='bbox 208 2642 380 2695; x_wconf 90' lang='lat' dir='ltr'><strong>antea</strong></span> <span class='ocrx_word' id='word_1_216' title='bbox 404 2632 691 2692; x_wconf 88' lang='lat' dir='ltr'><strong>somniare</strong></span> <span class='ocrx_word' id='word_1_217' title='bbox 715 2629 942 2708; x_wconf 83' lang='lat' dir='ltr'><strong>solitus,</strong></span> <span class='ocrx_word' id='word_1_218' title='bbox 969 2633 1169 2692; x_wconf 89' lang='lat' dir='ltr'><strong>occisa</strong></span> <span class='ocrx_word' id='word_1_219' title='bbox 1194 2631 1419 2692; x_wconf 82' lang='lat' dir='ltr'><strong>demum</strong></span> <span class='ocrx_word' id='word_1_220' title='bbox 1443 2641 1626 2692; x_wconf 89' lang='lat' dir='ltr'><strong>matre</strong></span> <span class='ocrx_word' id='word_1_221' title='bbox 1647 2631 1790 2692; x_wconf 81' lang='lat' dir='ltr'><strong>vidit</strong></span> <span class='ocrx_word' id='word_1_222' title='bbox 1808 2649 1916 2711; x_wconf 88' lang='lat' dir='ltr'><strong>per</strong></span> <span class='ocrx_word' id='word_1_223' title='bbox 1932 2631 2203 2710; x_wconf 86' lang='lat' dir='ltr'><strong>quietem,</strong></span> 
     </span>
     <span class='ocr_line' id='line_1_29' title="bbox 205 2711 2203 2794; baseline -0.004 -15"><span class='ocrx_word' id='word_1_224' title='bbox 205 2736 416 2780; x_wconf 84' lang='lat' dir='ltr'><strong>navem</strong></span> <span class='ocrx_word' id='word_1_225' title='bbox 456 2714 568 2776; x_wconf 88' lang='lat' dir='ltr'><strong>sibi</strong></span> <span class='ocrx_word' id='word_1_226' title='bbox 602 2715 835 2792; x_wconf 84' lang='lat' dir='ltr'><strong>regenti</strong></span> <span class='ocrx_word' id='word_1_227' title='bbox 879 2724 1167 2776; x_wconf 85' lang='lat' dir='ltr'><strong>extortum</strong></span> <span class='ocrx_word' id='word_1_228' title='bbox 1208 2715 1695 2794; x_wconf 75' lang='lat' dir='ltr'><strong>gubernaculum,</strong></span> <span class='ocrx_word' id='word_1_229' title='bbox 1730 2715 1994 2792; x_wconf 87' lang='lat' dir='ltr'><strong>trahique</strong></span> <span class='ocrx_word' id='word_1_230' title='bbox 2032 2731 2096 2773; x_wconf 90' lang='lat' dir='ltr'><strong>se</strong></span> <span class='ocrx_word' id='word_1_231' title='bbox 2131 2711 2203 2773; x_wconf 88' lang='lat' dir='ltr'><strong>ab</strong></span> 
     </span>
     <span class='ocr_line' id='line_1_30' title="bbox 210 2795 2203 2877; baseline -0.004 -15"><span class='ocrx_word' id='word_1_232' title='bbox 210 2801 450 2862; x_wconf 79' lang='lat' dir='ltr'><strong>Octavia</strong></span> <span class='ocrx_word' id='word_1_233' title='bbox 473 2815 658 2860; x_wconf 86' lang='lat' dir='ltr'><strong>uxore</strong></span> <span class='ocrx_word' id='word_1_234' title='bbox 682 2799 741 2856; x_wconf 90' lang='lat' dir='ltr'><strong>in</strong></span> <span class='ocrx_word' id='word_1_235' title='bbox 764 2799 1080 2858; x_wconf 86' lang='lat' dir='ltr'><strong>artissimas</strong></span> <span class='ocrx_word' id='word_1_236' title='bbox 1114 2799 1390 2861; x_wconf 87' lang='lat' dir='ltr'><strong>tenebras</strong></span> <span class='ocrx_word' id='word_1_237' title='bbox 1417 2808 1476 2859; x_wconf 89' lang='lat' dir='ltr'><strong>et</strong></span> <span class='ocrx_word' id='word_1_238' title='bbox 1509 2799 1683 2860; x_wconf 90' lang='lat' dir='ltr'><strong>modo</strong></span> <span class='ocrx_word' id='word_1_239' title='bbox 1711 2800 2064 2877; x_wconf 87' lang='lat' dir='ltr'><strong>pinnatarum</strong></span> <span class='ocrx_word' id='word_1_240' title='bbox 2085 2795 2203 2857; x_wconf 80' lang='lat' dir='ltr'><strong>for-</strong></span> 
     </span>
    </p>

    <p class='ocr_par' dir='ltr' id='par_1_7' title="bbox 134 2878 2204 3298">
     <span class='ocr_line' id='line_1_31' title="bbox 134 2878 2204 2962; baseline -0.002 -18"><span class='ocrx_word' id='word_1_241' title='bbox 134 2902 188 2944; x_wconf 83' lang='lat'><strong>30</strong></span> <span class='ocrx_word' id='word_1_242' title='bbox 206 2886 485 2946; x_wconf 89' lang='lat' dir='ltr'><strong>micarum</strong></span> <span class='ocrx_word' id='word_1_243' title='bbox 518 2881 873 2942; x_wconf 87' lang='lat' dir='ltr'><strong>multitudine</strong></span> <span class='ocrx_word' id='word_1_244' title='bbox 915 2882 1175 2962; x_wconf 90' lang='lat' dir='ltr'><strong>oppleri,</strong></span> <span class='ocrx_word' id='word_1_245' title='bbox 1217 2883 1392 2945; x_wconf 89' lang='lat' dir='ltr'><strong>modo</strong></span> <span class='ocrx_word' id='word_1_246' title='bbox 1429 2901 1461 2942; x_wconf 91' lang='lat' dir='ltr'><strong>a</strong></span> <span class='ocrx_word' id='word_1_247' title='bbox 1498 2883 1817 2944; x_wconf 88' lang='lat' dir='ltr'><strong>simulacris</strong></span> <span class='ocrx_word' id='word_1_248' title='bbox 1854 2881 2107 2958; x_wconf 89' lang='lat' dir='ltr'><strong>gentium</strong></span> <span class='ocrx_word' id='word_1_249' title='bbox 2133 2878 2204 2941; x_wconf 88' lang='lat' dir='ltr'><strong>ad</strong></span> 
     </span>
     <span class='ocr_line' id='line_1_32' title="bbox 206 2964 2202 3047; baseline -0.005 -16"><span class='ocrx_word' id='word_1_250' title='bbox 206 2969 452 3047; x_wconf 88' lang='lat' dir='ltr'><strong>Pompei</strong></span> <span class='ocrx_word' id='word_1_251' title='bbox 476 2967 760 3036; x_wconf 76' lang='lat' dir='ltr'><strong>theatrum</strong></span> <span class='ocrx_word' id='word_1_252' title='bbox 783 2964 1172 3026; x_wconf 87' lang='lat' dir='ltr'><strong>dedicatarum</strong></span> <span class='ocrx_word' id='word_1_253' title='bbox 1196 2967 1484 3027; x_wconf 89' lang='lat' dir='ltr'><strong>circumiri</strong></span> <span class='ocrx_word' id='word_1_254' title='bbox 1508 2966 1814 3044; x_wconf 87' lang='lat' dir='ltr'><strong>arcerique</strong></span> <span class='ocrx_word' id='word_1_255' title='bbox 1849 2980 2202 3044; x_wconf 78' lang='lat' dir='ltr'><strong>progressu3</strong></span> 
     </span>
     <span class='ocr_line' id='line_1_33' title="bbox 206 3049 2204 3130; baseline -0.005 -15"><span class='ocrx_word' id='word_1_256' title='bbox 206 3062 602 3129; x_wconf 89' lang='lat' dir='ltr'><strong>asturconem,</strong></span> <span class='ocrx_word' id='word_1_257' title='bbox 630 3067 748 3128; x_wconf 82' lang='lat' dir='ltr'><strong>quo</strong></span> <span class='ocrx_word' id='word_1_258' title='bbox 770 3051 1016 3110; x_wconf 85' lang='lat' dir='ltr'><strong>maxime</strong></span> <span class='ocrx_word' id='word_1_259' title='bbox 1036 3049 1380 3130; x_wconf 87' lang='lat' dir='ltr'><strong>laetabatur,</strong></span> <span class='ocrx_word' id='word_1_260' title='bbox 1400 3051 1730 3130; x_wconf 86' lang='lat' dir='ltr'><strong>posteriore</strong></span> <span class='ocrx_word' id='word_1_261' title='bbox 1751 3049 2021 3127; x_wconf 89' lang='lat' dir='ltr'><strong>corporis</strong></span> <span class='ocrx_word' id='word_1_262' title='bbox 2039 3053 2204 3126; x_wconf 81' lang='lat' dir='ltr'><strong>parte</strong></span> 
     </span>
     <span class='ocr_line' id='line_1_34' title="bbox 207 3132 2204 3213; baseline -0.005 -16"><span class='ocrx_word' id='word_1_263' title='bbox 207 3139 268 3197; x_wconf 89' lang='lat' dir='ltr'><strong>in</strong></span> <span class='ocrx_word' id='word_1_264' title='bbox 304 3137 503 3197; x_wconf 87' lang='lat' dir='ltr'><strong>simiae</strong></span> <span class='ocrx_word' id='word_1_265' title='bbox 545 3134 806 3213; x_wconf 89' lang='lat' dir='ltr'><strong>speciem</strong></span> <span class='ocrx_word' id='word_1_266' title='bbox 842 3134 1329 3212; x_wconf 83' lang='lat' dir='ltr'><strong>transfiguratum,</strong></span> <span class='ocrx_word' id='word_1_267' title='bbox 1373 3153 1441 3196; x_wconf 89' lang='lat' dir='ltr'><strong>ac</strong></span> <span class='ocrx_word' id='word_1_268' title='bbox 1475 3143 1688 3195; x_wconf 87' lang='lat' dir='ltr'><strong>tantum</strong></span> <span class='ocrx_word' id='word_1_269' title='bbox 1736 3133 1927 3212; x_wconf 87' lang='lat' dir='ltr'><strong>capite</strong></span> <span class='ocrx_word' id='word_1_270' title='bbox 1973 3132 2204 3208; x_wconf 87' lang='lat' dir='ltr'><strong>integro</strong></span> 
     </span>
     <span class='ocr_line' id='line_1_35' title="bbox 206 3214 2202 3298; baseline -0.003 -17"><span class='ocrx_word' id='word_1_271' title='bbox 206 3221 459 3281; x_wconf 89' lang='lat' dir='ltr'><strong>hinnitus</strong></span> <span class='ocrx_word' id='word_1_272' title='bbox 484 3217 662 3279; x_wconf 90' lang='lat' dir='ltr'><strong>edere</strong></span> <span class='ocrx_word' id='word_1_273' title='bbox 689 3234 965 3279; x_wconf 88' lang='lat' dir='ltr'><strong>canoros.</strong></span> <span class='ocrx_word' id='word_1_274' title='bbox 1026 3217 1117 3278; x_wconf 92' lang='lat' dir='ltr'><strong>De</strong></span> <span class='ocrx_word' id='word_1_275' title='bbox 1140 3219 1468 3295; x_wconf 77' lang='lat' dir='ltr'><strong>Mausoleo,</strong></span> <span class='ocrx_word' id='word_1_276' title='bbox 1495 3227 1705 3298; x_wconf 89' lang='lat' dir='ltr'><strong>sponte</strong></span> <span class='ocrx_word' id='word_1_277' title='bbox 1735 3215 1959 3278; x_wconf 81' lang='lat' dir='ltr'><strong>foribus</strong></span> <span class='ocrx_word' id='word_1_278' title='bbox 1983 3214 2202 3294; x_wconf 83' lang='lat' dir='ltr'><strong>patefa-</strong></span> 
     </span>
    </p>

    <p class='ocr_par' dir='ltr' id='par_1_8' title="bbox 135 3297 2206 3697">
     <span class='ocr_line' id='line_1_36' title="bbox 135 3297 2203 3380; baseline -0.003 -15"><span class='ocrx_word' id='word_1_279' title='bbox 135 3329 191 3371; x_wconf 60' lang='lat'><strong>35</strong></span> <span class='ocrx_word' id='word_1_280' title='bbox 213 3305 343 3380; x_wconf 88' lang='lat' dir='ltr'><strong>ctis,</strong></span> <span class='ocrx_word' id='word_1_281' title='bbox 370 3301 636 3365; x_wconf 85' lang='lat' dir='ltr'><strong>exaudita</strong></span> <span class='ocrx_word' id='word_1_282' title='bbox 654 3319 774 3361; x_wconf 81' lang='lat' dir='ltr'><strong>vox</strong></span> <span class='ocrx_word' id='word_1_283' title='bbox 802 3311 892 3362; x_wconf 91' lang='lat' dir='ltr'><strong>est</strong></span> <span class='ocrx_word' id='word_1_284' title='bbox 914 3303 1144 3364; x_wconf 91' lang='lat' dir='ltr'><strong>nomine</strong></span> <span class='ocrx_word' id='word_1_285' title='bbox 1165 3321 1293 3364; x_wconf 90' lang='lat' dir='ltr'><strong>eum</strong></span> <span class='ocrx_word' id='word_1_286' title='bbox 1311 3305 1536 3365; x_wconf 85' lang='lat' dir='ltr'><strong>cientis.</strong></span> <span class='ocrx_word' id='word_1_287' title='bbox 1568 3301 1661 3362; x_wconf 85' lang='lat' dir='ltr'><strong>Kl.</strong></span> <span class='ocrx_word' id='word_1_288' title='bbox 1680 3300 1800 3362; x_wconf 88' lang='lat' dir='ltr'><strong>Ian.</strong></span> <span class='ocrx_word' id='word_1_289' title='bbox 1818 3301 2084 3362; x_wconf 88' lang='lat' dir='ltr'><strong>exornati</strong></span> <span class='ocrx_word' id='word_1_290' title='bbox 2101 3297 2203 3359; x_wconf 91' lang='lat' dir='ltr'><strong>La-</strong></span> 
     </span>
     <span class='ocr_line' id='line_1_37' title="bbox 210 3384 2206 3466; baseline -0.004 -17"><span class='ocrx_word' id='word_1_291' title='bbox 210 3407 311 3450; x_wconf 92' lang='lat' dir='ltr'><strong>res</strong></span> <span class='ocrx_word' id='word_1_292' title='bbox 328 3389 385 3448; x_wconf 90' lang='lat' dir='ltr'><strong>in</strong></span> <span class='ocrx_word' id='word_1_293' title='bbox 408 3389 541 3466; x_wconf 88' lang='lat' dir='ltr'><strong>ipso</strong></span> <span class='ocrx_word' id='word_1_294' title='bbox 566 3386 836 3446; x_wconf 83' lang='lat' dir='ltr'><strong>sacrificii</strong></span> <span class='ocrx_word' id='word_1_295' title='bbox 860 3394 1144 3464; x_wconf 90' lang='lat' dir='ltr'><strong>apparatu</strong></span> <span class='ocrx_word' id='word_1_296' title='bbox 1180 3385 1588 3456; x_wconf 71' lang='lat' dir='ltr'><strong>conciderunt:</strong></span> <span class='ocrx_word' id='word_1_297' title='bbox 1627 3385 1948 3464; x_wconf 89' lang='lat' dir='ltr'><strong>auspicanti</strong></span> <span class='ocrx_word' id='word_1_298' title='bbox 1982 3384 2206 3462; x_wconf 90' lang='lat' dir='ltr'><strong>Sporus</strong></span> 
     </span>
     <span class='ocr_line' id='line_1_38' title="bbox 210 3467 2202 3549; baseline -0.004 -16"><span class='ocrx_word' id='word_1_299' title='bbox 210 3471 441 3534; x_wconf 90' lang='lat' dir='ltr'><strong>anulum</strong></span> <span class='ocrx_word' id='word_1_300' title='bbox 474 3470 695 3531; x_wconf 88' lang='lat' dir='ltr'><strong>muneri</strong></span> <span class='ocrx_word' id='word_1_301' title='bbox 729 3469 960 3548; x_wconf 84' lang='lat' dir='ltr'><strong>optulit,</strong></span> <span class='ocrx_word' id='word_1_302' title='bbox 995 3471 1157 3530; x_wconf 89' lang='lat' dir='ltr'><strong>cuius</strong></span> <span class='ocrx_word' id='word_1_303' title='bbox 1192 3488 1459 3548; x_wconf 87' lang='lat' dir='ltr'><strong>gemmae</strong></span> <span class='ocrx_word' id='word_1_304' title='bbox 1495 3470 1791 3549; x_wconf 86' lang='lat' dir='ltr'><strong>sculptura</strong></span> <span class='ocrx_word' id='word_1_305' title='bbox 1821 3478 1944 3529; x_wconf 88' lang='lat' dir='ltr'><strong>erat</strong></span> <span class='ocrx_word' id='word_1_306' title='bbox 1965 3467 2202 3528; x_wconf 87' lang='lat' dir='ltr'><strong>Proser·</strong></span> 
     </span>
     <span class='ocr_line' id='line_1_39' title="bbox 211 3549 2204 3697; baseline -0.003 -83"><span class='ocrx_word' id='word_1_307' title='bbox 211 3557 385 3636; x_wconf 86' lang='lat' dir='ltr'><strong>pinae</strong></span> <span class='ocrx_word' id='word_1_308' title='bbox 408 3562 639 3634; x_wconf 87' lang='lat' dir='ltr'><strong>raptus;</strong></span> <span class='ocrx_word' id='word_1_309' title='bbox 665 3563 935 3614; x_wconf 86' lang='lat' dir='ltr'><strong>votorum</strong></span> <span class='ocrx_word' id='word_1_310' title='bbox 958 3555 1407 3633; x_wconf 85' lang='lat' dir='ltr'><strong>nuncupatione,</strong></span> <span class='ocrx_word' id='word_1_311' title='bbox 1437 3571 1648 3631; x_wconf 86' lang='lat' dir='ltr'><strong>magna</strong></span> <span class='ocrx_word' id='word_1_312' title='bbox 1671 3555 1781 3614; x_wconf 89' lang='lat' dir='ltr'><strong>iam</strong></span> <span class='ocrx_word' id='word_1_313' title='bbox 1808 3552 2068 3697; x_wconf 51' lang='lat' dir='ltr'><strong>ogdinum</strong></span> <span class='ocrx_word' id='word_1_314' title='bbox 2090 3549 2204 3610; x_wconf 80' lang='lat' dir='ltr'><strong>fre-</strong></span> 
     </span>
    </p>

    <p class='ocr_par' dir='ltr' id='par_1_9' title="bbox 238 3639 1823 3700">
     <span class='ocr_line' id='line_1_40' title="bbox 238 3639 1823 3700; baseline -0.003 0"><span class='ocrx_word' id='word_1_315' title='bbox 238 3641 248 3650; x_wconf 85' lang='lat'><strong><em>&#39;</em></strong></span> <span class='ocrx_word' id='word_1_316' title='bbox 310 3659 624 3700; x_wconf 72' lang='lat' dir='ltr'><strong>suuronms.</strong></span> <span class='ocrx_word' id='word_1_317' title='bbox 1799 3639 1823 3695; x_wconf 84' lang='lat'>1</span> 
     </span>
    </p>
   </div>
  </div>
 </body>
</html>
