2700 4234
985 273 1327 322 nmmos.
2044 262 2154 323 101

155 433 417 512 primori;
450 437 511 489 et
542 429 592 487 si
624 447 793 507 quem
821 431 1053 490 reoruni
1085 428 1237 488 elabi
1268 430 1457 506 gratia
1488 445 1683 488 rumor
1714 435 1906 504 esset,
1940 427 2162 488 subitus

160 516 353 574 aderat
394 513 733 591 iudicesque
774 521 869 577 aut
911 531 944 572 e
990 512 1167 592 plano
1198 521 1293 571 aut
1322 530 1356 571 e
1391 510 1743 589 quaesitoris
1782 510 2047 572 tribunali
2077 511 2160 571 le-

157 615 287 675 gum
313 606 373 658 et
403 597 711 672 religionis
735 605 795 656 et
816 614 1029 672 noxae,
1062 595 1134 655 de
1160 613 1271 674 qua
1299 603 1754 672 cognoscerent,
1785 592 2158 678 admonebat3

156 691 320 760 atque
353 682 557 756 etiam,
597 681 645 742 si
678 698 791 758 qua
823 682 882 740 in
913 679 1163 760 publicis
1194 679 1452 739 moribus
1485 677 1706 738 desidia
1739 687 1832 739 aut
1852 679 2158 748 malacon-

111 794 134 833 ⁶
154 765 450 824 suetudine
495 763 791 840 labarent,
834 763 1182 840 corrigenda
1210 763 1490 842 suscepit.
1546 759 1833 824 Ludorum
1863 781 1934 822 ac
1965 780 2156 822 mune·
2176 767 2245 822 34

153 867 271 908 rum
296 851 591 928 impensas
626 849 937 927 corripuit,
974 847 1340 908 mercedibus
1373 847 1740 906 scenicorum
1768 848 1974 907 recisis
2010 847 2158 927 pari-

152 934 370 1011 busque
405 930 793 1008 gladiatorum
826 931 896 992 ad
931 940 1151 991 certum
1179 949 1474 992 numerum
1503 927 1775 990 redactis.
1831 928 2158 991 Corinthio·

152 1035 270 1076 rum
314 1033 592 1076 vasorum
632 1018 817 1094 pretia
854 1018 914 1074 in
952 1016 1287 1076 immensum
1328 1016 1623 1075 exarsisse
1667 1022 1904 1094 tresque
1947 1013 2158 1075 mullos

153 1102 386 1177 triginta
437 1099 667 1159 milibus
714 1117 997 1160 nummum
1032 1102 1269 1160 venisse
1321 1100 1583 1176 graviter
1623 1107 2009 1177 conquestuS,
2062 1096 2157 1158 ad·

86 1204 131 1244 ιο
149 1183 457 1243 hibendum
507 1182 861 1261 supellectili
912 1183 1141 1244 modum
1192 1183 1420 1247 censuit
1479 1199 1878 1260 annonamque
1926 1180 2160 1243 macelli

151 1275 385 1326 senatus
412 1265 687 1326 arbitratu
718 1275 860 1346 quot
893 1268 1056 1328 annis
1087 1264 1540 1346 temperandam,
1575 1266 1707 1326 dato
1741 1265 2024 1326 aedilibus
2061 1283 2156 1324 ne-

149 1352 313 1428 gotio
369 1351 618 1428 popinas
662 1368 998 1429 ganeasque
1040 1368 1223 1429 usque
1267 1367 1341 1410 eo
1384 1349 1710 1426 inhibendi,
1765 1358 1825 1409 ut
1864 1368 1937 1410 ne
1977 1366 2158 1428 opera

152 1433 375 1513 quidem
414 1435 661 1513 pistoria
690 1437 942 1513 proponi
973 1433 1201 1495 venalia
1228 1435 1507 1494 sinerent.
1564 1432 1640 1494 Et
1664 1443 1726 1492 ut
1754 1435 2158 1512 parsimoniam

152 1518 435 1598 publicam
479 1518 754 1597 exemplo
795 1535 1026 1597 quoque
1075 1519 1331 1597 iuvaret,
1377 1516 1756 1578 sollemnibus
1799 1519 1926 1596 ipse
1963 1517 2159 1578 caenis

90 1627 133 1668 15
150 1602 402 1682 pridiana
453 1619 639 1680 saepe
692 1620 762 1662 ac
810 1620 1037 1663 semesa
1090 1601 1335 1663 obsonia
1379 1603 1652 1680 apposuit
1698 1599 2159 1677 dimidiatumque

152 1704 377 1765 aprum,
412 1685 741 1761 affirmans,
775 1686 981 1746 omnia
1008 1686 1224 1746 eadem
1252 1682 1517 1760 habere,
1555 1701 1716 1764 quac
1739 1689 1947 1744 totum.

268 1768 578 1830 Cotidiana
622 1768 824 1829 oscula
864 1769 1058 1831 edicto
1100 1767 1425 1850 prohibuit,
1471 1771 1608 1829 item
1648 1777 1968 1828 strenarum
2002 1783 2155 1826 com·

152 1855 417 1914 mercium
460 1871 539 1912 ne
584 1852 733 1913 ultra
775 1851 904 1914 Kal.
939 1853 1059 1914 Ian.
1105 1861 1504 1913 exerceretur.
1572 1849 1898 1912 consuerat
1931 1850 2154 1930 quadri-

151 1939 297 2016 plam
325 1947 613 2012 strenam,
642 1945 702 1996 et
730 1936 801 1996 de
834 1954 1019 2014 manu,
1050 1937 1326 2006 reddere;
1372 1936 1478 1996 sed
1509 1935 1764 1996 offensus
1797 1933 2156 2013 interpellari

89 2047 135 2086 20
152 2041 212 2081 se
238 2029 362 2082 toto
391 2038 598 2080 mense
628 2019 699 2079 ab
730 2021 801 2080 iis
834 2022 927 2101 qui
964 2029 1315 2100 potestatem
1346 2021 1434 2080 sui
1471 2018 1564 2080 die
1599 2019 1754 2079 festo
1785 2036 1900 2078 non
1929 2017 2156 2078 habuis·

151 2114 301 2182 sent,
342 2105 491 2166 ultra
532 2122 651 2164 non
679 2104 825 2164 tulit.
877 2104 1171 2166 Matronas
1200 2113 1528 2184 prostratae
1558 2102 1906 2182 pudicitiae,
1951 2101 2156 2180 quibus
2175 2113 2241 2168 35

150 2198 447 2250 accusator
494 2187 767 2268 publicus
812 2187 1073 2266 deesset,
1118 2197 1178 2247 ut
1221 2189 1538 2267 propinqui
1581 2204 1744 2247 more
1776 2187 2052 2245 maiorum
2083 2183 2156 2243 de

152 2276 425 2333 communi
491 2274 783 2334 sententia
846 2281 1195 2333 coercerent
1261 2280 1466 2332 auctor
1515 2271 1639 2329 fuit.
1724 2267 1838 2348 Eq.
1895 2269 1965 2328 R.
2020 2269 2158 2327 iuris

150 2357 359 2417 iurandi
412 2357 662 2434 gratiam
703 2356 877 2433 fecit,
920 2374 1163 2416 uxorem
1203 2357 1262 2414 in
1304 2365 1510 2433 stupro
1553 2354 1760 2431 generi
1804 2361 2160 2430 compertam

89 2440 487 2518 asdimitteret,
532 2457 701 2518 quam
747 2459 811 2500 se
854 2458 1157 2518 numquam
1199 2439 1631 2517 repudiaturum
1673 2445 1805 2497 ante
1847 2437 2156 2496 iuraverat.

151 2523 412 2584 Feminae
456 2525 754 2602 famosae,
803 2533 863 2584 ut
892 2523 964 2584 ad
995 2523 1291 2583 evitandas
1330 2523 1528 2601 legum
1557 2539 1778 2601 poenas
1811 2522 1935 2580 iure
1976 2538 2045 2580 ac
2075 2519 2156 2578 di·

152 2609 361 2683 gnitate
408 2607 713 2668 matronali
756 2608 1203 2684 exolverentur,
1254 2607 1607 2667 lenocinium
1641 2606 1905 2686 profiteri
1942 2621 2155 2683 coepe·

154 2700 305 2766 rant,
346 2701 404 2751 et
437 2711 514 2752 ex
543 2694 840 2752 iuventute
874 2692 1176 2770 utriusque
1210 2690 1429 2751 ordinis
1457 2689 1966 2770 profligatissimus
2001 2689 2154 2766 quis·

156 2791 298 2851 que,
330 2792 443 2853 quo
476 2777 662 2836 minus
691 2777 749 2835 in
782 2792 965 2855 opera
992 2793 1241 2834 scaenae
1269 2773 1638 2852 harenaeque
1670 2771 1893 2832 edenda
1923 2779 2157 2831 senatus

90 2864 136 2907 ³0
156 2857 415 2922 consulto
445 2868 759 2937 teneretur,
790 2859 997 2919 famosi
1027 2858 1222 2919 iudicii
1253 2867 1446 2919 notam
1476 2865 1685 2936 sponte
1719 2855 2011 2924 subibant;
2051 2871 2158 2915 eos

156 2958 363 3020 easque
389 2960 613 3022 omneS,
648 2961 720 3002 ne
752 2942 907 3021 quod
936 2943 1224 3019 refugium
1255 2943 1313 3002 in
1343 2942 1444 3002 tali
1461 2939 1663 3001 fraude
1692 2941 1952 3019 cuiquam
1978 2945 2157 3013 esset,

156 3025 324 3085 exilio
350 3026 583 3088 adfecit.
639 3027 908 3087 Senatori
937 3026 1110 3086 latum
1142 3025 1368 3086 clavum
1400 3024 1630 3103 ademit,
1661 3042 1788 3083 cum
1817 3030 2156 3100 cognosset,

157 3107 255 3166 sub
298 3107 426 3170 Kal.
469 3110 577 3172 Iul.
623 3110 983 3188 demigrasse
1034 3111 1092 3168 in
1143 3110 1381 3187 hortos,
1437 3127 1551 3188 quo
1605 3109 1770 3168 vilius
1820 3115 1955 3186 post
2005 3105 2158 3164 diem

160 3191 324 3252 aedes
354 3196 411 3254 in
436 3194 585 3255 urhe
617 3194 993 3255 conduceret.
1040 3192 1231 3254 Alium
1261 3201 1320 3252 et
1350 3201 1660 3274 quaestura
1689 3192 1964 3266 removit,
2000 3186 2155 3268 quod

98 3297 142 3336 35
160 3291 389 3336 uxorem
416 3277 607 3357 pridie
636 3279 1000 3339 sortitionem
1030 3276 1258 3337 ductam
1283 3274 1570 3356 postridie
1598 3274 1984 3355 repudiasset.
2038 3271 2152 3334 Ex·
2172 3279 2242 3334 36

160 3365 343 3423 ternas
375 3363 787 3439 caerimonias,
816 3360 1149 3440 Aegyptios
1183 3360 1566 3438 Iudaicosque
1598 3362 1739 3419 ritus
1774 3359 2155 3438 compescuit,

162 3444 370 3504 coactis
404 3447 500 3523 qui
536 3447 953 3525 superstitione
985 3462 1055 3504 ea
1089 3443 1432 3504 tenebantur
1461 3444 1776 3521 religiosas
1803 3451 2002 3502 vestes
2031 3457 2159 3500 cum

162 3524 525 3589 instrumento
551 3531 703 3590 omni
731 3528 1095 3589 comburere.
1136 3527 1478 3588 Iudaeorum
1503 3529 1855 3587 iuventutem
1885 3544 1993 3604 per
2024 3541 2154 3602 spe·
