2700 4234
516 311 633 375 102
689 323 749 371 c.
776 323 1077 372 sumom
1112 323 1364 382 TRANQ.
1401 324 1493 369 m:
1526 324 1694 370 vrrA
1729 323 2097 370 GAEsARuM
2127 323 2264 372 Lm.
2291 323 2394 370 111.

511 481 657 540 ciem
688 479 1032 538 sacramenti
1061 480 1118 536 in
1154 478 1488 555 provincias
1515 478 1802 554 gravioris
1833 477 1983 537 caeli
2011 476 2332 554 distribuit,
2375 479 2512 538 reli-

510 580 655 641 quos
686 563 877 639 gentis
910 561 1164 621 eiusdem
1188 561 1283 620 vel
1320 561 1522 622 similia
1554 570 1846 621 sectantes
1878 560 2019 620 urbe
2049 562 2372 638 summovit,
2405 561 2514 622 sub

509 663 699 724 poena
745 655 1066 725 perpetuae
1106 645 1400 705 servitutis
1441 646 1549 705 nisi
1594 644 2118 724 obtemperassent.
2176 644 2420 725 Expulit
2455 655 2518 704 et

506 728 973 806 mathematicos,
1018 728 1122 788 sed
1168 726 1613 806 deprecantibus
1643 747 1712 790 ac
1745 747 1810 788 se
1841 737 2021 789 artem
2050 729 2340 790 desituros
2372 748 2512 808 pro-

506 813 859 874 mittentibus
890 815 1113 874 veniam
1144 811 1319 872 dedit.
2535 828 2558 866 s

421 909 488 964 37
634 897 699 956 In
727 898 922 975 primis
949 896 1193 958 tuendae
1219 897 1384 974 pacis
1409 914 1441 955 a
1465 899 1814 973 grassaturis
1837 914 1908 957 ac
1930 897 2248 958 latrociniis
2273 897 2513 958 seditio·

503 998 751 1059 numque
795 981 1028 1042 licentia
1070 998 1262 1041 curam
1295 979 1510 1040 habuit.
1566 981 1856 1042 stationes
1885 979 2120 1040 militum
2152 999 2258 1059 per
2288 981 2515 1043 Italiam

502 1066 677 1125 solito
722 1065 1149 1145 frequentiores
1180 1064 1484 1142 disposuit.
1540 1065 1762 1126 Romae
1798 1073 1988 1125 castra
2019 1066 2342 1142 constituit,
2387 1067 2511 1146 qui-

501 1147 611 1208 bus
647 1149 1052 1227 praetorianae
1089 1147 1396 1224 cohortes,
1442 1165 1631 1225 vagae
1665 1157 1797 1209 ante
1835 1147 1891 1208 id
1919 1157 2146 1227 tempus
2176 1157 2235 1208 et
2266 1166 2375 1228 per
2408 1149 2510 1210 ho·

503 1233 672 1311 spitia
704 1231 1037 1310 dispersae,
1072 1232 1523 1292 continerentur.
2531 1245 2573 1286 ιο

630 1315 948 1394 Populares
1001 1315 1269 1375 tumultus
1325 1325 1384 1374 et
1425 1325 1588 1376 ortos
1633 1317 1978 1394 gravissime
2027 1317 2287 1377 coercuit
2333 1325 2393 1377 et
2438 1335 2512 1375 ne

503 1407 807 1459 orerentur
844 1399 1050 1460 sedulo
1080 1400 1251 1460 cavit.
1317 1397 1512 1460 Caede
1543 1402 1600 1459 in
1631 1400 1856 1460 theatro
1891 1418 1998 1479 per
2030 1398 2380 1469 discordiam
2415 1401 2510 1460 ad·

500 1483 701 1559 missa,
749 1485 938 1562 capita
982 1484 1294 1544 factionum
1324 1492 1384 1543 et
1417 1483 1758 1560 histriones,
1805 1493 2048 1562 propter
2081 1501 2231 1562 quos
2267 1483 2492 1544 disside

500 1566 697 1643 batur,
726 1567 1042 1644 relegavit,
1070 1585 1182 1627 nec
1207 1577 1268 1627 ut
1294 1575 1608 1629 revocaret
1638 1585 1901 1646 umquam
1925 1568 2056 1627 ullis
2087 1567 2287 1647 populi
2318 1567 2508 1646 precl-

500 1650 605 1709 bus
662 1653 848 1728 potuit
900 1653 1111 1711 evinci.
1198 1649 1340 1712 Cum
1395 1649 1720 1713 Pollentina
1774 1651 1944 1730 plebs
1993 1652 2160 1710 funus
2215 1651 2510 1710 cuiusdam
2527 1667 2571 1707 τι

502 1735 870 1814 primipilaris
912 1753 1027 1796 non
1070 1736 1229 1814 prius
1262 1755 1337 1795 ex
1366 1736 1500 1796 foro
1533 1738 1820 1812 misisset,
1868 1753 2035 1813 quam
2071 1743 2301 1795 extorta
2332 1753 2508 1814 pecu-

499 1820 591 1879 nia
638 1836 745 1896 per
786 1821 901 1877 vim
936 1817 1248 1878 heredibus
1291 1818 1363 1878 ad
1405 1819 1807 1895 gladiatorium
1837 1837 2070 1894 manue,
2103 1818 2406 1878 cohortem
2439 1819 2510 1877 ab

498 1901 641 1960 urbe
684 1910 742 1960 et
770 1900 937 1962 aliam
966 1920 998 1961 a
1031 1899 1185 1963 Cotti
1219 1919 1442 1978 regno,
1475 1903 1828 1963 dissimulata
1854 1904 2073 1962 itineris
2111 1920 2316 1978 causa,
2345 1900 2508 1961 dete-

500 1986 606 2044 ctis
649 1993 891 2062 repente
922 1986 1095 2045 armis
1141 1986 1692 2065 concinentibusque
1731 1986 1910 2062 signis
1942 2005 2049 2064 per
2077 1986 2340 2046 diversas
2372 2003 2508 2064 por-

498 2077 586 2127 tas
628 2067 687 2126 in
726 2068 1001 2146 oppidum
1043 2070 1299 2147 immisit,
1346 2087 1415 2130 ac
1445 2079 1669 2149 partem
1697 2071 1973 2130 maiorem
2008 2069 2202 2149 plebei
2233 2088 2304 2130 ac
2333 2070 2506 2130 decu·
2527 2077 2572 2118 2⁰

497 2152 721 2212 rionum
760 2153 818 2211 in
854 2161 1135 2232 perpetua
1171 2153 1403 2213 vincula
1443 2156 1677 2214 coiecit.
1747 2153 2029 2215 Abolevit
2057 2163 2115 2214 et
2143 2156 2229 2213 ius
2259 2171 2509 2214 morem·

497 2253 608 2314 que
660 2235 980 2313 asylorum,
1034 2255 1183 2315 quae
1232 2255 1472 2316 usquam
1525 2246 1705 2298 erant.
1778 2235 2086 2312 Cyzicenis
2125 2239 2182 2297 in
2232 2239 2396 2298 cives
2434 2237 2508 2298 R.

496 2319 807 2379 violentius
850 2320 1132 2398 quaedam
1182 2323 1337 2380 ausis
1390 2321 1622 2400 publice
1673 2320 2001 2382 libertatem
2045 2322 2286 2399 ademit,
2337 2338 2510 2398 quam

498 2403 881 2463 Mithridatico
912 2403 1073 2465 bello
1102 2413 1448 2464 meruerant.

621 2485 881 2548 Hostiles
920 2497 1139 2564 motus,
1186 2488 1339 2549 nulla
1382 2497 1586 2567 postea
1626 2489 1998 2567 expeditione
2044 2497 2352 2566 suscepta,
2400 2499 2570 2566 per²⁵

495 2569 728 2646 legatos
781 2573 1171 2649 compescuit,
1225 2590 1299 2631 ne
1341 2591 1450 2650 per
1497 2589 1605 2632 eos
1646 2573 1872 2651 quidem
1914 2574 2024 2632 nisi
2069 2581 2408 2632 cunctanter
2451 2580 2510 2630 et

495 2653 854 2713 necessario.
928 2655 1129 2732 Reges
1186 2656 1432 2717 infestos
1483 2661 1910 2734 suspectosque
1965 2654 2509 2716 comminationibus

494 2738 679 2813 magis
710 2747 767 2796 et
799 2738 1078 2815 querellis
1107 2757 1275 2819 quam
1306 2741 1360 2798 vi
1387 2741 1700 2818 repressit;
1748 2740 2029 2818 quosdam
2057 2757 2166 2818 per
2198 2737 2508 2799 blanditias

495 2829 667 2898 atque
708 2824 993 2900 promissa
1038 2832 1335 2884 extractos
1377 2823 1448 2883 ad
1489 2842 1554 2882 se
1591 2841 1707 2883 non
1749 2826 1994 2900 remisit,
2037 2832 2096 2883 ut
2123 2821 2509 2883 Marobodum

496 2902 858 2982 Germanum,
888 2907 1306 2986 Rhascypolim
1335 2907 1651 2984 Thracem,
1682 2906 2034 2968 Archelaum
2065 2904 2506 2986 Cappadocem,
2527 2915 2570 2956 3⁰

497 2989 656 3048 euius
687 2992 856 3052 etiam
887 3006 1129 3068 regnum
1159 2993 1215 3050 in
1244 2993 1484 3051 formam
1518 2993 1854 3070 provinciae
1886 2992 2134 3068 redegit.

410 3087 480 3142 38
619 3072 861 3135 Biennio
916 3077 1184 3136 continuo
1236 3084 1372 3154 post
1421 3075 1688 3154 adeptum
1737 3076 2038 3154 imperium
2083 3074 2292 3154 pedem
2335 3081 2510 3150 porta

494 3173 610 3216 non
644 3158 875 3227 extulit;
919 3161 1185 3238 sequenti
1221 3169 1484 3238 tempore
1519 3168 1922 3239 praeterquam
1953 3161 2010 3220 in
2039 3159 2365 3239 propinqua
2399 3172 2506 3234 op-

494 3239 627 3316 pida
670 3250 761 3318 et,
810 3260 937 3302 cum
982 3243 1355 3321 longissime,
1406 3241 1582 3303 Antio
1615 3253 1780 3303 tenus
1810 3261 2086 3324 nusquam
2115 3243 2286 3318 afuit,
2327 3239 2508 3319 idque

494 3339 735 3398 perraro
782 3333 838 3384 et
868 3343 1089 3404 paucos
1118 3327 1270 3397 dies3
1319 3329 1578 3404 quamvis
1605 3328 1938 3406 pro-vincias
1977 3344 2212 3407 quoque
2246 3334 2304 3384 et
2333 3329 2568 3384 exer-3⁵

495 3405 641 3464 citus
681 3410 1000 3469 revisurum
1044 3429 1109 3470 se
1150 3430 1330 3490 saepe
1377 3413 1806 3493 pronuntiasset
1848 3422 1906 3472 et
1948 3429 2137 3491 prope
2170 3416 2310 3489 quot
2339 3409 2506 3469 annis

494 3489 921 3564 profectionem
953 3504 1353 3572 praepararet,
1389 3493 1674 3554 vehiculis
1708 3495 2178 3574 comprehensiS,
2214 3511 2507 3554 commea·

493 3569 643 3630 tibus
682 3591 788 3650 per
815 3578 1123 3656 municipia
1161 3587 1219 3637 et
1251 3577 1512 3639 colonias
1544 3576 1872 3661 dispositis,
1905 3578 1975 3640 ad
2011 3587 2332 3640 extremum
2365 3587 2508 3641 vota
