2700 4234
1008 325 1470 375 DOMITIANUS.
2121 315 2242 376 251
2297 308 2300 311 ’

243 481 491 544 delatum
511 497 625 540 nec
648 481 1005 558 infitiantem,
1040 481 1289 540 iactasse
1318 500 1386 542 se
1421 499 1570 560 quae
1609 481 1964 561 providisset
1990 501 2066 542 ex
2099 481 2247 562 arte,

244 566 567 627 sciscitatus
602 573 711 642 est,
742 565 871 643 quis
900 567 1087 644 ipsum
1109 575 1368 626 maneret
1394 567 1612 636 exitus;
1645 574 1706 626 et
1728 567 2124 644 affirmantem,
2156 568 2244 627 fo·

244 669 311 712 re
336 659 396 710 ut
424 649 589 708 brevi
621 649 979 722 laceraretur
1014 667 1048 708 a
1080 649 1346 726 canibus,
1373 651 1620 710 interfici
1643 650 1872 729 quidem
1899 653 2023 710 sine
2059 669 2244 728 mora,

246 734 349 794 sed
379 733 451 793 ad
503 732 930 810 coarguendam
968 733 1348 793 temeritatem
1387 736 1528 794 artis
1577 734 1822 812 sepeliri
1885 752 2120 813 quoque
2153 740 2246 794 ac-'

188 837 214 876 s
245 817 604 878 curatissime
626 817 949 894 imperavit.
1016 816 1187 892 Quod
1212 835 1339 877 cum
1365 818 1562 895 fieret,
1597 818 1790 878 evenit
1816 827 1904 894 ut,
1942 821 2246 897 repentina

244 909 587 979 tempestate
622 899 853 960 deiecto
890 900 1129 978 funere,
1172 903 1506 961 semiustum
1541 901 1794 963 cadaver
1841 901 2246 980 discerperent

244 1003 453 1062 canes,
480 983 654 1061 idque
680 985 735 1042 ei
760 984 1023 1044 caenanti
1046 1001 1079 1043 a
1100 984 1270 1045 mimo
1292 984 1526 1063 Latino,
1563 987 1658 1063 qui
1691 987 2051 1064 praeteriens
2089 986 2245 1046 forte

244 1067 743 1143 animadverterat,
766 1069 919 1126 inter
944 1074 1175 1127 ceteras
1200 1067 1311 1126 diei
1336 1067 1566 1128 fabulas
1586 1069 1926 1129 referretur.

367 1148 558 1211 Pridie
589 1167 757 1228 quam
778 1150 1015 1228 periret,
1044 1168 1171 1210 cum
1196 1150 1428 1210 oblatos
1451 1149 1688 1228 tuberes
1725 1154 1946 1214 servari
1983 1153 2330 1219 iussisset16

164 1259 218 1300 ιο
238 1239 295 1296 in
326 1234 655 1309 crastinum,
682 1232 922 1292 adiecit:
954 1231 1029 1294 Si
1064 1233 1247 1295 modo
1277 1233 1372 1296 uti
1407 1231 1686 1297 licuerat?
1722 1244 1780 1294 et
1817 1252 2136 1297 conversus
2173 1235 2246 1296 ad

239 1319 541 1399 proximos
564 1316 889 1394 affirmavit,
910 1315 1057 1396 fore
1079 1309 1149 1377 ut
1172 1317 1450 1396 sequenti
1477 1317 1577 1378 die
1605 1317 1755 1379 luna
1782 1337 1853 1380 se
1873 1319 1946 1381 in
1977 1319 2245 1400 aquario

238 1405 595 1464 cruentaret
614 1399 971 1484 factumque
992 1401 1250 1480 aliquod
1271 1401 1583 1478 existeret,
1609 1401 1685 1461 de
1710 1421 1830 1482 quo
1853 1403 2248 1484 loquerentur

235 1485 515 1548 homines
530 1502 651 1564 per
684 1492 994 1546 terrarum
1014 1483 1244 1546 orbem.
1286 1483 1366 1544 At
1383 1487 1539 1546 circa
1553 1486 1799 1546 mediam·
1810 1495 2040 1548 noctem
2064 1490 2140 1548 ita
2155 1494 2248 1548 est

238 1570 573 1646 exterritus,
600 1577 661 1628 ut
686 1587 719 1629 e
748 1573 929 1629 strato
952 1567 1273 1648 prosiliret.
1329 1569 1556 1630 Dehinc
1576 1587 1744 1630 mane
1777 1565 2144 1650 haruspicem
2171 1589 2248 1631 ex

170 1673 215 1720 15
240 1653 549 1716 Germania
576 1653 832 1730 missum,
858 1655 954 1731 qui
980 1653 1279 1713 consultus
1302 1653 1374 1713 de
1399 1653 1628 1731 fulgure
1663 1656 2030 1715 mutationem
2053 1672 2246 1714 rerum
2297 1659 2301 1663 '

236 1736 642 1818 praedixerat,
690 1735 864 1796 audiit
900 1737 1454 1816 condemnavitque;
1489 1755 1558 1798 ac
1593 1737 1724 1798 dum
1759 1739 2152 1801 exulceratam
2188 1739 2246 1797 in

235 1824 436 1882 fronte
478 1837 780 1880 verrucam
826 1820 1219 1882 vehementius
1265 1821 1512 1901 scalpit,
1566 1822 1894 1901 profluente
1943 1824 2244 1900 sanguine,

240 1902 497 1966 Utinam
526 1903 707 1982 inquit
744 1904 1077 1966 hactenus!
1133 1905 1293 1966 Tunc
1328 1906 1508 1966 horas
1529 1908 1849 1985 requirenti
1883 1925 1992 1988 pro
2031 1908 2242 1986 quinta,

222 2006 417 2067 quam
448 1985 771 2065 metuebat,
816 1997 983 2048 sexta
1021 2007 1098 2050 ex
1134 1989 1413 2050 industria
1455 1993 1708 2051 nuntiata
1751 1999 1860 2050 est.
1892 1989 2050 2071 ’ωῌίε
2085 1989 2248 2050 velut

154 2093 213 2135 20
234 2080 536 2133 transacto
561 2073 671 2130 iam
696 2072 959 2152 periculo
986 2073 1220 2151 laetum,
1244 2075 1728 2153 festinantemque
1751 2075 1823 2135 ad
1848 2077 2120 2155 corporis
2151 2092 2244 2134 cu-

230 2175 363 2218 ram
386 2155 725 2216 Parthenius
750 2156 1021 2217 cubiculo
1045 2160 1418 2237 praepositus
1445 2161 1762 2235 convertit,
1799 2162 2061 2220 nuntians
2085 2177 2244 2234 esse,

231 2243 338 2320 qui
360 2257 629 2317 magnum
652 2241 853 2302 nescio
880 2241 1015 2320 quid
1036 2241 1291 2320 afferret,
1314 2259 1426 2302 nec
1450 2241 1844 2304 differendum.
1876 2241 2080 2322 Itaque
2097 2259 2244 2302 sum-

226 2325 415 2386 motis
440 2323 724 2400 omnibus,
748 2326 807 2384 in
834 2325 1158 2386 cubiculum
1182 2345 1246 2386 se
1272 2328 1500 2406 recepit
1523 2335 1695 2406 atque
1718 2326 1798 2386 ibi
1827 2329 2062 2387 occisus
2091 2335 2200 2386 est.

364 2407 456 2468 De
479 2405 809 2470 insidiarum
833 2409 1147 2489 caedisque
1168 2427 1394 2488 genere
1421 2411 1568 2471 haec
1602 2412 1728 2472 fere
1765 2410 2059 2489 divulgata
2094 2417 2243 2468 sunt.
2262 2431 2326 2486 17

142 2516 203 2556 25
230 2491 662 2554 cunctantibus
686 2493 1065 2572 conspiratis,
1102 2494 1329 2574 quando
1358 2504 1415 2555 et
1443 2512 1560 2574 quo
1596 2494 1768 2556 modo
1787 2541 1804 2573 ,
1842 2495 1900 2556 id
1927 2504 2018 2555 est
2052 2495 2244 2555 lavan-

223 2587 436 2638 temne
462 2591 533 2635 an
558 2585 927 2656 caenantem,
962 2577 1458 2656 adgrederentur,
1507 2579 1873 2658 Stephanus,
1911 2577 2246 2640 Domitillae

220 2668 613 2743 procurator,
640 2668 699 2719 et
721 2668 855 2721 tunc
880 2663 1331 2740 interceptarum
1355 2664 1730 2741 pecuniarum
1753 2681 1908 2741 reus,
1945 2661 2247 2724 consilium

220 2761 602 2825 operamque
626 2743 852 2824 optulit.
912 2744 1006 2805 Ac
1036 2747 1396 2807 sinisteriore
1417 2745 1686 2824 brachio,
1712 2747 1872 2807 velut
1907 2763 2120 2824 aegro,
2163 2744 2244 2804 la-

217 2832 325 2890 nis
350 2829 670 2907 fasciisque
693 2846 802 2907 per
824 2829 1044 2908 aliquot
1076 2828 1201 2890 dies
1236 2830 1307 2890 ad
1340 2829 1710 2891 avertendam
1733 2832 2122 2908 suspicionem
2144 2827 2245 2889 ob-

138 2939 197 2981 ιο
220 2913 470 2988 voluto,
494 2912 566 2972 ad
592 2914 775 2991 ipsam
796 2912 1001 2974 horam
1024 2912 1295 2974 dolonem
1320 2915 1638 2983 interiecit;
1663 2914 2082 2994 professusque
2107 2927 2245 2972 con-

214 2997 577 3080 spirationis
600 2994 867 3056 indicium
893 3005 951 3056 et
974 2995 1049 3057 ob
1074 2997 1187 3058 hoc
1213 2997 1494 3058 admissus
1510 3043 1529 3076 ,
1565 2997 1786 3075 legenti
1821 2997 2088 3058 traditum
2125 3013 2157 3054 a
2179 3012 2246 3053 se

192 3080 503 3146 'libellum
526 3089 584 3140 et
609 3081 849 3140 attonito
873 3079 1106 3141 suffodit
1124 3082 1380 3158 inguina.
1444 3081 1711 3142 Saucium
1736 3099 1804 3143 ac
1827 3087 2246 3160 repugnantem

212 3165 428 3230 adorti
443 3162 765 3225 Clodianus
792 3165 1239 3242 cornicularius,
1274 3174 1333 3225 et
1364 3163 1646 3226 Maximus
1681 3165 1951 3226 Partheni
1984 3163 2244 3239 libertus,

212 3261 281 3314 et
322 3249 597 3309 Saturius
633 3247 872 3308 decurio
920 3247 1430 3326 cubiculariorum,
1468 3259 1528 3309 et
1561 3247 1788 3328 quidam
1825 3268 1858 3309 e
1897 3247 2246 3326 gladiatorio

126 3333 375 3402 35111ᾶο
404 3331 745 3392 vulneribus
782 3340 1009 3411 septem
1033 3332 1522 3394 contrucidarunt.
1567 3333 1740 3412 Puer,
1766 3334 1863 3413 qui
1885 3350 2021 3394 arae
2045 3331 2248 3393 Larum

211 3415 495 3482 cubiculi
524 3435 599 3476 ex
621 3415 1040 3477 consuetudine
1064 3417 1346 3476 assistens
1368 3417 1626 3477 interfuit
1650 3418 1838 3495 caedi,
1863 3417 1977 3478 hoc
2003 3417 2248 3497 amplius

206 3499 541 3578 narrabat,
582 3501 893 3561 iussumse
914 3519 950 3562 a
972 3500 1301 3561 Domitiano
1326 3499 1400 3560 ad
1428 3501 1669 3580 primum
1703 3504 1892 3562 statim
1915 3501 2120 3561 vulnus
2147 3517 2248 3578 pu-

204 3589 479 3667 gionem
498 3583 741 3663 pulvino
778 3583 1063 3646 subditum
1094 3585 1406 3662 porrigere
1445 3602 1514 3645 ac
1548 3587 1842 3646 ministros
1863 3602 2117 3658 vocare,
2150 3599 2250 3642 ne·
