2700 4234
362 2375 420 2426 11

370 3135 437 3188 12

427 279 551 340 204
604 290 661 338 c.
700 288 1001 354 semrom
1035 287 1293 347 TRANQ.
1320 286 1416 333 nn
1452 261 1619 333 v'1‘rA
1653 283 2022 333 casarum
2057 283 2193 330 mn.
2220 284 2345 330 vn.

433 464 466 505 e
491 443 668 523 plebe
694 443 922 522 quidem
947 443 1287 522 provinciae
1319 442 1592 519 legiones
1617 450 1673 500 et
1705 439 1916 500 auxilia
1954 439 2305 517 conscripsit
2343 457 2434 498 su-

432 547 539 608 per
582 529 901 588 exercitum
948 536 1202 587 veterem
1238 525 1488 603 legionis
1537 525 1700 583 unius
1737 523 2088 602 duarumque
2125 523 2341 582 alarum
2379 531 2438 582 et

435 611 757 672 cohortium
787 613 984 678 trium;
1010 619 1067 671 at
1092 628 1126 669 e
1150 609 1497 689 primoribus
1529 607 1828 687 prudentia
1865 616 2035 686 atque
2060 615 2250 667 aetate
2267 624 2466 688 prae-0

435 695 717 756 stantibus
743 696 903 756 velut
924 696 1105 754 instar
1128 701 1394 770 senatus,
1431 691 1502 753 ad
1538 709 1687 770 quos
1722 691 1794 751 de
1824 692 2042 750 maiore
2075 708 2140 750 re
2166 692 2436 768 quotiens

438 798 590 859 opus
614 787 771 840 esset
792 779 1145 854 referretur,
1184 777 1443 838 instituit.
1518 774 1757 852 Delegit
1792 783 1852 834 et
1886 775 2179 853 equestris
2219 774 2480 834 ordiniss

434 865 697 940 iuvenes,
725 865 820 941 qui
846 871 1111 922 manente
1138 860 1439 921 anulorum
1459 876 1766 920 aureorum
1789 877 1895 918 usu
1920 859 2150 919 evocati
2174 857 2435 937 appella-

435 955 633 1007 rentur
656 945 1052 1025 excubiasque
1070 946 1226 1005 circa
1245 943 1571 1003 cubiculum
1586 960 1750 1002 suum
1766 943 1898 1003 vice
1914 943 2152 1003 militum
2173 949 2434 1019 agerent.

435 1031 622 1091 Etiam
648 1048 757 1109 per
780 1031 1115 1110 provincias
1139 1027 1330 1088 edicta
1355 1027 1584 1104 dimisit,
1619 1035 1825 1086 auctor
1855 1027 2098 1104 singulis
2123 1025 2436 1085 universis-

440 1133 551 1194 que
578 1113 945 1193 conspirandi
970 1111 1153 1188 simul,
1177 1121 1235 1172 et
1259 1120 1317 1171 ut
1343 1128 1456 1189 qua
1481 1120 1685 1190 posset
1710 1111 1958 1188 quisque
1986 1127 2168 1189 opera
2186 1126 2435 1169 commu·

438 1216 570 1258 nem
601 1215 833 1259 causam
858 1198 1139 1256 iuvarent.
2456 1196 2505 1238 ¹⁰

494 1345 507 1362 ρ
557 1281 671 1342 Per
706 1281 858 1341 idem
893 1280 1021 1340 fere
1055 1289 1283 1358 tempus
1318 1280 1376 1338 in
1414 1279 1724 1338 munitione
1766 1276 2004 1355 oppidi,
2043 1274 2201 1354 quod
2237 1274 2436 1334 sedem

437 1364 599 1425 bello
631 1362 955 1442 delegerat,
980 1372 1253 1441 repertus
1278 1371 1370 1422 est
1394 1362 1596 1422 anulus
1621 1378 1804 1441 opere
1829 1361 2064 1438 antiquo
2081 1406 2099 1438 ,
2141 1360 2437 1437 scalptura

438 1465 701 1526 gemmae
740 1449 1062 1508 Victoriam
1112 1465 1239 1507 cum
1295 1455 1542 1526 tropaeo
1602 1447 2000 1523 exprimente3
2059 1463 2128 1504 ac
2195 1441 2440 1504 subinde

440 1530 834 1592 Alexandrina
860 1532 1024 1591 navis
1044 1530 1354 1591 Dertosam
1378 1528 1599 1609 appulit
1623 1529 1793 1589 armis
1820 1535 2045 1605 onusta,
2070 1529 2194 1587 sine
2223 1525 2435 1604 guber-

439 1625 645 1676 natore
662 1661 679 1692 ,
713 1616 838 1675 sine
862 1623 1032 1676 nauta
1060 1633 1131 1674 ac
1154 1623 1398 1674 vectore
1420 1614 1559 1690 u110,
1581 1621 1640 1671 ut
1664 1613 1873 1672 nemini
1897 1611 2127 1686 dwium
2150 1619 2329 1687 esset,
2355 1611 2436 1669 iu-
2456 1623 2507 1668 15

442 1709 588 1760 stum
614 1701 885 1779 piumque
916 1708 972 1759 et
996 1697 1324 1758 faventibus
1339 1697 1450 1757 diis
1461 1695 1674 1756 bellum
1689 1697 1935 1775 suscipi;
1956 1714 2082 1755 cum
2106 1704 2349 1775 repente
2365 1713 2441 1754 ex

442 1785 742 1862 inopinato
760 1800 951 1862 prope
966 1791 1171 1842 cuncta
1185 1781 1411 1841 turbata
1440 1785 1588 1841 sunt.
1633 1779 1869 1841 Aletum
1897 1780 2076 1840 altera
2109 1781 2314 1840 castris
2339 1796 2438 1856 ap-

446 1868 930 1946 propinquantem
957 1867 1305 1944 paenitentia
1330 1865 1528 1924 mutati
1555 1865 1900 1924 sacramenti
1922 1863 2236 1924 destituere
2265 1879 2436 1923 cona-

442 1960 499 2010 ta
516 1958 604 2009 est
618 1967 913 2027 aegreque
926 1957 1149 2008 retenta
1164 1949 1222 2007 in
1237 1948 1454 2025 officio,
1471 1956 1528 2007 et
1542 1949 1720 2025 servi,
1735 1965 1882 2026 quos
1905 1965 1937 2008 a
1962 1947 2171 2007 liberto
2186 1945 2440 2006 Neronis

444 2032 515 2094 ad
544 2030 802 2094 fraudem
836 2041 1219 2112 praeparatos
1241 2033 1466 2092 muneri
1489 2041 1824 2111 acceperat,
1850 2049 1958 2111 per
1985 2033 2351 2110 angiportum
2382 2030 2440 2088 in
2457 2039 2512 2078 20

442 2117 682 2177 balneas
718 2125 1107 2177 transeuntem
1141 2133 1331 2194 paene
1363 2116 1803 2184 interemerunt;
1852 2117 1962 2174 nisi
2007 2113 2440 2176 cohortantibus

442 2203 499 2262 in
544 2201 728 2260 vicem
763 2219 838 2260 ne
874 2201 1249 2261 occasionem
1294 2199 1655 2276 omitterent,
1697 2200 2187 2277 interrogatisque
2221 2198 2293 2259 de
2329 2214 2440 2275 qua

445 2284 765 2345 occasione
806 2285 1213 2363 loquerentur,
1271 2301 1554 2364 expressa
1618 2283 1873 2342 cruciatu
1926 2283 2222 2343 confessio
2260 2288 2438 2340 esset.

446 2367 723 2428 Accessit
746 2367 817 2428 ad
840 2377 993 2429 tanta
1020 2368 1347 2428 discrimina
1375 2385 1534 2428 mors
1563 2365 1822 2427 Vindicis
1839 2411 1858 2442 ,
1891 2385 2000 2445 qua
2031 2367 2277 2427 maxime
2303 2381 2438 2425 con-

445 2461 734 2512 sternatus
758 2451 1149 2529 destitutoque
1182 2453 1384 2513 similis
1419 2469 1534 2513 non
1566 2450 1796 2510 multum
1823 2451 1962 2511 afuit
1993 2453 2127 2530 quin
2163 2453 2316 2510 vitae
2347 2466 2438 2509 re·
2459 2471 2510 2512 25

444 2535 749 2594 nuntiaret.
811 2534 1502 2614 Sedsupervenientibus
1539 2535 1613 2595 ab
1653 2534 1797 2595 urbe
1831 2536 2039 2594 nuntiis
2077 2543 2138 2594 ut
2185 2533 2442 2594 occisum

443 2617 736 2678 Neronem
762 2626 1121 2697 cunctosque
1146 2620 1203 2680 in
1226 2619 1406 2680 verba
1431 2638 1532 2679 sua
1565 2621 1790 2678 iurasse
1825 2621 2136 2696 cognovit,
2176 2616 2443 2696 deposita

445 2702 624 2778 legati
654 2703 915 2781 suscepit
945 2700 1217 2763 Caesaris
1255 2703 1741 2783 appellationem,
1766 2703 1992 2781 iterque
2027 2704 2328 2780 ingressus
2353 2707 2446 2759 est

447 2785 752 2864 paludatus
788 2803 857 2846 ac
892 2786 1259 2867 dependente
1294 2805 1327 2847 a
1365 2786 1694 2847 cervicibus
1742 2787 1999 2866 pugione
2034 2795 2166 2846 ante
2200 2793 2441 2864 pectus;

446 2887 555 2928 nec
582 2870 743 2947 prius
766 2887 929 2931 usum
953 2881 1129 2947 togae
1145 2872 1500 2949 reciperavit
1522 2887 1690 2949 quam
1705 2871 2010 2949 oppressis
2028 2872 2122 2948 qui
2139 2886 2321 2929 novas
2342 2884 2445 2926 res
2466 2883 2520 2924 ao

446 2951 853 3030 moliebantur,
874 2955 1181 3033 praefecto
1209 2955 1468 3032 praetori
1488 2952 1838 3033 Nymphidio
1867 2953 2084 3014 Sabino
2109 2955 2351 3030 Romae,
2387 2953 2447 3010 in

448 3035 754 3097 Germania
778 3036 1028 3098 Fonteio
1056 3035 1366 3116 Capitone,
1395 3039 1450 3096 in
1472 3037 1673 3098 Africa
1695 3035 1906 3099 Clodio
1928 3037 2129 3099 Macro
2153 3037 2389 3114 legatis.

580 3119 995 3182 Praecesserat
1016 3120 1087 3182 de
1126 3138 1199 3180 eo
1237 3122 1388 3182 fama
1422 3123 1700 3182 saevitiae
1736 3121 1903 3182 simul
1939 3130 2112 3200 atque
2144 3119 2445 3195 avaritiae,

462 3203 616 3280 quod
642 3204 909 3265 civitates
947 3204 1351 3285 Hispaniarum
1389 3204 1847 3284 Galliarumque,
1901 3223 2048 3284 quae
2086 3204 2446 3265 cunctantius

452 3285 562 3345 sibi
588 3296 987 3366 accesserant,
1010 3289 1380 3366 gravioribus
1403 3289 1648 3367 tributis,
1673 3288 1944 3367 quasdam
1969 3289 2138 3349 etiam
2153 3305 2444 3347 murorum
2464 3311 2518 3353 35

446 3368 843 3430 destructione
859 3373 1121 3450 punisset
1134 3382 1192 3433 et
1206 3375 1584 3453 praepositos
1599 3381 2131 3452 procuratoresque
2149 3370 2439 3450 supplicio

447 3453 652 3530 capitis
678 3452 996 3514 adfecisset
1026 3471 1153 3514 cum
1180 3455 1526 3533 coniugibus
1549 3475 1619 3516 ac
1645 3455 1872 3526 liberis;
1903 3455 2174 3535 quodque
2191 3454 2445 3515 oblatam

446 3552 478 3593 a
514 3533 1049 3597 Tarraconensibus
1096 3556 1130 3596 e
1174 3547 1381 3598 vetere
1425 3539 1644 3618 templo
1689 3538 1849 3600 Iovis
1895 3556 2171 3599 coronam
2213 3555 2444 3599 auream
