2700 4234
357 1089 632 1137 florentina.

643 345 765 393 mv
1319 346 1711 395 PRAEFATIO
1720 378 1733 395 .

653 507 797 561 mino
827 504 1033 562 1οήᾶηί
1058 511 1165 561 etc.
1199 503 1365 561 ΙοΙιέε
1393 505 1631 561 Aloisius
1666 506 1953 561 Tuscanus
1991 506 2287 562 advocatus
2324 523 2463 563 con-

651 590 968 655 sistoriali3‚
1016 588 1348 645 invenerunt
1376 588 1608 645 Parisiis
1642 587 1933 663 (Incunab.
1983 606 2072 648 no.
2105 586 2271 665 1133)
2304 607 2461 647 mea-

656 688 763 745 que
795 673 975 745 gratia
1005 672 1436 743 diligentissime
1468 674 1817 728 contulerunt
1846 674 2064 730 Iacob
2083 689 2159 729 us
2194 673 2418 729 Hunzi
2441 704 2461 713 -

654 756 787 813 ker
837 755 1124 813 Helvetius
1163 762 1221 811 et
1252 755 1584 812 Andreas
1634 756 1915 827 Frigell
1962 757 2195 813 Suecus.
2285 757 2459 813 Tran-

655 838 814 911 quilli
836 839 1064 896 libellus
1093 838 1230 897 folia
1264 839 1365 895 XV
1378 839 1730 911 quaternaria
1754 834 2022 901 29⁸—43b
2050 840 2459 912 complectitur,

653 921 851 996 incipit
894 923 1182 979 Suetonius
1215 923 1283 977 de
1311 925 1713 995 ρναηινηαίίσίε,
1762 922 1966 979 desinit
1996 924 2250 979 abstinuit
2276 924 2412 979 cibo.
2446 927 2457 990 Ι

653 1005 752 1061 LA
765 1006 858 1063 VS
884 1005 1058 1063 ΠΕΟ.

781 1090 965 1147 Tertia
1009 1095 1094 1145 est
1139 1090 1557 1151 Florentina
1601 1088 1773 1145 editio
1816 1107 1870 1146 a.
1909 1096 2047 1152 1478
2085 1091 2356 1163 impressa
2400 1096 2461 1146 et

653 1172 808 1233 foliis
844 1172 1218 1247 quaternariis
1247 1171 1374 1227 XIV
1412 1178 1693 1229 constans.
1757 1173 1971 1229 Initium
2007 1181 2093 1231 est
2122 1174 2180 1231 0.
2214 1172 2461 1230 Suetonii

657 1256 980 1330 Tranquilli.
1019 1253 1029 1334 Ι
1067 1255 1135 1311 de
1160 1258 1545 1327 yrammaticis.
1590 1262 1643 1311 et
1672 1255 1884 1311 rhetori
1915 1251 1926 1335 Ι
1964 1258 2084 1314 bus.
2151 1259 2339 1313 claris.
2392 1258 2459 1311 li-

651 1341 764 1398 ber.
815 1341 1018 1411 incipit.
1079 1337 1204 1396 fluis
1239 1339 1355 1395 cibo
1375 1360 1393 1395 .·
1432 1331 1443 1418 Ι
1480 1338 1589 1395 Nil.
1654 1342 1905 1411 amplius.
1956 1344 2253 1413 reperitur.
2291 1335 2300 1416 Ι
2343 1340 2459 1395 Im-

645 1438 900 1496 pressum
942 1423 1260 1479 Florentiae
1305 1440 1340 1477 a
1388 1415 1400 1499 Ι
1440 1422 1568 1494 pud
1606 1421 1867 1480 Sanctum
1900 1424 2160 1481 Iacobum
2206 1425 2275 1479 de
2310 1416 2321 1502 Ι
2360 1424 2461 1479 Ri-

640 1509 778 1580 poli.
839 1506 1244 1565 MGGCGLXX
1249 1504 1405 1562 VIII
1412 1500 1506 1582 ⁸0³).
1599 1508 1717 1563 Duo
1760 1508 2013 1581 exempla
2056 1507 2275 1580 Lipsiae
2318 1508 2455 1563 bibl.

652 1687 803 1739 failor
839 1695 1096 1749 tamquam
1131 1685 1354 1735 codicem
1390 1685 1614 1735 contulit.
1688 1682 1991 1735 Germanum
2025 1684 2336 1752 typothetam
2354 1688 2462 1748 fol-

645 1771 806 1823 qares
826 1770 879 1821 p.
912 1754 1032 1813 267,
1065 1753 1133 1806 19
1165 1760 1215 1803 et
1239 1757 1395 1805 victas
1420 1770 1471 1819 p.
1494 1752 1613 1815 2³69,
1646 1753 1713 1805 36
1740 1753 1977 1818 produnt.
2050 1754 2124 1804 De
2157 1755 2463 1817 quibusdam

654 1824 810 1877 rebus
863 1822 1016 1872 biblio
1057 1821 1279 1888 raphicis
1331 1820 1538 1872 videndi
1590 1820 1884 1887 Schweiger
1932 1822 1964 1870 2
2017 1838 2070 1887 p.
2124 1822 2246 1874 615.
2326 1824 2462 1873 Haiu

654 1906 740 1944 no.
777 1890 962 1943 11443.
1081 1890 1214 1940 escio
1247 1890 1556 1940 vetustiorne
1580 1891 1655 1957 ⁴sit
1689 1905 1752 1940 an
1795 1891 2043 1955 posterior
2070 1905 2132 1941 ea
2171 1892 2461 1955 impressio,

655 1974 810 2024 quam
838 1958 1073 2025 prodisse
1113 1966 1293 2023 putant
1340 1973 1406 2007 ex
1441 1958 1669 2009 Romana
1712 1958 1917 2009 officina
1943 1960 2026 2009 vel
2061 1960 2265 2010 Ioannis
2297 1958 2464 2010 Gens·

657 2030 784 2093 berg
818 2026 899 2077 vel
931 2026 1136 2077 Ioannis
1165 2025 1449 2077 Schurener
1477 2026 1542 2076 de
1568 2028 1872 2094 Boppardia.

793 2095 884 2158 33)
914 2094 1200 2160 Principem
1236 2095 1348 2145 dico
1390 2092 1520 2144 hanc
1552 2096 1890 2146 Fiorentinam
1920 2097 2190 2147 editionem
2224 2110 2326 2147 non
2356 2104 2462 2147 tam

653 2167 807 2216 certis
833 2161 1112 2214 rationibus
1139 2163 1403 2222 inductus,
1436 2178 1587 2226 quam
1622 2163 1756 2227 quod
1785 2164 2120 2229 antiquiorem
2152 2166 2261 2215 eius
2299 2180 2464 2230 gene-

656 2234 728 2285 ris
758 2245 860 2284 non
889 2233 1024 2281 novi.
1099 2231 1302 2282 Collatis
1336 2232 1469 2280 enim
1498 2233 1747 2283 similibus
1778 2234 2024 2298 exemplis
2056 2240 2219 2284 aetate
2248 2232 2463 2283 inferio-

655 2302 813 2364 ribuS,
841 2299 1097 2365 suspicari
1130 2300 1247 2350 licet
1277 2299 1342 2350 de
1370 2303 1642 2351 vetustiore
1668 2301 1838 2364 aliqua
1873 2302 2091 2352 editione
2121 2302 2347 2352 nondum
2378 2302 2462 2351 in-

655 2378 826 2430 venta,
854 2368 990 2419 unde
1027 2376 1075 2417 et
1095 2368 1386 2419 Florentina
1416 2376 1466 2418 et
1493 2370 1720 2434 reliquae
1752 2369 2007 2420 derivatae
2037 2385 2151 2420 esse
2174 2370 2460 2423 videantur.

655 2439 846 2489 Verum
875 2451 990 2487 cum
1020 2450 1132 2487 eam
1157 2451 1263 2486 rem
1293 2452 1428 2486 nunc
1458 2437 1523 2487 ad
1552 2436 1799 2501 liquidum
1826 2439 2101 2503 perducere
2133 2452 2235 2488 non
2259 2452 2461 2502 queam,

657 2507 784 2557 satis
809 2504 972 2555 habeo
999 2503 1148 2554 trium
1167 2505 1505 2571 posteriorum
1533 2505 1807 2556 editionum
1840 2507 2068 2556 notitiam
2100 2506 2305 2557 addere.
2354 2507 2464 2556 Hoc

651 2574 790 2625 enim
823 2572 1138 2638 exemplum,
1175 2581 1230 2622 ut
1262 2573 1483 2623 bonitate
1515 2588 1609 2623 sua
1639 2574 1847 2639 meruit,
1890 2576 2115 2625 omnium
2160 2574 2464 2641 saepissime

655 2656 890 2693 recusum
921 2648 1013 2690 est.

726 2710 775 2763 1.
821 2712 879 2760 In
909 2709 1028 2759 bibl.
1059 2711 1199 2761 univ.
1231 2710 1513 2775 Lipsiensis
1546 2710 1699 2774 (Hist.
1734 2711 1818 2761 lat.
1855 2710 1979 2777 146)
2013 2712 2232 2777 itemque
2264 2710 2465 2761 Vratis·

657 2778 900 2831 laviensis
939 2776 1092 2828 editio
1126 2788 1357 2828 servatur
1395 2778 1518 2828 folia
1548 2780 1868 2843 quaternaria
1896 2780 2014 2830 VIII
2041 2795 2278 2831 versuum
2308 2777 2466 2829 XXX

656 2848 936 2908 continens,
967 2846 1106 2896 urbis
1139 2847 1259 2896 anni
1283 2847 1594 2913 typographi
1611 2847 1813 2898 indiciis
1831 2848 2090 2907 destituta,
2118 2849 2189 2899 ita
2213 2848 2464 2914 incipiens

660 2917 717 2967 G.
751 2915 975 2965 Suetonii
1001 2913 1284 2979 Tranquilli
1319 2917 1382 2963 de
1414 2931 1661 2979 qrammi·
1692 2917 1701 2979 Ι
1732 2919 1874 2966 licis:
1909 2924 1959 2966 et
1990 2917 2269 2967 rhetoribus
2302 2918 2467 2966 clari-s

659 2984 871 3033 libellus.
947 2983 1017 3032 ita
1062 2983 1304 3034 desinens
1358 2984 1614 3034 abstinens
1656 2985 1781 3035 cibo.
1824 2980 1835 3045 Ι
1875 2984 2103 3035 Suetonii
2150 2986 2351 3049 Traqlli
2400 2988 2467 3034 de

656 3053 813 3101 claris
861 3050 1194 3101 Gramatieis:
1247 3051 1295 3099 ἃ
1335 3052 1607 3103 rhetor-iffi.
1652 3055 1806 3104 Finis.
1896 3053 2241 3120 Bibliographi
2280 3054 2467 3104 docent

659 3120 948 3169 adiunctam
979 3119 1098 3169 olim
1125 3118 1286 3171 fuisse
1315 3120 1493 3185 Apicio
1532 3121 1594 3172 de
1622 3136 1679 3172 rc
1708 3122 1997 3186 coquinaria
2026 3122 2222 3173 circiter
2250 3137 2298 3173 a.
2326 3120 2466 3172 1500

659 3188 888 3238 venetiis
919 3202 1013 3254 per
1041 3186 1409 3237 Bernardinum
1436 3188 1683 3240 Venetum
1721 3193 1989 3257 impressu.
2062 3189 2327 3257 Lipsiense
2371 3205 2466 3240 ex-

659 3257 880 3323 emplum
912 3272 942 3305 a
973 3250 1221 3306 Moebio
1266 3258 1480 3308 missum
1523 3258 1790 3310 conferens
1819 3260 1941 3309 vitia
1974 3259 2221 3322 quaedam
2250 3258 2467 3309 Floren-

658 3326 794 3375 tinae
823 3324 1058 3375 editionis
1092 3324 1306 3387 sublata,
1333 3340 1497 3391 pauca
1529 3340 1662 3377 nova
1688 3328 1828 3378 iliata
1850 3326 2069 3394 cognovi
2099 3340 2195 3393 ope
2232 3334 2287 3377 ut
2316 3326 2465 3378 vide-

655 3400 741 3443 tur
767 3392 1003 3443 editionis
1037 3394 1260 3443 Incertae
1305 3407 1353 3443 a.
1399 3396 1555 3457 14743
1593 3396 1664 3447 ita
1695 3411 1750 3462 p.
1784 3396 1884 3447 267
1900 3433 1914 3460 ,
1962 3397 2028 3446 27
2070 3394 2220 3446 habet
2245 3394 2463 3459 Scripsit

656 3475 778 3511 vero
808 3476 879 3509 eoe
905 3462 1089 3519 variis,-
1117 3476 1166 3525 p.
1203 3461 1323 3524 269,
1356 3462 1424 3514 28
1455 3472 1624 3526 porta.

727 3530 776 3580 2.
826 3528 1023 3580 Veteris
1057 3528 1290 3580 editionis
1319 3528 1714 3584 Mediolanensis
1756 3535 1855 3583 Iac.
1886 3533 2203 3599 Bongarsius
2240 3548 2288 3584 a.
2324 3534 2465 3586 1595

653 3596 954 3649 Casaubono
988 3612 1131 3664 spem
1167 3596 1387 3660 fecerat,
1422 3600 1514 3651 sed
1550 3614 1650 3651 non
1689 3603 1941 3652 inventam
1972 3601 2168 3653 mittere
2208 3616 2309 3653 non
2349 3612 2466 3669 pot-
