2700 4234
463 257 589 318 272
655 268 714 318 c.
752 269 1141 318 sum-omns
1174 269 1660 328 TRANQmLLus
1685 269 1779 315 DE
1809 248 2277 319 nuumoumus,

599 423 833 488 Reliqua
861 424 1256 476 desiderantur.
1329 424 1637 488 Supersunt
1660 428 1847 476 tamen
1868 425 1928 474 in
1960 424 2141 476 indice
2168 425 2491 490 praemisso

467 494 687 546 nomina
729 493 1008 544 rhetorum
1039 493 1319 556 undecim,
1358 498 1414 544 et
1446 497 1572 558 post
1605 493 1879 544 stellulum
1900 495 2180 558 posuimus
2208 509 2355 560 quae
2378 495 2491 545 Hi-

468 577 755 626 eronymus
790 563 849 612 in
889 561 1158 616 Chronico
1192 561 1320 611 hinc
1356 562 1647 624 decerpsit.

409 644 446 699 7
584 630 647 690 L.
693 629 919 692 Cestius
961 626 1097 690 Pius
1138 630 1170 670 *
1212 627 1454 690 Cestius
1495 629 1874 709 Smyrnaeus
1915 627 2211 692 Latinam
2240 632 2494 695 Romae

466 713 838 776 rhetoricam
861 713 1071 775 docuit
1106 708 1300 798 (anno
1333 713 1415 773 ab
1448 733 1509 774 u.
1544 733 1598 774 c.
1634 709 1801 797 741).
2512 737 2544 775 5

409 813 447 868 8
593 798 669 859 Μ.
702 799 944 859 Porcius
971 795 1144 857 Latro
1177 798 1209 838 *
1239 796 1321 858 Μ.
1345 795 1607 858 Porcius
1628 795 1848 874 Latro,
1880 795 2142 858 Latinus
2165 799 2487 862 declama-

470 890 568 944 tor
585 927 602 960 ,
674 882 879 943 taedio
930 880 1198 960 duplicis
1261 888 1612 962 quartanae
1671 888 1862 942 semet
1912 881 2115 959 ipsum
2172 882 2495 962 interfecit

475 963 568 1050 (a.
610 973 742 1028 750.
783 962 950 1046 751).

411 1063 444 1118 9
597 1049 668 1124 Q.
703 1049 931 1112 Curtius
957 1048 1140 1108 Rufus
1175 1049 1206 1090 *

385 1148 455 1202 10
601 1133 663 1196 L.
693 1133 960 1196 Valerius
989 1132 1282 1192 Primanus
1319 1133 1349 1171 *
2323 1206 2333 1216 Ι
2521 1151 2579 1192 ιο

387 1231 452 1284 11
601 1219 913 1296 Verginius
940 1215 1151 1275 Flavus
1182 1221 1213 1256 *

387 1311 455 1366 12
597 1301 659 1361 L.
706 1301 919 1361 Statius
961 1293 1207 1360 Ursulus
1236 1300 1269 1341 *
1299 1297 1540 1359 Statius
1588 1297 1854 1360 Ursulus
1901 1296 2006 1384 (al.
2038 1297 2374 1379 Sursulus,
2412 1303 2495 1362 al.

471 1380 803 1468 Surculus)
847 1381 1195 1445 Tolosanus
1224 1382 1613 1445 celeberrime
1641 1382 1704 1444 in
1733 1382 1945 1446 Gallia
1974 1384 2353 1447 rhetoricam
2375 1386 2493 1446 do-

473 1475 566 1530 cet
631 1487 690 1529 a.
722 1475 854 1530 810.
888 1475 998 1528 811
1037 1514 1052 1527 .

387 1570 456 1617 1ο
591 1466 654 1616 ξ’.
685 1551 924 1614 Clodius
948 1465 1257 1626 Qiurinalis
1281 1553 1313 1593 *
1338 1549 1594 1612 Clodius
1616 1548 1719 1636 (al.
1749 1548 2080 1636 Claudius)
2112 1549 2489 1630 Quirinali-3,
2520 1583 2577 1623 15

471 1639 681 1700 rhetor
702 1635 1122 1714 Arelatensis,
1149 1635 1387 1697 Romae
1410 1635 1821 1714 insiynissime
1844 1637 2021 1696 docet
2050 1633 2123 1719 (a
2160 1644 2289 1697 797.
2321 1635 2491 1720 798).

390 1741 458 1797 14
603 1721 679 1784 M.
707 1721 990 1780 Antonius
1019 1719 1298 1779 Liberalis
1331 1723 1363 1762 *
1394 1718 1475 1780 M.
1509 1718 1809 1781 Antonius
1836 1718 2181 1797 Liberalis,
2226 1719 2497 1782 Latinus

473 1807 706 1882 rhetor,
731 1821 996 1883 maynas
1017 1805 1376 1865 inimicitias
1398 1823 1534 1865 cum
1559 1801 1931 1866 Palaemone
1962 1812 2211 1866 exercet
2232 1802 2325 1888 (a.
2352 1813 2491 1866 801.

395 1992 459 2046 15
602 1973 740 2032 Sex.
766 1969 944 2030 Iulius
973 1968 1317 2030 Gabinianus
1345 1972 1377 2010 *
1401 1969 1789 2032 Gabinianus
1812 1971 2195 2038 celeberr-imi
2224 1972 2493 2033 nominis
2512 2000 2572 2040 20

475 2058 685 2119 rhetor
713 2055 779 2115 in
807 2054 1030 2116 Galliis
1053 2053 1261 2115 docuit
1291 2051 1383 2137 (a.
1421 2062 1552 2116 829.
1583 2052 1752 2138 830).
2052 2065 2071 2086 ·
2673 2053 2674 2058 ’

395 2157 464 2213 16
603 2138 679 2199 M.
705 2137 921 2198 Fabius
946 2137 1324 2213 Quintilianus
1355 2136 1486 2199 *M.
1505 2137 1743 2199 Fabius
1769 2137 2190 2213 Quintilianus
2224 2139 2491 2200 Romam

479 2246 521 2290 a
545 2223 751 2286 Galba
768 2223 1135 2303 perducitur
1159 2220 1251 2306 (a.
1279 2221 1422 2308 821)
1454 2269 1467 2283 .
1490 2270 1503 2283 .
1525 2269 1539 2282 .
1578 2221 2027 2300 Quintilianus,
2069 2241 2149 2283 ea>
2171 2221 2493 2301 Hispania

483 2309 1041 2389 Cataqurritanus,
1091 2307 1198 2388 qui
1230 2308 1473 2384 primus
1502 2307 1739 2368 Romae
1766 2306 2080 2386 publicam
2108 2306 2391 2369 scholam
2436 2313 2497 2368 et

478 2395 783 2455 salarium
816 2411 849 2450 e
878 2391 1032 2468 fisco
1065 2391 1333 2468 accepit,
1370 2392 1596 2453 claruit
1624 2389 1715 2474 (a.
1752 2389 2129 2470 838-842).
2514 2420 2571 2460 25

395 2490 460 2546 17
595 2476 770 2536 Iulius
803 2473 939 2534 Tiro
975 2475 1007 2515 *

619 2572 799 2622 Minus
833 2577 984 2622 certa
1017 2571 1119 2622 fide
1150 2572 1286 2624 haec
1321 2589 1533 2638 quoque
1567 2572 1695 2622 hine
1726 2573 1902 2636 petita.
1938 2571 2349 2622 existimantur:

607 2658 846 2718 Nicetes
903 2667 962 2717 et
1009 2656 1276 2732 Hybreas
1329 2668 1387 2718 et
1426 2658 1765 2720 Theodorus
1814 2667 1873 2716 et
1912 2655 2099 2716 Plutio
2149 2655 2497 2716 nobilissimi

482 2745 623 2804 artis
657 2742 986 2806 rhetoricae
1023 2741 1232 2804 Graeci
1266 2752 1687 2823 praeceptores
1714 2740 2017 2802 habentur.
2076 2736 2498 2819 Hieronymus

481 2829 546 2890 in
580 2825 888 2888 Chronico
924 2827 1013 2887 ad
1039 2844 1266 2887 annum
1299 2826 1382 2888 ab
1411 2847 1473 2888 u.
1506 2847 1557 2888 c.
1596 2834 1730 2886 724.
2520 2858 2581 2900 30

606 2910 806 2971 Isaeus
837 2910 1038 2972 rhetor
1072 2912 1177 2970 fuit
1207 2955 1222 2968 .
1242 2955 1288 2968 ..
1322 2911 1475 2972 illius
1506 2911 1807 2988 temporis,
1841 2909 2003 2969 ouius
2035 2916 2094 2968 et
2122 2904 2499 2989 Tranquillus

482 2996 748 3058 memInit.
840 2992 1099 3058 Scholia
1129 2994 1218 3055 ad
1241 2991 1520 3056 Iuvenal.
1558 3003 1623 3068 3,
1662 3001 1760 3054 74.

1267 3289 1716 3302 ..q—*n*
