2700 4234
1057 296 1406 359 GALBA.
2122 301 2244 363 203

231 468 546 543 ingressus
575 482 745 542 quam
776 472 834 523 ut
858 481 1054 523 secum
1077 462 1348 523 vehiculo
1385 465 1651 542 proximo
1687 464 1885 526 decies
1920 468 2247 527 sestertium

230 552 292 609 in
319 567 465 609 auro
489 547 760 625 efferret)
782 546 976 607 donec
998 549 1054 605 in
1079 546 1298 625 oppido
1315 546 1531 607 Fundis
1553 550 1800 609 moranti
1814 548 2091 630 Hispania
2106 550 2243 611 Tar·

227 633 588 693 raconensis
612 630 807 691 oblata
832 640 940 691 est.
987 630 1351 708 Acciditque,
1376 640 1436 690 ut
1469 650 1593 691 cum
1630 633 1989 711 provinciam
2021 635 2245 710 ingres·

203 712 340 777 ‘sus
367 716 736 776 sacrificaret
759 717 906 776 intra
931 712 1130 774 aedem
1155 713 1477 793 publicam,
1510 732 1695 794 puero
1720 734 1755 777 e
1778 718 2053 776 ministris
2082 734 2245 777 acer-

171 818 366 865 zram
405 801 624 859 tenenti
661 798 906 878 capillus
942 805 1187 875 repente
1221 806 1345 857 toto
1388 801 1579 878 capite
1604 810 1977 878 canesceret,
2014 817 2125 861 uec
2146 799 2243 859 de-

227 886 478 945 fuerunt
502 883 600 961 qui
626 884 1160 960 interpretarentur,
1186 882 1501 958 significari
1517 901 1708 943 rerum
1725 886 2093 945 mutationem
2115 901 2242 943 suc·

231 983 672 1045 cessurumque
692 966 885 1024 iuveni
911 982 1131 1039 senem,
1157 962 1272 1023 hoc
1299 974 1389 1024 est
1418 967 1605 1043 ipsum
1627 965 1868 1028 Neroni.
1908 968 2042 1028 Non
2064 966 2243 1027 multo

229 1058 386 1131 post
403 1052 460 1109 in
481 1048 830 1109 Cantabriae
853 1048 1040 1109 lacum
1065 1047 1282 1108 fulmen
1297 1047 1530 1127 decidit,
1555 1060 1943 1129 repertaeque
1956 1062 2087 1112 sunt
2104 1049 2243 1111 duo-

233 1136 438 1195 decim
461 1150 726 1209 secures,
753 1131 902 1192 haud
927 1131 1254 1208 ambiguum
1277 1150 1531 1194 summae
1554 1134 1779 1213 imperii
1806 1137 2053 1213 signum.

150 1240 210 1281 ιο
369 1218 483 1277 Per
515 1226 652 1278 octo
686 1231 870 1274 annos
909 1216 1071 1274 varie
1103 1223 1161 1274 et
1199 1216 1643 1294 inaequabiliter
1686 1219 2045 1296 provinciam
2077 1218 2245 1293 rexit,
2268 1231 2301 1285 9

237 1304 437 1382 primo
469 1318 608 1361 acer
636 1310 694 1359 et
718 1297 1048 1376 vehemens,
1080 1307 1138 1357 et
1167 1299 1225 1357 in
1251 1299 1596 1359 coercendis
1620 1301 1850 1379 quidem
1882 1301 2112 1362 delictis
2149 1300 2243 1359 vel

235 1383 606 1447 immodicus.
648 1382 795 1443 Nam
818 1390 875 1442 et
903 1382 1278 1442 nummulario
1302 1399 1417 1442 non
1442 1401 1517 1442 ex
1539 1384 1652 1443 lide
1680 1387 1934 1445 versanti
1967 1386 2245 1465 pecunias

238 1488 448 1531 manus
472 1468 790 1547 amputavit
805 1483 1160 1544 mensaeque
1183 1467 1308 1525 eius
1330 1466 1548 1544 adfixit,
1580 1475 1639 1525 et
1662 1476 1932 1544 tutorem,
1960 1467 2115 1546 quod
2141 1485 2241 1545 pu-

239 1553 468 1635 pillum,
496 1554 586 1611 cui
614 1550 953 1622 substitutus
974 1548 1152 1609 heres
1173 1558 1329 1626 erat,
1370 1568 1596 1610 veneno
1621 1560 1921 1627 necasset,
1944 1568 2121 1611 cruce
2146 1549 2243 1609 ad·

159 1657 222 1697 15
245 1638 420 1705 fecit3
444 1635 890 1721 implorantique
923 1631 1091 1709 leges
1129 1641 1187 1692 et
1220 1634 1407 1693 civem
1438 1634 1758 1695 Romanum
1795 1652 1861 1692 se
1894 1635 2243 1707 testificanti,

253 1720 423 1798 quasi
446 1718 653 1779 solatio
684 1726 741 1777 et
769 1717 995 1779 honore
1017 1717 1211 1796 aliquo
1238 1734 1487 1795 poenam
1521 1717 1845 1794 levaturus,
1870 1718 2071 1777 mutari
2103 1716 2243 1775 mul-

256 1812 438 1880 toque
463 1810 693 1881 praeter
719 1808 946 1861 ceteras
971 1800 1238 1861 altiorem
1263 1810 1320 1861 et
1345 1799 1671 1862 dealbatam
1694 1802 1864 1861 statui
1883 1818 2117 1861 crucem
2130 1802 2243 1860 ius·

256 1889 352 1946 sit.
397 1885 673 1945 Paulatim
693 1886 749 1943 in
769 1883 1046 1945 desidiam
1067 1885 1491 1963 segnitiemque
1517 1902 1838 1946 conversus
1870 1895 1978 1962 est,
2012 1903 2087 1945 ne
2110 1882 2244 1964 quid

251 1972 530 2029 materiae
554 1968 860 2047 praeberet
880 1969 1134 2045 Neroni,
1171 1978 1243 2046 et,
1271 1979 1328 2029 ut
1350 1969 1549 2029 dicere
1574 1969 1835 2048 solebat,
1876 1968 2045 2049 quod
2067 1986 2242 2029 nemo

161 2075 228 2116 :20
248 2053 558 2115 rationem
589 2052 701 2113 otii
721 2052 823 2134 ευρ·
849 2052 1116 2113 reddere
1143 2059 1481 2132 coqeretur.

374 2135 727 2213 Carthagine
752 2153 905 2197 nova
927 2145 1272 2197 conventum
1295 2154 1480 2214 agens
1504 2138 1829 2198 tumultuari
1853 2135 2068 2197 Gallias
2090 2151 2243 2195 com-

246 2222 424 2302 perit,
449 2220 650 2297 legato
679 2219 1025 2297 Aquitaniae
1050 2220 1261 2281 auxilia
1285 2219 1664 2298 implorante;
1706 2227 2164 2298 supervenerunt
2188 2226 2246 2276 et

246 2304 512 2364 Vindicis
542 2301 771 2363 litterae
800 2302 1117 2380 hortantis,
1153 2313 1211 2363 ut
1247 2303 1492 2363 humano
1527 2306 1731 2381 generi
1768 2310 2121 2363 assertorem
2146 2300 2243 2359 du-

249 2406 498 2467 cemque
521 2405 588 2447 se
611 2386 1038 2448 accomodaret.
1083 2387 1212 2447 Nec
1234 2386 1330 2446 diu
1357 2397 1675 2464 cunctatus,
1704 2384 2089 2447 conditionem
2115 2401 2243 2461 par-

165 2492 230 2531 25
253 2475 353 2532 tim
375 2480 526 2531 metu
550 2472 756 2550 partim
781 2488 890 2549 spe
910 2474 1166 2550 recepit;
1196 2489 1324 2531 nam
1356 2480 1413 2531 et
1442 2471 1702 2532 mandata
1725 2469 1977 2531 Neronis
2001 2467 2073 2527 de
2098 2484 2245 2526 nece

251 2573 358 2616 sua
379 2553 451 2615 ad
475 2563 893 2633 procuratores
918 2553 1062 2617 clam
1086 2558 1258 2615 missa
1287 2554 1695 2633 deprenderat,
1720 2564 1779 2616 et
1803 2551 2246 2615 confirmabatur

251 2658 382 2701 cum
408 2638 842 2697 secundissimis
869 2640 1142 2717 auspiciis
1163 2648 1220 2698 et
1252 2637 1537 2699 ominibus
1563 2640 1803 2719 virginis
1838 2638 2123 2699 honestae
2146 2651 2244 2694 va-

247 2723 607 2799 ticinatione,
628 2730 787 2781 tanto
809 2724 996 2799 magis
1018 2722 1174 2800 quod
1201 2722 1403 2782 eadem
1426 2723 1524 2783 illa
1560 2724 1809 2783 carmina
1837 2719 2119 2781 sacerdos
2151 2717 2243 2777 Io-

251 2808 344 2867 vis
370 2804 614 2868 Cluniae
644 2823 722 2866 ex
743 2805 1022 2883 penetrali
1047 2808 1268 2865 somnio
1290 2808 1538 2866 monitus
1570 2815 1833 2881 eruerat,
1865 2812 1997 2863 ante
2032 2802 2242 2861 ducen-

167 2912 231 2954 as
249 2901 348 2952 tos
371 2906 555 2949 annos
579 2889 839 2949 similiter
860 2907 893 2949 a
917 2888 1147 2950 fatidica
1171 2890 1367 2969 puella
1399 2891 1781 2969 pronuntiata.
1837 2887 2092 2961 Quorum
2120 2902 2242 2944 car·

247 2974 460 3035 minum
503 2974 791 3033 sententia
824 2982 974 3049 erat,
1029 2973 1332 3035 oriturum
1372 2972 1739 3052 quwndoque
1798 2988 1877 3033 em
1930 2966 2247 3045 Hispania

238 3054 591 3137 principem
617 3055 1042 3135 dominumque
1067 3074 1292 3117 rerum,

374 3138 560 3217 Igitur
595 3157 724 3200 cum
765 3140 929 3217 quasi
969 3141 1399 3200 manumissioni
1446 3146 1751 3199 vacaturus
1802 3135 2244 3198 conscendisset
2267 3160 2333 3211 lo

246 3222 533 3299 tribunal,
569 3224 892 3301 propositis
929 3233 1060 3283 ante
1099 3242 1164 3283 se
1191 3222 1581 3283 damnatorum
1605 3223 2049 3301 occisorumque
2074 3238 2107 3281 a
2126 3219 2241 3281 Ne-

165 3331 228 3372 35
247 3324 398 3369 rone
422 3306 876 3387 quamplurimis
897 3306 1238 3384 imaginibus
1262 3315 1320 3366 et
1341 3315 1565 3367 astante
1604 3304 1784 3366 nobili
1820 3323 2037 3386 puer0,
2073 3322 2244 3383 quem

247 3390 582 3451 exulantem
610 3410 643 3450 e
675 3392 936 3469 proxima
957 3390 1183 3451 Baleari
1207 3390 1394 3449 insula
1422 3388 1499 3449 ob
1518 3390 1576 3450 id
1596 3392 1785 3469 ipsum
1809 3391 2119 3465 acciverat,
2144 3388 2241 3449 de-

247 3474 507 3555 ploravit
539 3484 865 3552 temporum
905 3483 1148 3550 statum,
1187 3472 1694 3553 consalutatusque
1728 3474 2043 3551 imperator
2079 3471 2241 3547 lega-

245 3567 366 3619 tum
397 3576 465 3618 se
497 3566 729 3619 senatus
755 3576 826 3619 ac
849 3558 1050 3638 populi
1072 3557 1142 3617 R.
1170 3556 1474 3635 professus
1488 3565 1597 3617 est.
1618 3556 1990 3617 Deiniustitio
2006 3552 2241 3629 indicto,
