2700 4234
810 614 895 701 c.
953 614 1425 701 sUEToNI
1472 614 2155 707 TRANQUILLl

506 782 745 885 DE
851 780 1313 886 VITA
1410 779 2457 889 CAESARUM

1225 982 1553 1047 LIBER
1583 982 1713 1047 VI.

1327 1138 1623 1216 mo,

614 1475 708 1537 Ex
749 1485 924 1555 gente
953 1472 1199 1541 Domitia
1239 1472 1387 1536 duae
1417 1474 1667 1537 familiae
1711 1475 2069 1552 claruerunt,
2110 1473 2529 1540 Calvinorum5

483 1568 542 1621 et
593 1556 1095 1621 Aenobarborum.
1169 1556 1506 1620 Aenobarbi
1560 1567 1856 1620 auctorem
1920 1560 2161 1637 originis
2224 1560 2483 1639 itemque

483 1644 848 1723 cognominis
867 1642 1084 1703 habent
1109 1642 1171 1701 L.
1199 1640 1539 1717 Domitium,
1571 1644 1661 1703 cui
1683 1662 1817 1703 rure
1846 1642 2135 1721 quondam
2159 1646 2483 1711 revertenti

481 1730 722 1789 iuvenes
752 1727 968 1805 gemini
1005 1726 1340 1804 augustiore
1377 1726 1561 1786 forma
1594 1745 1668 1786 ex
1712 1743 1960 1789 occursu
2000 1729 2325 1807 imperasse,
2366 1735 2481 1797 tra·

482 1814 714 1887 duntur,
748 1812 1036 1873 nuntiaret
1067 1811 1290 1869 senatui
1321 1828 1391 1869 ac
1424 1810 1643 1889 populo
1676 1811 2010 1889 victoriam,
2042 1810 2115 1869 de
2148 1828 2261 1889 qua
2289 1812 2482 1871 incer-

481 1906 595 1956 tum
626 1893 812 1953 adhuc
853 1902 1006 1961 erat;
1061 1902 1234 1971 atque
1263 1895 1322 1951 in
1351 1888 1528 1953 fidem
1562 1896 1877 1955 maiestatis
1922 1894 2067 1954 adeo
2101 1894 2481 1973 permulsisse
2502 1914 2559 1955 io

478 1978 690 2054 malas,
734 1986 794 2040 ut
823 1994 856 2035 e
890 1978 1055 2054 nigro
1085 1976 1314 2047 rutilum
1346 1978 1581 2055 aerique
1613 1977 1928 2039 adsimilem
1970 1975 2242 2057 capillum-
2272 1977 2483 2038 redde-

480 2070 627 2123 rent.
676 2060 845 2136 Quod
867 2061 1093 2138 insigne
1123 2060 1329 2121 mansit
1354 2069 1410 2119 et
1442 2061 1497 2119 in
1528 2064 1778 2140 posteris
1809 2064 1969 2139 eius,
2002 2079 2071 2121 ac
2101 2079 2311 2145 magna
2343 2079 2488 2140 pars

480 2146 651 2207 rutila
711 2143 894 2206 barba
943 2144 1188 2204 fuerunt.
1267 2143 1472 2205 Functi
1530 2155 1719 2207 autem
1778 2144 2173 2206 consulatibus
2229 2154 2486 2223 septem,

483 2228 768 2310 triumpho
803 2246 1162 2307 censuraque
1194 2228 1441 2308 duplici,
1472 2238 1529 2288 et
1551 2231 1701 2290 inter
1730 2232 2006 2309 patricios
2034 2229 2246 2289 adlecti
2276 2247 2484 2308 perse-

482 2322 833 2375 veraverunt
867 2329 1066 2372 omnes
1097 2314 1154 2371 in
1186 2312 1395 2371 eodem
1428 2314 1794 2389 cognomine.
1852 2314 1943 2376 Ac
1984 2332 2057 2373 ne
2105 2314 2483 2393 praenomina
2506 2335 2565 2375 ιε»

484 2398 715 2477 quidem
747 2396 865 2455 ulla
899 2396 1302 2475 praeterquam
1348 2396 1527 2456 Gnaei
1575 2406 1632 2456 et
1672 2396 1813 2457 Luci
1854 2406 2227 2479 usurparunt;
2292 2414 2484 2481 eaque

480 2481 612 2562 ipsa
654 2478 896 2545 notabili
948 2481 1259 2556 varietate,
1308 2479 1483 2542 modo
1541 2483 1939 2544 continuantes
1994 2498 2163 2542 unum
2206 2479 2483 2559 quodque

482 2582 591 2644 per
617 2563 798 2622 trinas
845 2570 1160 2641 personas,
1219 2562 1393 2624 modo
1440 2564 1791 2625 alternantes
1841 2583 1949 2644 per
1998 2563 2275 2641 singulas,
2334 2562 2483 2625 Nam

481 2648 725 2728 primum
753 2644 1180 2724 secundumque
1214 2664 1284 2707 ac
1324 2650 1553 2708 tertium
1584 2647 2065 2715 Aenobarborum
2096 2647 2338 2725 Lucios,
2389 2666 2483 2707 se-

484 2732 712 2811 quentis
764 2749 965 2790 rursus
1008 2740 1130 2789 tres
1170 2749 1246 2791 ex
1279 2731 1483 2801 ordine
1526 2731 1756 2793 Gnaeos
1796 2733 2166 2811 accepimus,
2219 2730 2484 2813 reliquos
2502 2754 2567 2794 *zo

483 2815 709 2877 nonnisi
756 2815 1012 2875 vicissim
1062 2822 1176 2874 tum
1218 2814 1431 2875 Lucios
1475 2823 1590 2876 tum
1635 2815 1885 2877 Gnaeos,
1956 2812 2221 2876 Pluris‘e
2262 2815 2486 2875 familia

485 2898 767 2978 cognosc-i
791 2900 1018 2959 referre
1049 2898 1326 2976 arbitror,
1362 2915 1475 2978 quo
1504 2898 1731 2960 facilius
1773 2906 2055 2979 appareat
2096 2898 2175 2961 ita
2225 2898 2483 2979 degene-

482 3002 648 3047 rasse
679 3002 712 3045 a
737 3000 968 3043 suorum
991 2982 1293 3059 virtutibus
1319 2982 1515 3059 Nero,
1545 2992 1607 3043 ut
1632 2992 1820 3043 tamen
1844 2984 1979 3060 vitia
2011 2984 2286 3066 cuiusque
2318 2984 2485 3062 quasi

415 3076 449 3127 2
481 3069 688 3128 tradita
721 3076 779 3126 et
813 3069 1065 3144 ingenita
1096 3066 1378 3127 retulerit.
1440 3066 1518 3127 Ut
1553 3068 1727 3144 igitur
1773 3063 1946 3146 paulo
1990 3066 2160 3127 altius
2194 3076 2483 3146 repetam,

482 3160 686 3211 atavus
718 3152 842 3210 eius
889 3149 1008 3210 CN.
1036 3148 1315 3209 Domitius
1356 3152 1415 3209 in
1446 3149 1732 3211 tribunatu
1764 3150 2133 3229 pontificibus
2178 3149 2482 3227 offensior,
2504 3168 2572 3213 25

486 3233 639 3311 quod
681 3232 852 3292 alium
903 3252 1068 3311 quam
1113 3252 1178 3293 se
1224 3236 1281 3293 in
1322 3236 1503 3313 patris
1550 3236 1636 3293 sui
1677 3234 1871 3295 locum
1914 3241 2325 3313 cooptassent,
2391 3234 2483 3293 ins

483 3314 852 3379 sacerdotum
879 3314 1381 3393 subrogandorum
1413 3336 1445 3378 a
1488 3316 1757 3395 collegiis
1803 3317 1873 3377 ad
1910 3318 2185 3397 populum
2233 3325 2481 3377 transtu-

483 3398 578 3477 lit,
643 3407 704 3458 at
763 3400 819 3459 in
873 3399 1173 3459 consulatu
1223 3400 1648 3479 Allobrogibus
1707 3401 2108 3480 Arvernisque
2166 3403 2481 3479 superatiS,

485 3482 797 3562 elephanto
848 3501 958 3564 per
987 3483 1343 3562 provinciam
1388 3493 1591 3545 vectus
1634 3494 1755 3564 est,
1812 3483 1978 3546 turba
2026 3484 2265 3545 militum
2312 3487 2485 3564 quasi
