2700 4234
723 313 975 362 Lxxxn
1283 283 1288 286 ⁵
1411 311 1829 361 rums-Ano.

730 471 817 531 De
858 471 999 528 meis
1036 471 1200 530 libris
1244 457 1594 528 Gandavensi
1655 471 1911 544 exemplo
1968 467 2167 526 Nannii
2208 468 2550 526 simillimum

734 571 865 613 esse
914 554 1084 612 video
1122 555 1429 613 Parisinum
1473 560 1646 626 8214,
1688 555 1744 611 in
1791 570 1899 626 quo
1947 553 2162 626 pariter
2207 571 2264 626 p.
2310 558 2436 623 297,
2477 559 2553 612 10

734 641 931 696 deinde
960 646 1017 696 et
1046 641 1223 696 locum
1252 641 1309 694 in
1337 639 1625 694 amborum
1652 640 1922 708 amicitia,
1949 643 2014 697 21
2043 653 2078 692 α
2109 643 2191 708 te,
2219 641 2290 694 22
2321 635 2551 704 iuvabit,

734 740 789 796 p.
806 729 929 793 298,
966 729 1033 785 19
1064 737 1536 793 οτκωανστατωο,
1568 728 1638 782 24
1669 722 1911 779 tiburtini
1936 721 2147 794 scripta
2182 719 2438 792 reperim
2475 721 2554 776 ad

734 805 1017 864 Morilloni
1048 807 1171 866 sive
1194 805 1396 862 Mureti
1426 805 1843 863 Gandavensem
1871 804 2125 877 proxime
2149 803 2370 860 accedit
2390 802 2553 860 Pari-

736 889 890 946 sinus
925 895 1080 952 7972.

861 971 1078 1047 Scripta
1110 976 1365 1047 exempla
1394 975 1730 1031 Horatianus
1763 972 1934 1044 vitae,
1961 978 2218 1044 quantum
2247 987 2357 1042 ego
2393 985 2550 1027 com·-

734 1063 952 1129 pcrtnm
1003 1059 1220 1129 haheo,
1280 1057 1356 1120 XI
1407 1057 1642 1114 numero'
1692 1061 1947 1126 exstant,
2007 1055 2238 1113 Parisiis
2280 1053 2551 1134 quinque,

734 1142 960 1197 B‘onnae
990 1139 1341 1212 Guelferbyti
1363 1140 1738 1198 vratislaviae
1769 1133 2046 1196 Monachii
2068 1138 2324 1195 Venetiis
2339 1137 2551 1193 Romae

736 1218 1060 1299 singula'n).
1161 1223 1364 1282 Eorum
1413 1241 1612 1282 novem
1653 1225 1730 1280 ita
1774 1222 2000 1294 cognita
2051 1229 2180 1280 sunt
2226 1227 2286 1278 ut
2325 1221 2417 1277 vel
2477 1221 2550 1276 de

736 1385 852 1422 cum
884 1372 1133 1422 vocabula
1162 1373 1349 1424 rectius
1389 1373 1614 1434 ordinat,
1660 1373 1742 1423 vel
1779 1387 1892 1442 eum
1926 1387 1978 1437 p.
2017 1369 2146 1432 297,
2179 1370 2214 1421 6
2248 1367 2455 1420 brachio
2493 1383 2552 1418 se

735 1452 831 1506 pro
866 1441 1030 1490 cubito
1051 1477 1064 1502 ,
1111 1441 1181 1492 26
1214 1443 1469 1494 convictor
1497 1455 1591 1508 pro
1643 1444 1802 1492 victor
1843 1440 2042 1501 scribit,
2093 1441 2158 1492 12
2190 1439 2277 1489 ubi
2307 1441 2469 1502 inquit
2501 1445 2550 1486 et

736 1524 787 1573 p.
830 1507 963 1569 298,
994 1508 1061 1559 12
1090 1509 1217 1560 Item
1245 1510 1500 1563 Horatius
1537 1509 1742 1572 omittit,
1771 1525 1824 1576 p.
1863 1507 1984 1569 297,
2021 1506 2085 1558 31
2123 1509 2276 1568 enim,
2313 1506 2382 1558 32
2417 1521 2548 1566 eum,

736 1575 805 1628 38
844 1592 1061 1639 suorum,
1099 1593 1151 1643 p.
1182 1578 1303 1642 298,
1345 1580 1381 1630 2
1409 1594 1548 1642 vero,
1581 1579 1646 1630 17
1670 1579 2012 1643 corpusculum
2043 1592 2156 1638 non,
2189 1577 2259 1628 24
2287 1590 2425 1626 meas
2457 1574 2550 1625 ad-

736 1645 841 1705 dit3
878 1653 1047 1712 potest
1081 1648 1305 1712 inquam,
1334 1648 1380 1698 ai
1409 1647 1608 1698 Nannio
1643 1647 1900 1713 insignem
1935 1645 1989 1695 in
2015 1645 2346 1696 describendo
2375 1656 2544 1693 socor-

736 1713 873 1764 diam
904 1715 1154 1780 imputare
1182 1717 1436 1767 volumus.
1513 1714 1615 1768 Sed
1650 1730 1751 1766 non
1785 1720 1954 1782 potest
1984 1729 2038 1780 p.
2059 1713 2179 1774 297,
2211 1711 2278 1763 10
2307 1727 2428 1762 mox
2453 1725 2546 1778 pro

736 1783 917 1832 deinde
949 1791 998 1832 et
1028 1799 1079 1850 p.
1102 1783 1222 1846 298,
1254 1785 1319 1835 19
1348 1774 1756 1850 οἰκωλήστατος
1789 1797 1884 1851 pro
1915 1776 2338 1848 οτηκωοὲντατος
2371 1781 2425 1831 ἰιι
2462 1792 2551 1829 eo·

738 1851 853 1900 dem
884 1849 1013 1900 libro
1061 1853 1345 1918 invenisse,
1391 1869 1505 1904 cum
1545 1855 1695 1904 etiam
1731 1865 1956 1903 meorum
2000 1851 2244 1908 librorum
2273 1865 2396 1916 pars
2430 1848 2548 1908 hoe,

738 1933 857 1982 pars
912 1918 1039 1968 illud
1086 1921 1331 1972 ostendat.
1407 1923 1636 1988 Apparet
1691 1922 1850 1988 igitur
1909 1920 2034 1969 alter
2093 1920 2296 1984 quidam
2349 1917 2548 1972 eodem

738 1999 889 2050 quem
923 1993 1092 2037 tamen
1133 2003 1197 2038 ne
1231 1989 1542 2054 descriptum
1578 2005 1610 2039 a
1634 1989 1898 2040 Morillono
1937 1988 2029 2038 sed
2059 1986 2408 2038 tantummodo
2443 1985 2548 2036 eol·

735 2054 893 2106 latum
932 2057 1208 2118 existimes,
1243 2058 1485 2109 lectiones
1517 2059 1790 2108 nonnullae
1824 2065 2123 2123 argumento
2160 2063 2281 2106 sunt
2315 2070 2382 2105 ex
2406 2053 2548 2104 Nan·

734 2123 887 2174 niano
926 2125 1250 2192 superstites,
1282 2141 1428 2190 quas,
1465 2127 1510 2178 si
1543 2127 1696 2176 vitam
1735 2125 2093 2190 exscripsisset
2126 2126 2394 2190 integram,
2433 2136 2548 2172 eor*

734 2199 898 2242 rectas
937 2193 1174 2257 oportuit.
1250 2193 1334 2245 Sic
1376 2210 1430 2261 p.
1470 2196 1591 2256 297,
1628 2195 1694 2246 12
1733 2201 2041 2246 monstratur
2077 2200 2126 2244 et
2169 2191 2300 2254 298,
2348 2192 2414 2244 17
2453 2189 2549 2240 sed

734 2262 783 2309 si
815 2260 919 2325 tibi,
952 2259 1019 2312 23
1056 2263 1320 2328 domusque
1351 2265 1460 2314 eius
1491 2265 1680 2324 relicta,
1718 2279 1772 2329 p.
1798 2263 1919 2324 297,
1961 2261 2024 2314 16
2049 2263 2247 2312 iudiciis
2279 2269 2327 2311 et
2363 2258 2488 2321 298,
2513 2256 2546 2307 6

627 2391 632 2397 ,
734 2329 808 2378 ad
840 2344 895 2379 se
930 2331 1151 2392 omissa,
1202 2332 1424 2382 maxime
1465 2349 1518 2398 p.
1557 2332 1677 2396 297,
1716 2331 1784 2383 36
1833 2332 2050 2382 eredidit
2092 2337 2376 2396 receptum,
2413 2341 2545 2392 quae

734 2397 902 2448 omnia
930 2399 982 2448 in
1016 2401 1155 2450 nullo
1179 2410 1443 2466 praeterea
1465 2401 1591 2452 libro
1623 2407 1840 2462 exstant,
1875 2400 2155 2450 certissima
2189 2405 2307 2449 sunt
2326 2395 2546 2461 exempli

732 2465 985 2519 Nanniani
1014 2469 1250 2534 vestigia.

871 2532 967 2597 71)
999 2535 1217 2586 Parisini
1250 2537 1451 2588 codices
1483 2538 1613 2604 regii
1652 2536 1705 2587 hi
1740 2543 1896 2587 sunt:
1932 2536 2065 2589 7971
2105 2537 2222 2587 olim
2256 2535 2546 2586 Floriaeen-

734 2602 825 2663 sis,
866 2603 999 2654 7972
1035 2603 1155 2654 olim
1186 2606 1392 2656 Ioannis
1424 2606 1590 2655 Iacobi
1611 2605 1828 2663 Mentell‚
1865 2605 2002 2657 7974
2029 2619 2060 2654 a
2087 2603 2334 2670 Dionysio
2355 2601 2544 2654 Gotho·

734 2669 881 2722 fredo
925 2671 1164 2722 Puteanis
1212 2672 1453 2724 fratribus
1503 2675 1637 2724 dono
1683 2675 1859 2735 datus,
1912 2673 2048 2725 7977
2098 2671 2218 2724 oIIm
2249 2670 2445 2722 Nicolai
2480 2670 2544 2722 de

735 2737 1061 2808 Clemangiis‚
1100 2741 1239 2794 8214
1275 2741 1609 2805 colbertinu8‚
1649 2756 1825 2793 omnes
1863 2740 2002 2793 Sacc.
2036 2741 2104 2792 X.
2177 2741 2299 2793 Post
2322 2739 2544 2806 Rutger-

736 2808 870 2859 sium
924 2817 973 2860 et
1006 2810 1454 2876 Vanderburgium
1504 2825 1601 2876 ego
1649 2818 1856 2862 cunctos
1897 2811 2088 2862 contuli
2129 2824 2177 2861 a.
2221 2807 2353 2861 1855
2369 2844 2382 2868 ,
2437 2807 2541 2858 vid.

739 2875 1035 2944 Philologus
1067 2878 1436 2930 Schneidewini
1475 2878 1540 2929 10
1575 2895 1625 2946 p.
1651 2879 1756 2931 310
1791 2894 1904 2945 sqq.
1939 2905 2010 2917 -—-
2041 2879 2250 2930 Bonnae
2279 2875 2332 2927 in
2358 2876 2542 2927 biblio·

740 2943 889 2994 theca
922 2946 1147 2997 Eduardi
1178 2947 1335 2997 Heine
1372 2949 1498 2998 liber
1533 2948 1814 3000 Barcinone
1854 2946 1908 2998 in
1943 2947 2190 3014 Hispania
2223 2951 2544 3012 comparatus

740 3021 997 3076 servatur,
1052 3030 1187 3068 saec.
1230 3015 1279 3064 X
1329 3015 1548 3081 scriptus
1601 3025 1649 3067 et
1688 3031 1718 3066 a
1772 3017 2036 3067 Francisco
2082 3016 2246 3067 Ritter
2301 3015 2357 3066 in
2407 3013 2542 3062 edito

739 3095 787 3133 a.
832 3081 965 3133 1856
998 3082 1211 3134 Horatio
1225 3084 1462 3134 collatus.
1490 3109 1556 3120 ——
1588 3083 2034 3150 Guelferbytanum
2066 3084 2292 3136 codicem
2329 3081 2539 3132 Helmst.

740 3147 843 3201 338
877 3151 1137 3202 Ferrarius
1172 3168 1220 3202 a.
1256 3153 1388 3204 1461
1429 3155 1669 3218 seriptum
1704 3153 1776 3204 ait
1803 3153 1957 3204 Ebert
1987 3169 2038 3220 p.
2077 3153 2164 3205 91.
2197 3179 2267 3189 --
2295 3149 2541 3202 vratisla-

737 3219 967 3270 viensem
1002 3219 1414 3288 Rehdigeranum
1453 3220 1587 3271 Sect.
1621 3224 1658 3276 l.
1699 3222 1750 3273 5.
1785 3223 1821 3274 4
1849 3219 2171 3272 chartaceum
2203 3222 2427 3283 satisque
2462 3231 2540 3265 re-

738 3295 934 3338 centem
980 3287 1033 3340 Ο.
1084 3290 1143 3340 Ε.
1186 3289 1364 3341 (ἶίῆεετ
1407 3290 1659 3356 excerpsit
1707 3291 1760 3341 in
1805 3290 1981 3342 Museo
2027 3290 2272 3342 Rhenano
2319 3303 2366 3338 a.
2411 3283 2542 3336 1818

736 3371 789 3422 p.
827 3355 948 3408 440.
1002 3382 1069 3394 —
1100 3357 1421 3412 Monacensis
1459 3358 1560 3410 375
1597 3373 1732 3412 saec.
1763 3359 1879 3412 XII.
1914 3358 2124 3412 Carolus
2158 3357 2403 3409 Kirchner
2439 3354 2540 3404 No-

736 3437 915 3474 varum
949 3427 1303 3488 quaestionum
1337 3444 1388 3493 p.
1421 3427 1507 3480 43.
1555 3427 1622 3478 46
1665 3429 1970 3479 mentionem
2005 3427 2141 3478 fecit.
2185 3456 2254 3466 —
2290 3425 2538 3476 Venetum

740 3491 793 3544 S.
824 3493 990 3543 ‘Marci
1020 3495 1168 3545 class.
1199 3495 1341 3546 XIV.
1377 3511 1460 3548 no.
1499 3496 1602 3547 202
1651 3496 1971 3564 Iosephus
2001 3493 2451 3547 valentinelli
2487 3491 2537 3538 in

740 3561 917 3614 litteris
965 3563 1031 3611 ad
1076 3577 1159 3612 me
1191 3565 1323 3616 datis
1363 3566 1789 3617 commemoravit.
1841 3592 1909 3603 —-
1961 3566 2003 3616 E
2032 3565 2276 3616 Vaticano
2311 3561 2540 3628 Reginae
