2700 4234
880 325 1297 374 PRAEFATIO.
1866 327 1991 374 XIX

190 486 420 559 Speculo
448 483 729 542 historiali
773 481 831 540 S.
868 482 1030 554 xm,
1068 483 1305 541 lacobus
1336 485 1524 556 Magni
1559 483 1618 540 in
1651 484 1986 557 Sopbilogio

293 652 682 724 Exemplorum
708 657 829 723 typ
848 666 883 707 ο
901 651 1257 722 graphica
1291 668 1320 706 a
1339 657 1446 706 rte
1475 650 1983 723 multiplicaturum,
2013 659 2248 703 Euius-0·

185 753 309 808 quas
340 735 623 791 editiones
658 734 944 807 appellare
980 750 1081 790 usu
1126 740 1410 806 receptum
1441 741 1560 804 est,
1601 734 1986 807 antiquissima
2016 708 2254 763 principes.

182 826 298 874 sunt
334 820 579 874 Romana
640 818 785 887 duo,
810 833 980 878 .anno
1035 823 1173 878 1470
1216 818 1419 874 emissa
1464 813 1728 890 (alterum
1783 817 1990 875 Sextili

180 919 358 958 mense
399 909 457 958 et
498 901 727 958 Ioannis
767 900 997 957 Antonii
1038 899 1298 973 Campani
1344 918 1509 971 cura,
1561 902 1822 958 foliorum
1868 891 2012 975 12ss

182 987 401 1042 alterum
425 984 724 1054 Decembri
750 1000 821 1038 ex
854 983 1243 1054 recognitione
1268 984 1494 1040 loannis
1515 985 1774 1041 Andreae
1801 984 1989 1042 Aleri-

182 1069 321 1124 ensis
355 1069 616 1141 episcopi
665 1067 928 1123 foliorum
964 1065 1099 1141 107)
1141 1072 1199 1122 et
1226 1068 1498 1123 venetum
1530 1084 1694 1123 unum
1729 1068 1992 1125 foliorum

180 1158 273 1210 162
299 1168 439 1208 anno
477 1155 617 1210 1471
652 1150 953 1221 vulgatum.
1042 1149 1159 1206 Hae
1191 1157 1306 1206 tres
1353 1151 1665 1221 editiones,
1705 1151 1991 1224 principes

181 1235 571 1306 appellandae,
613 1250 733 1288 cum
779 1249 850 1288 ex
884 1233 1113 1305 scriptis
1159 1233 1450 1290 codicibus
1499 1251 1602 1306 pro
1639 1251 1703 1290 se
1737 1250 1991 1306 quaeque

182 1333 435 1390 expressa
482 1318 597 1387 sit,
628 1317 735 1373 etsi
768 1316 823 1371 in
861 1317 1047 1372 multis
1077 1317 1245 1373 rebus
1278 1317 1426 1372 inter
1455 1333 1516 1372 se
1555 1317 1836 1387 differunt,
1870 1335 1992 1374 cum

181 1402 403 1473 exempli
446 1417 625 1456 causa
672 1401 729 1454 in
772 1400 986 1456 Veneta
1032 1400 1278 1456 editione
1311 1399 1524 1458 Graeca
1567 1402 1739 1457 verba
1783 1402 1989 1473 ubique

182 1483 370 1540 omissa
416 1485 575 1554 sint,
632 1484 691 1539 in
732 1483 990 1539 Romanis
1038 1483 1279 1556 capitum
1334 1484 1643 1557 descriptio
1697 1502 1728 1539 a
1769 1485 1989 1556 vulgari

176 1568 481 1638 discrepet,
536 1567 599 1622 in
642 1566 961 1622 universum
1002 1572 1183 1622 tamen
1220 1566 1488 1622 iudicanti
1535 1567 1850 1624 simillimae
1903 1569 1990 1622 ins

176 1655 254 1704 ter
282 1667 341 1706 se
379 1657 437 1706 et
467 1648 991 1707 recentissimorum
1021 1649 1505 1721 pessimorumque
1533 1649 1824 1719 librorum,
1855 1667 1991 1720 qua-

176 1735 253 1790 les
291 1741 418 1789 sunt
464 1731 875 1790 Perizonianus
928 1739 985 1788 et
1024 1731 1438 1802 Harlemensis,
1493 1747 1749 1804 propago
1799 1732 1990 1787 dicen-

176 1816 272 1870 dae
306 1823 449 1872 sunt.
1489 1853 1495 1861 ·

290 1899 590 1956 Posteri
612 1914 803 1954 orum
840 1899 1195 1955 editorum
1225 1916 1363 1970 prae
1396 1899 1604 1955 ceteris
1634 1905 1867 1972 propter
1895 1916 1989 1955 re·
2017 1891 2282 1984 Ροζξξξξὲζθ·

178 1988 357 2054 septas
388 2001 420 2038 e
442 1981 784 2038 melioribus
818 1981 981 2038 libris
1011 1982 1427 2038 emendationes
1451 1983 1670 2038 laudem
1700 1983 1988 2039 consecuti

175 2071 293 2120 sunt
331 2066 629 2138 Philippus
676 2065 984 2122 Beroaldus
1026 2082 1077 2120 a.
1125 2071 1262 2126 1493
1318 2072 1375 2121 et
1430 2072 1598 2136 1506,
1659 2065 1988 2122 Desiderius

174 2149 423 2206 Erasmus
466 2166 519 2204 a.
577 2153 748 2217 1518,
788 2148 1065 2214 Robertus
1102 2149 1416 2224 Stephanus
1459 2167 1506 2205 a.
1544 2153 1714 2218 1543,
1760 2149 1988 2205 Isaacus

178 2229 529 2288 casaubonus
582 2249 631 2286 a.
665 2237 799 2290 1595
837 2237 893 2286 et
936 2237 1106 2300 1610,
1152 2233 1390 2288 loannes
1434 2232 1720 2302 Augustus
1765 2231 1989 2288 Ernesti

175 2332 219 2369 a.
251 2321 383 2374 1748
417 2322 477 2371 et
509 2319 689 2384 1775,
722 2307 1050 2370 Fr‘anciscus
1082 2314 1513 2386 Oudendorpius
1544 2332 1595 2370 a.
1633 2317 1788 2373 1751.
1873 2313 1994 2370 Etsi

176 2398 445 2454 editiones
489 2413 610 2453 non
650 2404 1053 2468 correxerunt,
1105 2404 1284 2454 tamen
1331 2398 1426 2453 vel
1468 2396 1524 2452 in
1577 2397 1990 2454 commentariis

176 2481 532 2538 Suetonianis
567 2480 660 2535 vel
690 2480 817 2536 aliis
850 2481 1137 2552 opusculis
1177 2483 1354 2538 bonas
1393 2480 1663 2537 librorum
1709 2479 1986 2536 lectiones

173 2565 412 2634 prolatas
458 2564 997 2620 commendaverunt
1046 2563 1103 2619 hi
1158 2565 1306 2620 fere:
1363 2562 1614 2634 Angelus
1661 2563 1988 2634 Politianus,

175 2645 400 2704 loannes
443 2646 700 2720 Baptista
753 2647 914 2716 I’iuS,
974 2646 1245 2704 Henricus
1291 2647 1628 2718 Glareanus,
1677 2646 1987 2704 Hadrianus

176 2730 489 2800 TurnebuS,
538 2729 865 2787 Theodorus
925 2730 1285 2801 I’ulmannus,
1325 2731 1595 2786 Laevinus
1641 2731 1988 2799 Torrentius,

174 2811 347 2868 iustus
376 2813 630 2886 Lipsius,
661 2811 824 2869 Ianus
858 2813 1143 2884 GruteruS,
1176 2813 1386 2886 Caspar
1411 2814 1692 2882 Barthius,
1727 2813 1988 2868 Claudius

177 2896 508 2968 SalmasiuS,
556 2894 791 2953 Ioannes
828 2895 1105 2967 Georgius
1148 2896 1450 2967 GraeviuS,
1496 2897 1730 2952 Iacobus
1772 2894 1990 2953 Grono-

179 2978 330 3049 vius,
360 2980 569 3035 Petrus
596 2979 955 3035 Burmannus
1048 2979 1380 3051 corrigendi
1419 2980 1609 3036 officio
1631 3021 1646 3050 ,
1680 2996 1800 3035 cum
1832 2986 1990 3036 vete-

177 3060 321 3118 ribus
366 3063 539 3120 libris
588 3062 1057 3133 destituerentur,
1108 3064 1433 3136 plerumque
1474 3081 1582 3119 non
1626 3064 1768 3119 male
1813 3062 1986 3118 functi

176 3152 296 3198 sunt
356 3145 670 3203 divinando
729 3146 945 3201 Marcus
1004 3145 1278 3201 Antonius
1345 3147 1662 3203 Sabellicus
1724 3163 1774 3202 a.
1829 3151 1986 3215 1490,

175 3225 406 3285 loannes
438 3229 696 3300 Baptista
726 3229 992 3300 Egnatius
1024 3246 1074 3285 a.
1110 3235 1268 3300 1516,
1292 3230 1690 3300 ,sigismundus
1723 3227 1986 3284 Gelenius

179 3327 225 3365 a.
272 3319 407 3373 1533
452 3319 513 3368 et
554 3317 692 3371 1546
737 3307 927 3386 (hunc
970 3311 1113 3368 enim
1158 3313 1590 3386 repetitio-nibus
1627 3312 1984 3369 Erasmianae

182 3393 437 3452 editionis
470 3395 718 3452 Basiliae
752 3395 925 3452 factis
943 3396 1257 3468 praefuisse
1282 3392 1590 3472 existimo).

294 3478 645 3551 Scriptorum
695 3479 965 3536 librorum
1018 3496 1121 3551 per
1168 3479 1480 3551 universam
1533 3480 1874 3538 Germaniam
1907 3477 1987 3538 'et
2029 3485 2236 3529 comem

185 3555 409 3616 Galliam
454 3567 515 3617 et
555 3562 769 3618 ltaliam
812 3563 1010 3633 ingens
1040 3579 1296 3619 numerus
1328 3564 1640 3636 reperitur,
1685 3552 1985 3635 eorumque
2005 3535 2248 3580 mudum*

1640 3642 1722 3699 b*
