2700 4234
681 316 725 367 0
1346 318 1764 367 PRAEFATIO.

677 483 743 537 31
790 478 1067 533 maximus
1104 467 1115 554 Ι
1147 478 1261 547 filio
1307 481 1572 548 parentes
1613 482 1840 549 coqnato
1878 467 1891 555 Ι
1927 481 1996 535 32
2049 482 2102 531 et
2139 478 2410 535 ludi-icum

678 566 749 621 33
774 560 1043 615 ludricum
1076 560 1226 631 quod
2035 588 2044 595 ·
2127 614 2136 621 ,

800 649 932 714 316,
980 651 1008 701 1
1064 645 1290 699 alterius
1328 649 1388 698 ut
1429 644 1616 699 melioe
1659 649 1716 696 at
1751 657 1942 699 casum
1982 645 2246 699 miserari
2275 649 2478 703 tantum

679 727 940 798 affectum
968 728 1193 782 insontis
1218 728 1458 783 amicitia
1495 723 1506 797 Ι
1541 732 1576 784 2
1597 725 1830 782 mutilati
1853 742 2050 782 vorsus
2074 728 2245 799 Vol-g.
2276 730 2462 800 Goorg

683 816 728 873 1,
761 814 865 869 466
894 815 948 864 ot
976 814 1042 869 41
1094 809 1105 879 Ι
1152 817 1187 871 3
1214 825 1354 881 opus
1381 813 1432 865 si
1455 812 1627 881 ipsius
1663 802 1674 887 Ι
1711 817 1744 868 5
1781 808 1979 880 futura
1999 813 2275 882 prospicit
2302 812 2479 869 Isido-

681 892 851 949 ἀοι-ιη
890 894 1121 950 Arevali
1170 888 1179 969 Ι
1231 899 1298 952 12
1336 908 1510 965 opera
1561 886 1571 969 Ι
1621 900 1686 953 15
1711 893 1904 947 alterio
1951 884 1964 971 Ι
2018 900 2080 955 19
2109 896 2424 965 quantitatis
2467 888 2482 974 Ι

678 982 743 1037 21
778 976 1045 1034 hominem
1074 978 1289 1048 quidem
1326 970 1335 1053 Ι
1375 982 1446 1037 23
1488 978 1660 1033 noctis
1694 981 1756 1031 ut
1783 978 2022 1031 interdiu
2051 978 2159 1032 diei
2187 978 2429 1035 Bondam
2467 981 2478 1045 Ι

676 1065 744 1119 25
794 1062 1031 1143 omniam
1080 1062 1331 1115 noticiam
1371 1054 1382 1139 Ι
1418 1066 1488 1121 26
1537 1062 1731 1131 aliquis
1767 1061 1868 1115 scit
1903 1053 1914 1137 Ι
1951 1066 2020 1121 29
2053 1059 2322 1132 Nefarius
2371 1068 2422 1116 et
2466 1054 2477 1139 Ι

674 1148 743 1203 34
786 1148 839 1197 et
874 1144 1013 1199 oliva
1052 1149 1106 1198 et
1146 1145 1308 1199 olium
1349 1151 1402 1198 et
1439 1142 1579 1200 vot‘a
1631 1142 1858 1216 fructus
1893 1136 1904 1221 Ι
1942 1150 2010 1203 35
2053 1145 2296 1199 olivetum
2335 1146 2484 1201 unde

672 1227 867 1282 olivum
901 1228 1160 1297 liquorem
1184 1229 1470 1300 appellant
1487 1233 1547 1283 ut
1572 1232 1930 1299 querquetum
1949 1232 2258 1300 prynetum.
2292 1242 2476 1283 verum

798 1315 935 1379 317,
997 1316 1033 1369 3
1086 1316 1247 1367 ovata
1294 1318 1396 1367 aut
1434 1326 1606 1383 super
1643 1325 1876 1382 aequum
1929 1304 1940 1389 Ι
1987 1316 2020 1371 7
2079 1326 2244 1383 quam
2289 1314 2404 1367 oris
2464 1302 2476 1388 Ι

672 1400 708 1453 8
752 1397 1028 1464 precatur
1068 1402 1165 1451 aut
1200 1388 1209 1473 Ι
1260 1400 1327 1455 14
1364 1396 1509 1452 oculi
1539 1393 1550 1469 Ι
1590 1402 1656 1454 15
1691 1394 1960 1451 interdum
2000 1394 2254 1449 tenebrae
2289 1410 2406 1449 nox
2463 1399 2476 1463 Ι

676 1476 743 1538 16
770 1476 1095 1549 corporibus
1120 1480 1178 1533 in
1208 1480 1360 1535 caelo
1381 1480 1716 1551 conspicitur
1738 1488 1800 1534 ut
1825 1486 2058 1534 comeete
2093 1468 2106 1555 Ι
2144 1481 2207 1537 17
2243 1479 2476 1549 coqni'tu.

676 1560 920 1617 fortasse
942 1560 1159 1617 modum
1185 1568 1423 1619 naturae
1453 1564 1699 1634 coynitae
1733 1555 1746 1639 Ι
1783 1563 2060 1634 eqreditur
2092 1574 2326 1631 serpens
2355 1576 2477 1616 eum

666 1643 899 1715 pedibus
941 1649 1037 1699 aut
1073 1660 1195 1700 eum
1234 1638 1243 1720 Ι
1280 1651 1353 1704 23
1393 1661 1636 1717 peccora
1689 1644 1778 1701 his
1817 1640 1826 1721 Ι
1875 1651 1944 1707 29
1987 1660 2122 1701 vasa
2177 1643 2334 1703 Hand
2373 1659 2478 1715 pro

674 1727 867 1783 bacha.
954 1726 1070 1785 Alii
1110 1729 1243 1787 libri
1288 1746 1464 1801 vaqa,
1503 1745 1704 1793 vacua,
1747 1732 1902 1801 virqa
1932 1730 2140 1786 hahent
2174 1720 2186 1805 Ι
2222 1735 2292 1787 30
2320 1744 2469 1782 ama-

673 1812 779 1869 leta
818 1804 827 1887 Ι
864 1817 933 1871 35
962 1812 1211 1867 dominus
1236 1814 1512 1885 proprius
1551 1818 1633 1867 est
1673 1813 1822 1869 locus
1859 1804 1871 1891 Ι
1905 1818 1971 1873 37
1999 1815 2268 1883 spicatur.

790 1899 895 1955 318
908 1934 926 1963 ‚
962 1900 995 1951 2
1037 1893 1233 1951 dubiae
1274 1898 1361 1951 rei
1387 1897 1662 1968 prospicit
1699 1896 1930 1967 fordmti
1973 1897 2242 1967 spicatur.
2329 1894 2475 1951 Pro-

672 1977 878 2035 hiberet
898 1974 923 2051 =1
959 1982 995 2035 4
1011 1993 1193 2048 porro
1224 1978 1409 2034 iubere
1447 1971 1458 2057 Ι
1494 1986 1530 2039 8
1560 1980 1802 2036 fortasse
1829 1980 2112 2037 obesorum
2138 1977 2416 2033 hominum
2463 1968 2476 2055 Ι

674 2067 741 2119 12
780 2067 831 2115 et
876 2062 1065 2132 reyale
1102 2054 1111 2137 Ι
1151 2066 1220 2121 14
1264 2064 1623 2133 relinquimur
1660 2056 1670 2139 Ι
1712 2068 1778 2121 16
1827 2064 2054 2119 dicinws
2089 2062 2210 2119 olea
2253 2059 2480 2131 fructus

669 2151 751 2198 est
776 2144 916 2200 oliva
947 2143 1118 2199 arbor
1147 2146 1428 2200 multitudo
1457 2146 1654 2200 dicitur
1683 2147 1928 2216 relictos,
1962 2144 2067 2201 cfr.
2098 2162 2151 2218 p.
2183 2150 2287 2205 316
2305 2184 2324 2213 ‚
2355 2149 2424 2203 34
2459 2137 2482 2221 Ι

670 2232 738 2286 18
771 2226 1086 2283 Recidivum
1125 2234 1177 2283 et
1206 2226 1530 2285 Rediuiuum
1577 2226 1708 2283 olim
1754 2228 1859 2283 fuit
1893 2221 1904 2306 Ι
1941 2246 1974 2284 o
2014 2230 2183 2283 literis
2221 2222 2230 2301 Ι
2267 2232 2338 2285 20
2379 2227 2474 2281 de·

667 2308 889 2380 fruetis.
926 2310 1255 2368 Addendum
1269 2318 1520 2383 paratur
1557 2304 1569 2389 Ι
1606 2316 1880 2371 27servus
1909 2318 1961 2367 et
1989 2314 2181 2382 iasper
2217 2303 2230 2391 Ι
2265 2316 2332 2369 29
2353 2324 2474 2365 sce-

671 2394 878 2449 leratus
906 2398 1081 2449 autem
1115 2400 1197 2449 est
1220 2408 1321 2449 suo
1357 2386 1370 2471 Ι
1417 2402 1483 2454 31
1516 2394 1741 2466 infamis
1771 2398 1952 2451 autom
1981 2408 2218 2449 scerum.

797 2482 927 2543 319,
963 2484 990 2536 1
1024 2477 1349 2532 dissimilare
1382 2477 1396 2555 Ι
1435 2478 1815 2533 daz-similamus
1852 2468 1862 2553 Ι
1897 2482 1930 2537 7
1960 2476 2250 2532 crubor-em
2288 2468 2299 2552 Ι
2335 2481 2372 2535 8
2397 2481 2480 2530 est

669 2574 731 2615 eo
764 2560 911 2631 quod
944 2552 954 2635 Ι
994 2564 1063 2617 14
1086 2561 1175 2615 ine
1210 2562 1408 2615 ceteris
1445 2557 1453 2636 Ι
1494 2568 1558 2620 15
1587 2561 1828 2631 inopiam
1858 2561 2146 2615 multorum
2177 2560 2237 2613 id
2271 2552 2280 2634 Ι
2321 2564 2388 2618 16
2417 2560 2476 2612 in

667 2657 861 2698 sensus
898 2635 907 2719 Ι
948 2649 1013 2703 19
1042 2642 1410 2699 substractum
1457 2636 1466 2721 Ι
1513 2645 1791 2699 immineat
1826 2636 1837 2720 Ι
1874 2649 1945 2702 20
1979 2644 2159 2698 simitu
2194 2639 2478 2697 Arovnlns

669 2742 772 2800 pro
805 2726 1075 2781 similitum
1112 2719 1123 2801 Ι
1160 2732 1225 2784 21
1260 2728 1532 2783 sunilitum
1563 2728 1669 2783 loci
1702 2720 1713 2804 Ι
1750 2732 1818 2785 22
1848 2732 2126 2798 tamquam
2152 2724 2426 2779 similitum
2462 2716 2474 2798 Ι

668 2815 739 2868 24
761 2814 1093 2865 monstrator
1114 2812 1398 2882 sanquinis
1433 2805 1444 2888 Ι
1481 2816 1550 2871 25
1571 2813 1666 2881 qui
1679 2812 1827 2883 quod
1848 2810 1975 2865 dicit
2006 2800 2018 2887 Ι
2055 2814 2124 2869 29
2143 2808 2430 2863 voluntatis
2463 2807 2474 2871 Ι

670 2900 737 2953 30
763 2898 986 2965 tergora
1010 2922 1081 2935 --
1105 2892 1335 2949 hominis
1377 2894 1575 2950 absunt
1605 2894 1672 2950 ab
1707 2894 2032 2966 apographo
2069 2890 2428 2949 Diibnoriano
2463 2880 2476 2967 Ι

670 2982 734 3036 31
768 2982 819 3031 et
845 2983 999 3047 terqa
1032 2978 1285 3033 animalis
1323 2970 1332 3054 Ι
1371 2983 1442 3037 33
1464 2977 1601 3035 Tum
1634 2982 1687 3031 et
1706 2982 1816 3035 tur.
1850 2984 1962 3031 tum
1990 2976 2197 3031 ordinis
2223 2966 2401 3046 siffis
2415 2968 2474 3028 ’ἕ

670 3061 925 3129 temporis
962 3053 971 3136 Ι
1009 3064 1074 3119 37
1107 3077 1143 3115 a
1170 3057 1261 3116 nb'
1290 3062 1607 3131 accipimus.

792 3148 897 3203 320
911 3182 929 3213 ,
959 3149 993 3203 6
1022 3144 1189 3199 vades
1220 3146 1316 3216 qui
1344 3159 1445 3199 vas
1473 3146 1650 3215 ipsum
1673 3150 1770 3199 aut
1794 3145 1930 3199 aliut
1965 3135 1974 3219 Ι
2011 3148 2048 3203 8
2067 3141 2310 3213 praedes
2337 3142 2433 3210 qui
2461 3133 2474 3216 Ι

654 3228 950 3299 praesenti
974 3226 1047 3283 du
1076 3232 1128 3281 el
1150 3228 1293 3283 idem
1324 3226 1422 3281 dat
1455 3227 1464 3297 Ι
1505 3234 1571 3287 12
1605 3228 1846 3283 umidum
1873 3230 2103 3297 ponitur
2131 3222 2395 3295 infectum
2423 3230 2480 3277 et

664 3312 941 3367 madidum
982 3302 991 3385 Ι
1032 3315 1100 3368 13
1141 3327 1178 3364 a
1230 3310 1463 3367 medium
1500 3302 1511 3386 Ι
1551 3316 1614 3371 17
1670 3311 1764 3367 Vis
1805 3312 1951 3367 vires
1986 3302 1997 3386 Ι
2035 3314 2102 3368 21
2147 3307 2385 3363 Verecor
2423 3314 2480 3360 ez

663 3408 954 3451 revereeor
994 3391 1085 3448 his
1122 3388 1133 3467 Ι
1172 3398 1241 3453 23
1272 3394 1450 3465 playa
1487 3388 1668 3473 {exiit
1700 3394 1710 3464 Ι
1748 3400 1816 3455 25
1845 3394 2020 3465 playa
2054 3384 2068 3470 Ι
2103 3396 2168 3450 27
2211 3389 2473 3461 Volupta-

662 3480 766 3532 tem
806 3482 860 3532 et
888 3476 1251 3547 volupitatem.
1295 3478 1558 3533 volumtas
1593 3469 1606 3555 Ι
1642 3484 1710 3537 30
1743 3477 1889 3549 quod
1925 3474 2207 3533 virtutibus
2244 3474 2418 3529 modis
2461 3464 2478 3548 Ι

660 3566 727 3619 32
756 3560 1030 3632 differmr.
