<?xml version="1.0" encoding="UTF-8"?>
<!DOCTYPE html PUBLIC "-//W3C//DTD XHTML 1.0 Transitional//EN"
    "http://www.w3.org/TR/xhtml1/DTD/xhtml1-transitional.dtd">
<html xmlns="http://www.w3.org/1999/xhtml" xml:lang="en" lang="en">
 <head>
  <title>
</title>
<meta http-equiv="Content-Type" content="text/html;charset=utf-8" />
  <meta name='ocr-system' content='tesseract 3.04.00' />
  <meta name='ocr-capabilities' content='ocr_page ocr_carea ocr_par ocr_line ocrx_word'/>
</head>
<body>
  <div class='ocr_page' id='page_1' title='image "./csuetonitranqui05rothgoog_0375.png"; bbox 0 0 2700 4234; ppageno 0'>
   <div class='ocr_carea' id='block_1_1' title="bbox 859 301 2212 362">
    <p class='ocr_par' dir='ltr' id='par_1_1' title="bbox 859 301 2212 362">
     <span class='ocr_line' id='line_1_1' title="bbox 859 301 2212 362; baseline 0.004 -6"><span class='ocrx_word' id='word_1_1' title='bbox 859 332 872 341; x_wconf 34' lang='lat'><strong><em>-1</em></strong></span> <span class='ocrx_word' id='word_1_2' title='bbox 888 311 984 357; x_wconf 75' lang='lat' dir='ltr'><strong><em>DE</em></strong></span> <span class='ocrx_word' id='word_1_3' title='bbox 1020 310 1519 358; x_wconf 75' lang='lat' dir='ltr'>GRAMMATICIS.</span> <span class='ocrx_word' id='word_1_4' title='bbox 2089 301 2212 362; x_wconf 70' lang='lat'><strong><em>2265</em></strong></span> 
     </span>
    </p>
   </div>
   <div class='ocr_carea' id='block_1_2' title="bbox 202 466 2324 628">
    <p class='ocr_par' dir='ltr' id='par_1_2' title="bbox 202 466 2324 628">
     <span class='ocr_line' id='line_1_2' title="bbox 202 466 2212 543; baseline 0.001 -15"><span class='ocrx_word' id='word_1_5' title='bbox 202 467 353 528; x_wconf 88' lang='lat' dir='ltr'><strong><em>mine</em></strong></span> <span class='ocrx_word' id='word_1_6' title='bbox 396 467 659 528; x_wconf 86' lang='lat' dir='ltr'><strong><em>Pasicles</em></strong></span> <span class='ocrx_word' id='word_1_7' title='bbox 674 507 701 543; x_wconf 89' lang='lat'><strong><em>,-</em></strong></span> <span class='ocrx_word' id='word_1_8' title='bbox 742 483 877 526; x_wconf 85' lang='lat' dir='ltr'><strong><em>mox</em></strong></span> <span class='ocrx_word' id='word_1_9' title='bbox 919 466 1163 525; x_wconf 80' lang='lat' dir='ltr'><strong>Pansam</strong></span> <span class='ocrx_word' id='word_1_10' title='bbox 1210 483 1275 525; x_wconf 87' lang='lat' dir='ltr'><strong><em>se</em></strong></span> <span class='ocrx_word' id='word_1_11' title='bbox 1323 468 1810 527; x_wconf 85' lang='lat' dir='ltr'><strong><em>transnominavit.</em></strong></span> <span class='ocrx_word' id='word_1_12' title='bbox 1892 467 2002 529; x_wconf 78' lang='lat' dir='ltr'><strong><em>ffie</em></strong></span> <span class='ocrx_word' id='word_1_13' title='bbox 2051 471 2212 532; x_wconf 87' lang='lat' dir='ltr'><strong><em>initio</em></strong></span> 
     </span>
     <span class='ocr_line' id='line_1_3' title="bbox 206 549 2324 628; baseline 0.001 -16"><span class='ocrx_word' id='word_1_14' title='bbox 206 553 361 612; x_wconf 89' lang='lat' dir='ltr'><strong><em>circa</em></strong></span> <span class='ocrx_word' id='word_1_15' title='bbox 384 567 620 610; x_wconf 87' lang='lat' dir='ltr'><strong><em>scenam</em></strong></span> <span class='ocrx_word' id='word_1_16' title='bbox 644 559 910 611; x_wconf 87' lang='lat' dir='ltr'><strong><em>versatus</em></strong></span> <span class='ocrx_word' id='word_1_17' title='bbox 934 557 1055 626; x_wconf 85' lang='lat' dir='ltr'><strong><em>est,</em></strong></span> <span class='ocrx_word' id='word_1_18' title='bbox 1090 549 1217 608; x_wconf 87' lang='lat' dir='ltr'><strong><em>dum</em></strong></span> <span class='ocrx_word' id='word_1_19' title='bbox 1250 550 1688 628; x_wconf 83' lang='lat' dir='ltr'><strong><em>mimographos</em></strong></span> <span class='ocrx_word' id='word_1_20' title='bbox 1718 551 1972 623; x_wconf 79' lang='lat' dir='ltr'><strong><em>adiuvat3</em></strong></span> <span class='ocrx_word' id='word_1_21' title='bbox 2008 553 2219 616; x_wconf 69' lang='lat' dir='ltr'><strong><em>deinde</em></strong></span> <span class='ocrx_word' id='word_1_22' title='bbox 2320 595 2324 602; x_wconf 87' lang='lat'><strong>·</strong></span> 
     </span>
    </p>
   </div>
   <div class='ocr_carea' id='block_1_3' title="bbox 203 625 2218 796">
    <p class='ocr_par' dir='ltr' id='par_1_3' title="bbox 203 625 2218 796">
     <span class='ocr_line' id='line_1_4' title="bbox 204 625 2218 714; baseline 0.002 -20"><span class='ocrx_word' id='word_1_23' title='bbox 204 637 261 695; x_wconf 87' lang='lat' dir='ltr'><strong><em>in</em></strong></span> <span class='ocrx_word' id='word_1_24' title='bbox 286 635 533 714; x_wconf 80' lang='lat' dir='ltr'><strong>pergula</strong></span> <span class='ocrx_word' id='word_1_25' title='bbox 580 632 805 712; x_wconf 88' lang='lat' dir='ltr'><strong><em>docuit,</em></strong></span> <span class='ocrx_word' id='word_1_26' title='bbox 863 632 1053 692; x_wconf 88' lang='lat' dir='ltr'><strong><em>donec</em></strong></span> <span class='ocrx_word' id='word_1_27' title='bbox 1097 635 1506 695; x_wconf 87' lang='lat' dir='ltr'><strong><em>commentario</em></strong></span> <span class='ocrx_word' id='word_1_28' title='bbox 1546 625 1828 710; x_wconf 78' lang='lat' dir='ltr'><strong>Zmyrnae</strong></span> <span class='ocrx_word' id='word_1_29' title='bbox 1873 635 2028 697; x_wconf 82' lang='lat' dir='ltr'><strong><em>edito</em></strong></span> <span class='ocrx_word' id='word_1_30' title='bbox 2069 637 2218 699; x_wconf 87' lang='lat' dir='ltr'><strong><em>adeo</em></strong></span> 
     </span>
     <span class='ocr_line' id='line_1_5' title="bbox 203 715 1440 796; baseline -0.002 -18"><span class='ocrx_word' id='word_1_31' title='bbox 203 719 501 796; x_wconf 87' lang='lat' dir='ltr'><strong><em>inclaruit,</em></strong></span> <span class='ocrx_word' id='word_1_32' title='bbox 536 726 595 778; x_wconf 91' lang='lat' dir='ltr'><strong><em>ut</em></strong></span> <span class='ocrx_word' id='word_1_33' title='bbox 626 717 775 778; x_wconf 89' lang='lat' dir='ltr'><strong><em>haec</em></strong></span> <span class='ocrx_word' id='word_1_34' title='bbox 805 717 876 777; x_wconf 92' lang='lat' dir='ltr'><strong><em>de</em></strong></span> <span class='ocrx_word' id='word_1_35' title='bbox 912 733 985 776; x_wconf 94' lang='lat' dir='ltr'><strong><em>eo</em></strong></span> <span class='ocrx_word' id='word_1_36' title='bbox 1016 715 1440 776; x_wconf 78' lang='lat' dir='ltr'><strong>scriberentur:</strong></span> 
     </span>
    </p>
   </div>
   <div class='ocr_carea' id='block_1_4' title="bbox 134 803 2310 1718">
    <p class='ocr_par' dir='ltr' id='par_1_4' title="bbox 134 803 2310 1718">
     <span class='ocr_line' id='line_1_6' title="bbox 159 803 1842 878; baseline 0.003 -21"><span class='ocrx_word' id='word_1_37' title='bbox 159 818 183 857; x_wconf 89' lang='lat'><strong>5</strong></span> <span class='ocrx_word' id='word_1_38' title='bbox 522 807 628 863; x_wconf 85' lang='lat' dir='ltr'><strong><em>Uni</em></strong></span> <span class='ocrx_word' id='word_1_39' title='bbox 652 807 923 863; x_wconf 74' lang='lat' dir='ltr'><strong><em>Crassicio</em></strong></span> <span class='ocrx_word' id='word_1_40' title='bbox 951 818 1012 860; x_wconf 83' lang='lat' dir='ltr'><strong><em>se</em></strong></span> <span class='ocrx_word' id='word_1_41' title='bbox 1034 805 1265 860; x_wconf 85' lang='lat' dir='ltr'><strong><em>credere</em></strong></span> <span class='ocrx_word' id='word_1_42' title='bbox 1293 804 1541 876; x_wconf 74' lang='lat' dir='ltr'><strong><em>Zmyrna</em></strong></span> <span class='ocrx_word' id='word_1_43' title='bbox 1557 803 1842 878; x_wconf 56' lang='lat' dir='ltr'><strong><em>probavit}</em></strong></span> 
     </span>
     <span class='ocr_line' id='line_1_7' title="bbox 634 888 1807 961; baseline 0.001 -16"><span class='ocrx_word' id='word_1_44' title='bbox 634 890 876 946; x_wconf 79' lang='lat' dir='ltr'><strong><em>Desinite</em></strong></span> <span class='ocrx_word' id='word_1_45' title='bbox 904 888 1109 944; x_wconf 80' lang='lat' dir='ltr'><strong><em>indocti</em></strong></span> <span class='ocrx_word' id='word_1_46' title='bbox 1148 889 1394 959; x_wconf 70' lang='lat' dir='ltr'><strong><em>coniuyio</em></strong></span> <span class='ocrx_word' id='word_1_47' title='bbox 1420 889 1569 945; x_wconf 78' lang='lat' dir='ltr'><strong><em>hanc</em></strong></span> <span class='ocrx_word' id='word_1_48' title='bbox 1585 897 1807 961; x_wconf 75' lang='lat' dir='ltr'><strong><em>petere!</em></strong></span> 
     </span>
     <span class='ocr_line' id='line_1_8' title="bbox 512 972 1599 1044; baseline 0 -16"><span class='ocrx_word' id='word_1_49' title='bbox 512 972 630 1029; x_wconf 81' lang='lat' dir='ltr'><strong><em>Soli</em></strong></span> <span class='ocrx_word' id='word_1_50' title='bbox 650 973 923 1030; x_wconf 78' lang='lat' dir='ltr'><strong><em>Crassicio</em></strong></span> <span class='ocrx_word' id='word_1_51' title='bbox 952 986 1015 1026; x_wconf 81' lang='lat' dir='ltr'><strong><em>se</em></strong></span> <span class='ocrx_word' id='word_1_52' title='bbox 1040 972 1185 1027; x_wconf 76' lang='lat' dir='ltr'><strong><em>dixit</em></strong></span> <span class='ocrx_word' id='word_1_53' title='bbox 1208 972 1418 1026; x_wconf 78' lang='lat' dir='ltr'><strong><em>nubere</em></strong></span> <span class='ocrx_word' id='word_1_54' title='bbox 1445 974 1599 1044; x_wconf 84' lang='lat' dir='ltr'><strong><em>velle,</em></strong></span> 
     </span>
     <span class='ocr_line' id='line_1_9' title="bbox 626 1056 1698 1113; baseline 0.001 -1"><span class='ocrx_word' id='word_1_55' title='bbox 626 1057 832 1112; x_wconf 80' lang='lat' dir='ltr'><strong><em>Intima</em></strong></span> <span class='ocrx_word' id='word_1_56' title='bbox 864 1057 961 1110; x_wconf 82' lang='lat' dir='ltr'><strong><em>cui</em></strong></span> <span class='ocrx_word' id='word_1_57' title='bbox 979 1056 1086 1111; x_wconf 80' lang='lat' dir='ltr'><strong><em>soli</em></strong></span> <span class='ocrx_word' id='word_1_58' title='bbox 1108 1059 1239 1110; x_wconf 81' lang='lat' dir='ltr'><strong><em>nota</em></strong></span> <span class='ocrx_word' id='word_1_59' title='bbox 1266 1070 1373 1110; x_wconf 80' lang='lat' dir='ltr'><strong><em>sua</em></strong></span> <span class='ocrx_word' id='word_1_60' title='bbox 1401 1060 1698 1113; x_wconf 78' lang='lat' dir='ltr'><strong><em>extiterint.</em></strong></span> 
     </span>
     <span class='ocr_line' id='line_1_10' title="bbox 205 1134 2218 1212; baseline 0 -16"><span class='ocrx_word' id='word_1_61' title='bbox 205 1135 325 1196; x_wconf 91' lang='lat' dir='ltr'><strong><em>Sed</em></strong></span> <span class='ocrx_word' id='word_1_62' title='bbox 356 1154 484 1196; x_wconf 91' lang='lat' dir='ltr'><strong><em>cum</em></strong></span> <span class='ocrx_word' id='word_1_63' title='bbox 514 1135 795 1196; x_wconf 86' lang='lat' dir='ltr'><strong><em>edoceret</em></strong></span> <span class='ocrx_word' id='word_1_64' title='bbox 824 1137 935 1196; x_wconf 86' lang='lat' dir='ltr'><strong><em>iam</em></strong></span> <span class='ocrx_word' id='word_1_65' title='bbox 976 1134 1188 1194; x_wconf 86' lang='lat' dir='ltr'><strong><em>multos</em></strong></span> <span class='ocrx_word' id='word_1_66' title='bbox 1217 1151 1288 1194; x_wconf 84' lang='lat' dir='ltr'><strong><em>ae</em></strong></span> <span class='ocrx_word' id='word_1_67' title='bbox 1316 1134 1568 1212; x_wconf 89' lang='lat' dir='ltr'><strong><em>nobiles,</em></strong></span> <span class='ocrx_word' id='word_1_68' title='bbox 1609 1139 1664 1195; x_wconf 91' lang='lat' dir='ltr'><strong><em>in</em></strong></span> <span class='ocrx_word' id='word_1_69' title='bbox 1696 1137 1766 1196; x_wconf 88' lang='lat' dir='ltr'><strong><em>iis</em></strong></span> <span class='ocrx_word' id='word_1_70' title='bbox 1802 1136 2004 1198; x_wconf 84' lang='lat' dir='ltr'><strong><em>lulium</em></strong></span> <span class='ocrx_word' id='word_1_71' title='bbox 2039 1137 2218 1197; x_wconf 84' lang='lat' dir='ltr'><strong><em>Anto-</em></strong></span> 
     </span>
     <span class='ocr_line' id='line_1_11' title="bbox 134 1217 2239 1300; baseline 0.003 -27"><span class='ocrx_word' id='word_1_72' title='bbox 134 1221 388 1296; x_wconf 75' lang='lat' dir='ltr'><strong><em>ionium,</em></strong></span> <span class='ocrx_word' id='word_1_73' title='bbox 422 1220 698 1279; x_wconf 86' lang='lat' dir='ltr'><strong><em>triumviri</em></strong></span> <span class='ocrx_word' id='word_1_74' title='bbox 734 1219 938 1295; x_wconf 87' lang='lat' dir='ltr'><strong><em>filium,</em></strong></span> <span class='ocrx_word' id='word_1_75' title='bbox 983 1227 1042 1277; x_wconf 91' lang='lat' dir='ltr'><strong><em>ut</em></strong></span> <span class='ocrx_word' id='word_1_76' title='bbox 1072 1217 1283 1277; x_wconf 87' lang='lat' dir='ltr'><strong><em>Verrio</em></strong></span> <span class='ocrx_word' id='word_1_77' title='bbox 1316 1235 1552 1297; x_wconf 88' lang='lat' dir='ltr'><strong><em>quoque</em></strong></span> <span class='ocrx_word' id='word_1_78' title='bbox 1580 1220 1800 1280; x_wconf 88' lang='lat' dir='ltr'><strong><em>Flacco</em></strong></span> <span class='ocrx_word' id='word_1_79' title='bbox 1847 1238 2239 1300; x_wconf 33' lang='lat' dir='ltr'><strong><em>comparare·-</em></strong></span> 
     </span>
     <span class='ocr_line' id='line_1_12' title="bbox 199 1301 2220 1384; baseline 0 -20"><span class='ocrx_word' id='word_1_80' title='bbox 199 1313 325 1381; x_wconf 88' lang='lat' dir='ltr'><strong><em>tur,</em></strong></span> <span class='ocrx_word' id='word_1_81' title='bbox 358 1303 591 1363; x_wconf 89' lang='lat' dir='ltr'><strong><em>dimissa</em></strong></span> <span class='ocrx_word' id='word_1_82' title='bbox 621 1313 866 1382; x_wconf 86' lang='lat' dir='ltr'><strong><em>repente</em></strong></span> <span class='ocrx_word' id='word_1_83' title='bbox 912 1301 1144 1378; x_wconf 86' lang='lat' dir='ltr'><strong><em>schola,</em></strong></span> <span class='ocrx_word' id='word_1_84' title='bbox 1190 1304 1418 1362; x_wconf 87' lang='lat' dir='ltr'><strong><em>transiit</em></strong></span> <span class='ocrx_word' id='word_1_85' title='bbox 1458 1304 1529 1364; x_wconf 90' lang='lat' dir='ltr'><strong><em>ad</em></strong></span> <span class='ocrx_word' id='word_1_86' title='bbox 1564 1304 1636 1379; x_wconf 83' lang='lat' dir='ltr'><strong><em>Q.</em></strong></span> <span class='ocrx_word' id='word_1_87' title='bbox 1681 1305 1844 1364; x_wconf 80' lang='lat' dir='ltr'><strong><em>Sexti</em></strong></span> <span class='ocrx_word' id='word_1_88' title='bbox 1886 1304 2220 1384; x_wconf 82' lang='lat' dir='ltr'><strong><em>philosophi</em></strong></span> 
     </span>
     <span class='ocr_line' id='line_1_13' title="bbox 202 1396 443 1448; baseline -0.008 -1"><span class='ocrx_word' id='word_1_89' title='bbox 202 1396 443 1448; x_wconf 87' lang='lat' dir='ltr'><strong><em>sectam.</em></strong></span> 
     </span>
     <span class='ocr_line' id='line_1_14' title="bbox 332 1468 2310 1551; baseline 0.003 -21"><span class='ocrx_word' id='word_1_90' title='bbox 332 1469 671 1531; x_wconf 77' lang='lat' dir='ltr'><strong><em>Scribonius</em></strong></span> <span class='ocrx_word' id='word_1_91' title='bbox 706 1470 1125 1550; x_wconf 81' lang='lat' dir='ltr'><strong><em>Aphrodisius,</em></strong></span> <span class='ocrx_word' id='word_1_92' title='bbox 1173 1468 1376 1530; x_wconf 89' lang='lat' dir='ltr'><strong><em>Orbilii</em></strong></span> <span class='ocrx_word' id='word_1_93' title='bbox 1419 1489 1625 1531; x_wconf 84' lang='lat' dir='ltr'><strong><em>servus</em></strong></span> <span class='ocrx_word' id='word_1_94' title='bbox 1668 1481 1840 1551; x_wconf 73' lang='lat' dir='ltr'><strong><em>atque</em></strong></span> <span class='ocrx_word' id='word_1_95' title='bbox 1881 1471 2220 1550; x_wconf 73' lang='lat' dir='ltr'><strong><em>discip-uluS,</em></strong></span> <span class='ocrx_word' id='word_1_96' title='bbox 2243 1482 2310 1536; x_wconf 87' lang='lat'><strong><em>19</em></strong></span> 
     </span>
     <span class='ocr_line' id='line_1_15' title="bbox 203 1553 2223 1633; baseline -0.001 -17"><span class='ocrx_word' id='word_1_97' title='bbox 203 1573 345 1616; x_wconf 82' lang='lat' dir='ltr'><strong><em>mox</em></strong></span> <span class='ocrx_word' id='word_1_98' title='bbox 374 1574 406 1616; x_wconf 87' lang='lat' dir='ltr'><strong><em>a</em></strong></span> <span class='ocrx_word' id='word_1_99' title='bbox 432 1553 739 1615; x_wconf 83' lang='lat' dir='ltr'><strong><em>Scribonia</em></strong></span> <span class='ocrx_word' id='word_1_100' title='bbox 764 1555 1000 1615; x_wconf 86' lang='lat' dir='ltr'><strong><em>Libonis</em></strong></span> <span class='ocrx_word' id='word_1_101' title='bbox 1028 1553 1170 1631; x_wconf 85' lang='lat' dir='ltr'><strong><em>filia,</em></strong></span> <span class='ocrx_word' id='word_1_102' title='bbox 1204 1571 1354 1632; x_wconf 86' lang='lat' dir='ltr'><strong><em>quae</em></strong></span> <span class='ocrx_word' id='word_1_103' title='bbox 1386 1557 1544 1633; x_wconf 90' lang='lat' dir='ltr'><strong><em>prior</em></strong></span> <span class='ocrx_word' id='word_1_104' title='bbox 1571 1554 1820 1632; x_wconf 82' lang='lat' dir='ltr'><strong><em>Augusti</em></strong></span> <span class='ocrx_word' id='word_1_105' title='bbox 1844 1571 1992 1615; x_wconf 81' lang='lat' dir='ltr'><strong><em>uxor</em></strong></span> <span class='ocrx_word' id='word_1_106' title='bbox 2018 1556 2223 1633; x_wconf 82' lang='lat' dir='ltr'><strong><em>fuerat,</em></strong></span> 
     </span>
     <span class='ocr_line' id='line_1_16' title="bbox 136 1636 2304 1718; baseline 0.001 -23"><span class='ocrx_word' id='word_1_107' title='bbox 136 1656 183 1698; x_wconf 78' lang='lat'><strong><em>15</em></strong></span> <span class='ocrx_word' id='word_1_108' title='bbox 204 1640 545 1717; x_wconf 81' lang='lat' dir='ltr'><strong><em>redemptus</em></strong></span> <span class='ocrx_word' id='word_1_109' title='bbox 568 1647 627 1698; x_wconf 90' lang='lat' dir='ltr'><strong><em>et</em></strong></span> <span class='ocrx_word' id='word_1_110' title='bbox 653 1641 1067 1715; x_wconf 87' lang='lat' dir='ltr'><strong><em>manumissus,</em></strong></span> <span class='ocrx_word' id='word_1_111' title='bbox 1108 1637 1301 1699; x_wconf 88' lang='lat' dir='ltr'><strong><em>docuit</em></strong></span> <span class='ocrx_word' id='word_1_112' title='bbox 1332 1656 1446 1718; x_wconf 92' lang='lat' dir='ltr'><strong><em>quo</em></strong></span> <span class='ocrx_word' id='word_1_113' title='bbox 1470 1640 1711 1700; x_wconf 88' lang='lat' dir='ltr'><strong><em>Verrius</em></strong></span> <span class='ocrx_word' id='word_1_114' title='bbox 1736 1647 2030 1717; x_wconf 86' lang='lat' dir='ltr'><strong><em>tempore,</em></strong></span> <span class='ocrx_word' id='word_1_115' title='bbox 2064 1641 2222 1698; x_wconf 86' lang='lat' dir='ltr'><strong><em>ouius</em></strong></span> <span class='ocrx_word' id='word_1_116' title='bbox 2293 1636 2304 1642; x_wconf 70' lang='grc'><strong>“</strong></span> 
     </span>
    </p>
   </div>
   <div class='ocr_carea' id='block_1_5' title="bbox 205 1721 2222 1886">
    <p class='ocr_par' dir='ltr' id='par_1_5' title="bbox 205 1721 2222 1886">
     <span class='ocr_line' id='line_1_17' title="bbox 206 1721 2222 1802; baseline -0 -19"><span class='ocrx_word' id='word_1_117' title='bbox 206 1726 380 1783; x_wconf 84' lang='lat' dir='ltr'><strong><em>etiam</em></strong></span> <span class='ocrx_word' id='word_1_118' title='bbox 404 1721 566 1782; x_wconf 88' lang='lat' dir='ltr'><strong><em>libris</em></strong></span> <span class='ocrx_word' id='word_1_119' title='bbox 596 1721 676 1780; x_wconf 92' lang='lat' dir='ltr'><strong><em>de</em></strong></span> <span class='ocrx_word' id='word_1_120' title='bbox 709 1740 742 1781; x_wconf 95' lang='lat' dir='ltr'><strong><em>o</em></strong></span> <span class='ocrx_word' id='word_1_121' title='bbox 760 1743 789 1782; x_wconf 97' lang='lat' dir='ltr'><strong><em>r</em></strong></span> <span class='ocrx_word' id='word_1_122' title='bbox 804 1733 826 1782; x_wconf 90' lang='lat' dir='ltr'><strong><em>t</em></strong></span> <span class='ocrx_word' id='word_1_123' title='bbox 842 1723 879 1782; x_wconf 90' lang='lat' dir='ltr'>h</span> <span class='ocrx_word' id='word_1_124' title='bbox 900 1741 935 1783; x_wconf 93' lang='lat' dir='ltr'><strong><em>o</em></strong></span> <span class='ocrx_word' id='word_1_125' title='bbox 953 1741 995 1800; x_wconf 80' lang='lat' dir='ltr'><strong>g</strong></span> <span class='ocrx_word' id='word_1_126' title='bbox 1009 1742 1039 1783; x_wconf 90' lang='lat' dir='ltr'><strong><em>r</em></strong></span> <span class='ocrx_word' id='word_1_127' title='bbox 1052 1741 1083 1782; x_wconf 89' lang='lat' dir='ltr'><strong><em>a</em></strong></span> <span class='ocrx_word' id='word_1_128' title='bbox 1099 1741 1135 1800; x_wconf 90' lang='lat' dir='ltr'>p</span> <span class='ocrx_word' id='word_1_129' title='bbox 1148 1722 1219 1781; x_wconf 88' lang='lat' dir='ltr'><strong><em>hi</em></strong></span> <span class='ocrx_word' id='word_1_130' title='bbox 1236 1741 1269 1782; x_wconf 87' lang='lat' dir='ltr'><strong><em>a</em></strong></span> <span class='ocrx_word' id='word_1_131' title='bbox 1298 1724 1635 1802; x_wconf 87' lang='lat' dir='ltr'><strong><em>rescripsit,</em></strong></span> <span class='ocrx_word' id='word_1_132' title='bbox 1673 1740 1786 1784; x_wconf 89' lang='lat' dir='ltr'><strong><em>non</em></strong></span> <span class='ocrx_word' id='word_1_133' title='bbox 1817 1724 1941 1782; x_wconf 84' lang='lat' dir='ltr'><strong><em>sine</em></strong></span> <span class='ocrx_word' id='word_1_134' title='bbox 1974 1725 2222 1782; x_wconf 83' lang='lat' dir='ltr'><strong><em>insecta-</em></strong></span> 
     </span>
     <span class='ocr_line' id='line_1_18' title="bbox 205 1804 1254 1886; baseline -0.001 -21"><span class='ocrx_word' id='word_1_135' title='bbox 205 1809 367 1866; x_wconf 83' lang='lat' dir='ltr'><strong><em>tione</em></strong></span> <span class='ocrx_word' id='word_1_136' title='bbox 400 1804 715 1864; x_wconf 88' lang='lat' dir='ltr'><strong><em>studiorum</em></strong></span> <span class='ocrx_word' id='word_1_137' title='bbox 741 1824 1079 1886; x_wconf 88' lang='lat' dir='ltr'><strong><em>morumque</em></strong></span> <span class='ocrx_word' id='word_1_138' title='bbox 1110 1808 1254 1866; x_wconf 85' lang='lat' dir='ltr'><strong><em>eius.</em></strong></span> 
     </span>
    </p>
   </div>
   <div class='ocr_carea' id='block_1_6' title="bbox 342 1886 2440 1968">
    <p class='ocr_par' dir='ltr' id='par_1_6' title="bbox 342 1886 2440 1968">
     <span class='ocr_line' id='line_1_19' title="bbox 342 1886 2440 1968; baseline 0.002 -21"><span class='ocrx_word' id='word_1_139' title='bbox 342 1887 408 1947; x_wconf 87' lang='lat' dir='ltr'><strong><em>C.</em></strong></span> <span class='ocrx_word' id='word_1_140' title='bbox 455 1886 633 1948; x_wconf 86' lang='lat' dir='ltr'><strong><em>Iulius</em></strong></span> <span class='ocrx_word' id='word_1_141' title='bbox 670 1889 963 1968; x_wconf 72' lang='lat' dir='ltr'><strong><em>Hyginus,</em></strong></span> <span class='ocrx_word' id='word_1_142' title='bbox 1022 1891 1272 1968; x_wconf 80' lang='lat' dir='ltr'><strong><em>Augusti</em></strong></span> <span class='ocrx_word' id='word_1_143' title='bbox 1314 1889 1590 1967; x_wconf 84' lang='lat' dir='ltr'><strong><em>libertus,</em></strong></span> <span class='ocrx_word' id='word_1_144' title='bbox 1644 1891 1876 1952; x_wconf 88' lang='lat' dir='ltr'><strong><em>natione</em></strong></span> <span class='ocrx_word' id='word_1_145' title='bbox 1909 1890 2313 1968; x_wconf 76' lang='lat' dir='ltr'><strong><em>HispauuS,20</em></strong></span> <span class='ocrx_word' id='word_1_146' title='bbox 2421 1905 2440 1919; x_wconf 84' lang='grc'><em>“</em></span> 
     </span>
    </p>
   </div>
   <div class='ocr_carea' id='block_1_7' title="bbox 125 1971 2306 3644">
    <p class='ocr_par' dir='ltr' id='par_1_7' title="bbox 125 1971 2306 3644">
     <span class='ocr_line' id='line_1_20' title="bbox 210 1971 2224 2054; baseline 0.001 -24"><span class='ocrx_word' id='word_1_147' title='bbox 210 1971 507 2052; x_wconf 81' lang='lat' dir='ltr'><strong><em>(nonnulli</em></strong></span> <span class='ocrx_word' id='word_1_148' title='bbox 537 1972 987 2034; x_wconf 84' lang='lat' dir='ltr'><strong><em>Alexandrinum</em></strong></span> <span class='ocrx_word' id='word_1_149' title='bbox 1022 1982 1219 2053; x_wconf 87' lang='lat' dir='ltr'><strong><em>putant</em></strong></span> <span class='ocrx_word' id='word_1_150' title='bbox 1262 1983 1321 2034; x_wconf 91' lang='lat' dir='ltr'><strong><em>et</em></strong></span> <span class='ocrx_word' id='word_1_151' title='bbox 1351 1993 1383 2034; x_wconf 90' lang='lat' dir='ltr'><strong><em>a</em></strong></span> <span class='ocrx_word' id='word_1_152' title='bbox 1417 1973 1672 2036; x_wconf 81' lang='lat' dir='ltr'><strong><em>Caesare</em></strong></span> <span class='ocrx_word' id='word_1_153' title='bbox 1713 1991 1954 2054; x_wconf 88' lang='lat' dir='ltr'><strong><em>puerum</em></strong></span> <span class='ocrx_word' id='word_1_154' title='bbox 1981 1975 2224 2034; x_wconf 81' lang='lat' dir='ltr'><strong><em>Romam</em></strong></span> 
     </span>
     <span class='ocr_line' id='line_1_21' title="bbox 130 2054 2228 2138; baseline 0 -25"><span class='ocrx_word' id='word_1_155' title='bbox 130 2074 187 2114; x_wconf 82' lang='lat'><strong><em>2⁰</em></strong></span> <span class='ocrx_word' id='word_1_156' title='bbox 209 2054 519 2116; x_wconf 88' lang='lat' dir='ltr'><strong><em>adductum</em></strong></span> <span class='ocrx_word' id='word_1_157' title='bbox 545 2054 901 2119; x_wconf 83' lang='lat' dir='ltr'><strong><em>Alexandria</em></strong></span> <span class='ocrx_word' id='word_1_158' title='bbox 934 2057 1133 2138; x_wconf 86' lang='lat' dir='ltr'><strong><em>capta)</em></strong></span> <span class='ocrx_word' id='word_1_159' title='bbox 1168 2058 1426 2118; x_wconf 78' lang='lat' dir='ltr'><strong><em>studiose</em></strong></span> <span class='ocrx_word' id='word_1_160' title='bbox 1473 2067 1529 2118; x_wconf 88' lang='lat' dir='ltr'><strong><em>et</em></strong></span> <span class='ocrx_word' id='word_1_161' title='bbox 1565 2058 1742 2118; x_wconf 81' lang='lat' dir='ltr'><strong><em>audiit</em></strong></span> <span class='ocrx_word' id='word_1_162' title='bbox 1768 2067 1827 2118; x_wconf 87' lang='lat' dir='ltr'><strong><em>et</em></strong></span> <span class='ocrx_word' id='word_1_163' title='bbox 1854 2059 2102 2118; x_wconf 87' lang='lat' dir='ltr'><strong><em>imitatus</em></strong></span> <span class='ocrx_word' id='word_1_164' title='bbox 2137 2065 2228 2116; x_wconf 90' lang='lat' dir='ltr'><strong><em>est</em></strong></span> 
     </span>
     <span class='ocr_line' id='line_1_22' title="bbox 206 2138 2227 2219; baseline -0 -19"><span class='ocrx_word' id='word_1_165' title='bbox 206 2138 543 2200; x_wconf 85' lang='lat' dir='ltr'><strong><em>Cornelium</em></strong></span> <span class='ocrx_word' id='word_1_166' title='bbox 567 2141 962 2202; x_wconf 83' lang='lat' dir='ltr'><strong><em>Alexandrum</em></strong></span> <span class='ocrx_word' id='word_1_167' title='bbox 986 2144 1419 2219; x_wconf 85' lang='lat' dir='ltr'><strong><em>grammaticum</em></strong></span> <span class='ocrx_word' id='word_1_168' title='bbox 1444 2142 1756 2217; x_wconf 85' lang='lat' dir='ltr'><strong><em>Graecum,</em></strong></span> <span class='ocrx_word' id='word_1_169' title='bbox 1789 2160 1960 2218; x_wconf 88' lang='lat' dir='ltr'><strong><em>quem</em></strong></span> <span class='ocrx_word' id='word_1_170' title='bbox 1980 2150 2227 2219; x_wconf 89' lang='lat' dir='ltr'><strong><em>propter</em></strong></span> 
     </span>
     <span class='ocr_line' id='line_1_23' title="bbox 198 2224 2224 2302; baseline 0 -18"><span class='ocrx_word' id='word_1_171' title='bbox 198 2224 557 2302; x_wconf 77' lang='lat' dir='ltr'><strong><em>antiquitatis</em></strong></span> <span class='ocrx_word' id='word_1_172' title='bbox 585 2228 839 2286; x_wconf 83' lang='lat' dir='ltr'><strong><em>notitiam</em></strong></span> <span class='ocrx_word' id='word_1_173' title='bbox 864 2225 1291 2300; x_wconf 78' lang='lat' dir='ltr'><strong><em>Polyhistorem</em></strong></span> <span class='ocrx_word' id='word_1_174' title='bbox 1315 2225 1506 2299; x_wconf 88' lang='lat' dir='ltr'><strong><em>multi,</em></strong></span> <span class='ocrx_word' id='word_1_175' title='bbox 1534 2225 1761 2301; x_wconf 88' lang='lat' dir='ltr'><strong><em>quidam</em></strong></span> <span class='ocrx_word' id='word_1_176' title='bbox 1783 2224 2094 2284; x_wconf 85' lang='lat' dir='ltr'><strong><em>Historiam</em></strong></span> <span class='ocrx_word' id='word_1_177' title='bbox 2123 2241 2224 2284; x_wconf 80' lang='lat' dir='ltr'><strong><em>vo-</em></strong></span> 
     </span>
     <span class='ocr_line' id='line_1_24' title="bbox 202 2305 2224 2384; baseline -0.001 -16"><span class='ocrx_word' id='word_1_178' title='bbox 202 2307 435 2368; x_wconf 87' lang='lat' dir='ltr'><strong><em>cabant.</em></strong></span> <span class='ocrx_word' id='word_1_179' title='bbox 516 2306 770 2368; x_wconf 85' lang='lat' dir='ltr'><strong><em>Praefuit</em></strong></span> <span class='ocrx_word' id='word_1_180' title='bbox 800 2309 1093 2370; x_wconf 85' lang='lat' dir='ltr'><strong><em>Palatinae</em></strong></span> <span class='ocrx_word' id='word_1_181' title='bbox 1133 2305 1558 2382; x_wconf 86' lang='lat' dir='ltr'><strong><em>bibliothecae,</em></strong></span> <span class='ocrx_word' id='word_1_182' title='bbox 1598 2325 1710 2366; x_wconf 86' lang='lat' dir='ltr'><strong><em>nec</em></strong></span> <span class='ocrx_word' id='word_1_183' title='bbox 1755 2325 1826 2366; x_wconf 90' lang='lat' dir='ltr'><strong><em>eo</em></strong></span> <span class='ocrx_word' id='word_1_184' title='bbox 1867 2309 2059 2366; x_wconf 89' lang='lat' dir='ltr'><strong><em>secius</em></strong></span> <span class='ocrx_word' id='word_1_185' title='bbox 2101 2307 2224 2384; x_wconf 83' lang='lat' dir='ltr'><strong><em>plu-</em></strong></span> 
     </span>
     <span class='ocr_line' id='line_1_25' title="bbox 197 2389 2224 2470; baseline -0.002 -18"><span class='ocrx_word' id='word_1_186' title='bbox 197 2393 385 2470; x_wconf 80' lang='lat' dir='ltr'><strong><em>rirnos</em></strong></span> <span class='ocrx_word' id='word_1_187' title='bbox 419 2389 639 2460; x_wconf 88' lang='lat' dir='ltr'><strong><em>docuit;</em></strong></span> <span class='ocrx_word' id='word_1_188' title='bbox 672 2391 893 2469; x_wconf 86' lang='lat' dir='ltr'><strong><em>fuitque</em></strong></span> <span class='ocrx_word' id='word_1_189' title='bbox 924 2390 1398 2452; x_wconf 85' lang='lat' dir='ltr'><strong><em>familiarissimus</em></strong></span> <span class='ocrx_word' id='word_1_190' title='bbox 1431 2389 1636 2450; x_wconf 84' lang='lat' dir='ltr'><strong><em>Ovidio</em></strong></span> <span class='ocrx_word' id='word_1_191' title='bbox 1670 2399 1886 2469; x_wconf 86' lang='lat' dir='ltr'><strong><em>poetae</em></strong></span> <span class='ocrx_word' id='word_1_192' title='bbox 1929 2399 1987 2450; x_wconf 88' lang='lat' dir='ltr'><strong><em>et</em></strong></span> <span class='ocrx_word' id='word_1_193' title='bbox 2019 2389 2224 2451; x_wconf 87' lang='lat' dir='ltr'><strong><em>Clodio</em></strong></span> 
     </span>
     <span class='ocr_line' id='line_1_26' title="bbox 129 2473 2226 2555; baseline -0.002 -19"><span class='ocrx_word' id='word_1_194' title='bbox 129 2491 181 2530; x_wconf 80' lang='lat'><strong><em>2⁵</em></strong></span> <span class='ocrx_word' id='word_1_195' title='bbox 199 2477 412 2537; x_wconf 89' lang='lat' dir='ltr'><strong><em>Licino</em></strong></span> <span class='ocrx_word' id='word_1_196' title='bbox 445 2475 769 2550; x_wconf 86' lang='lat' dir='ltr'><strong><em>consulari,</em></strong></span> <span class='ocrx_word' id='word_1_197' title='bbox 817 2474 1124 2550; x_wconf 87' lang='lat' dir='ltr'><strong><em>historico,</em></strong></span> <span class='ocrx_word' id='word_1_198' title='bbox 1158 2476 1254 2552; x_wconf 91' lang='lat' dir='ltr'><strong><em>qui</em></strong></span> <span class='ocrx_word' id='word_1_199' title='bbox 1282 2491 1410 2534; x_wconf 88' lang='lat' dir='ltr'><strong><em>eum</em></strong></span> <span class='ocrx_word' id='word_1_200' title='bbox 1440 2473 1744 2555; x_wconf 36' lang='lat' dir='ltr'><strong><em>&gt;admodum</em></strong></span> <span class='ocrx_word' id='word_1_201' title='bbox 1777 2491 2094 2554; x_wconf 87' lang='lat' dir='ltr'><strong><em>pauperem</em></strong></span> <span class='ocrx_word' id='word_1_202' title='bbox 2129 2474 2226 2533; x_wconf 90' lang='lat' dir='ltr'><strong><em>de-</em></strong></span> 
     </span>
     <span class='ocr_line' id='line_1_27' title="bbox 206 2557 2223 2637; baseline -0.003 -17"><span class='ocrx_word' id='word_1_203' title='bbox 206 2558 475 2620; x_wconf 87' lang='lat' dir='ltr'><strong><em>cessisse</em></strong></span> <span class='ocrx_word' id='word_1_204' title='bbox 506 2557 677 2617; x_wconf 87' lang='lat' dir='ltr'><strong><em>tradit</em></strong></span> <span class='ocrx_word' id='word_1_205' title='bbox 708 2567 767 2618; x_wconf 90' lang='lat' dir='ltr'><strong><em>et</em></strong></span> <span class='ocrx_word' id='word_1_206' title='bbox 797 2557 1143 2618; x_wconf 84' lang='lat' dir='ltr'><strong><em>liberalitate</em></strong></span> <span class='ocrx_word' id='word_1_207' title='bbox 1172 2576 1306 2634; x_wconf 88' lang='lat' dir='ltr'><strong><em>sua,</em></strong></span> <span class='ocrx_word' id='word_1_208' title='bbox 1345 2558 1535 2637; x_wconf 87' lang='lat' dir='ltr'><strong><em>quoad</em></strong></span> <span class='ocrx_word' id='word_1_209' title='bbox 1559 2561 1796 2636; x_wconf 85' lang='lat' dir='ltr'><strong><em>vixerit,</em></strong></span> <span class='ocrx_word' id='word_1_210' title='bbox 1831 2567 2223 2620; x_wconf 78' lang='lat' dir='ltr'><strong><em>sustentatum.</em></strong></span> 
     </span>
     <span class='ocr_line' id='line_1_28' title="bbox 200 2640 2226 2721; baseline -0.002 -17"><span class='ocrx_word' id='word_1_211' title='bbox 200 2644 393 2704; x_wconf 88' lang='lat' dir='ltr'><strong><em>Huius</em></strong></span> <span class='ocrx_word' id='word_1_212' title='bbox 426 2641 669 2702; x_wconf 89' lang='lat' dir='ltr'><strong><em>libertus</em></strong></span> <span class='ocrx_word' id='word_1_213' title='bbox 697 2642 803 2702; x_wconf 83' lang='lat' dir='ltr'><strong><em>fuit</em></strong></span> <span class='ocrx_word' id='word_1_214' title='bbox 843 2640 1019 2701; x_wconf 88' lang='lat' dir='ltr'><strong><em>Iulius</em></strong></span> <span class='ocrx_word' id='word_1_215' title='bbox 1050 2641 1380 2720; x_wconf 86' lang='lat' dir='ltr'><strong><em>Modestus,</em></strong></span> <span class='ocrx_word' id='word_1_216' title='bbox 1424 2644 1480 2701; x_wconf 90' lang='lat' dir='ltr'><strong><em>iu</em></strong></span> <span class='ocrx_word' id='word_1_217' title='bbox 1520 2643 1721 2704; x_wconf 88' lang='lat' dir='ltr'><strong><em>studiis</em></strong></span> <span class='ocrx_word' id='word_1_218' title='bbox 1761 2652 1932 2721; x_wconf 87' lang='lat' dir='ltr'><strong><em>atque</em></strong></span> <span class='ocrx_word' id='word_1_219' title='bbox 1963 2642 2226 2703; x_wconf 85' lang='lat' dir='ltr'><strong><em>doctriua</em></strong></span> 
     </span>
     <span class='ocr_line' id='line_1_29' title="bbox 200 2726 1012 2805; baseline -0.002 -19"><span class='ocrx_word' id='word_1_220' title='bbox 200 2726 463 2803; x_wconf 80' lang='lat' dir='ltr'><strong><em>vestigia</em></strong></span> <span class='ocrx_word' id='word_1_221' title='bbox 498 2728 727 2805; x_wconf 87' lang='lat' dir='ltr'><strong><em>patroni</em></strong></span> <span class='ocrx_word' id='word_1_222' title='bbox 756 2735 1012 2786; x_wconf 84' lang='lat' dir='ltr'><strong><em>secutus.</em></strong></span> 
     </span>
     <span class='ocr_line' id='line_1_30' title="bbox 341 2808 2306 2890; baseline -0.001 -22"><span class='ocrx_word' id='word_1_223' title='bbox 341 2808 409 2868; x_wconf 85' lang='lat' dir='ltr'><strong><em>G.</em></strong></span> <span class='ocrx_word' id='word_1_224' title='bbox 438 2809 739 2888; x_wconf 76' lang='lat' dir='ltr'><strong><em>Melissus,</em></strong></span> <span class='ocrx_word' id='word_1_225' title='bbox 776 2810 1003 2890; x_wconf 89' lang='lat' dir='ltr'><strong><em>Spoleti</em></strong></span> <span class='ocrx_word' id='word_1_226' title='bbox 1043 2820 1209 2871; x_wconf 88' lang='lat' dir='ltr'><strong><em>natus</em></strong></span> <span class='ocrx_word' id='word_1_227' title='bbox 1250 2812 1572 2887; x_wconf 85' lang='lat' dir='ltr'><strong><em>ingenuus,</em></strong></span> <span class='ocrx_word' id='word_1_228' title='bbox 1619 2811 1721 2870; x_wconf 88' lang='lat' dir='ltr'><strong><em>sed</em></strong></span> <span class='ocrx_word' id='word_1_229' title='bbox 1765 2809 1840 2869; x_wconf 91' lang='lat' dir='ltr'><strong><em>ob</em></strong></span> <span class='ocrx_word' id='word_1_230' title='bbox 1877 2810 2306 2871; x_wconf 74' lang='lat' dir='ltr'><strong><em>discordiarum</em></strong></span> 
     </span>
     <span class='ocr_line' id='line_1_31' title="bbox 125 2893 2226 2975; baseline -0.003 -17"><span class='ocrx_word' id='word_1_231' title='bbox 125 2916 181 2958; x_wconf 83' lang='lat'><strong><em>30</em></strong></span> <span class='ocrx_word' id='word_1_232' title='bbox 204 2903 517 2975; x_wconf 87' lang='lat' dir='ltr'><strong><em>parentum</em></strong></span> <span class='ocrx_word' id='word_1_233' title='bbox 553 2896 887 2974; x_wconf 83' lang='lat' dir='ltr'><strong><em>expositus,</em></strong></span> <span class='ocrx_word' id='word_1_234' title='bbox 940 2912 1075 2954; x_wconf 87' lang='lat' dir='ltr'><strong><em>cura</em></strong></span> <span class='ocrx_word' id='word_1_235' title='bbox 1118 2903 1178 2954; x_wconf 91' lang='lat' dir='ltr'><strong><em>et</em></strong></span> <span class='ocrx_word' id='word_1_236' title='bbox 1210 2893 1487 2954; x_wconf 88' lang='lat' dir='ltr'><strong><em>industria</em></strong></span> <span class='ocrx_word' id='word_1_237' title='bbox 1529 2894 1860 2954; x_wconf 86' lang='lat' dir='ltr'><strong><em>educatoris</em></strong></span> <span class='ocrx_word' id='word_1_238' title='bbox 1902 2895 1989 2954; x_wconf 91' lang='lat' dir='ltr'><strong><em>sui</em></strong></span> <span class='ocrx_word' id='word_1_239' title='bbox 2021 2894 2226 2954; x_wconf 85' lang='lat' dir='ltr'><strong><em>altiora</em></strong></span> 
     </span>
     <span class='ocr_line' id='line_1_32' title="bbox 200 2973 2226 3058; baseline -0.002 -19"><span class='ocrx_word' id='word_1_240' title='bbox 200 2977 395 3039; x_wconf 89' lang='lat' dir='ltr'><strong><em>studia</em></strong></span> <span class='ocrx_word' id='word_1_241' title='bbox 431 2981 729 3058; x_wconf 79' lang='lat' dir='ltr'><strong><em>percepit,</em></strong></span> <span class='ocrx_word' id='word_1_242' title='bbox 777 2997 847 3040; x_wconf 88' lang='lat' dir='ltr'><strong><em>ae</em></strong></span> <span class='ocrx_word' id='word_1_243' title='bbox 882 2973 1207 3040; x_wconf 79' lang='lat' dir='ltr'><strong><em>Maecenati</em></strong></span> <span class='ocrx_word' id='word_1_244' title='bbox 1244 2995 1350 3057; x_wconf 88' lang='lat' dir='ltr'><strong><em>pro</em></strong></span> <span class='ocrx_word' id='word_1_245' title='bbox 1382 2979 1756 3054; x_wconf 82' lang='lat' dir='ltr'><strong><em>grammatico</em></strong></span> <span class='ocrx_word' id='word_1_246' title='bbox 1797 2979 2017 3037; x_wconf 89' lang='lat' dir='ltr'><strong><em>muneri</em></strong></span> <span class='ocrx_word' id='word_1_247' title='bbox 2061 2977 2226 3036; x_wconf 85' lang='lat' dir='ltr'><strong><em>datus</em></strong></span> 
     </span>
     <span class='ocr_line' id='line_1_33' title="bbox 202 3059 2225 3140; baseline -0.001 -18"><span class='ocrx_word' id='word_1_248' title='bbox 202 3070 321 3122; x_wconf 90' lang='lat' dir='ltr'><strong><em>est.</em></strong></span> <span class='ocrx_word' id='word_1_249' title='bbox 385 3059 491 3122; x_wconf 89' lang='lat' dir='ltr'><strong><em>Cui</em></strong></span> <span class='ocrx_word' id='word_1_250' title='bbox 524 3080 651 3123; x_wconf 89' lang='lat' dir='ltr'><strong><em>cum</em></strong></span> <span class='ocrx_word' id='word_1_251' title='bbox 682 3080 749 3123; x_wconf 88' lang='lat' dir='ltr'><strong><em>se</em></strong></span> <span class='ocrx_word' id='word_1_252' title='bbox 777 3072 1001 3140; x_wconf 82' lang='lat' dir='ltr'><strong><em>gratum</em></strong></span> <span class='ocrx_word' id='word_1_253' title='bbox 1031 3072 1090 3123; x_wconf 89' lang='lat' dir='ltr'><strong><em>et</em></strong></span> <span class='ocrx_word' id='word_1_254' title='bbox 1120 3070 1424 3140; x_wconf 88' lang='lat' dir='ltr'><strong><em>acceptum</em></strong></span> <span class='ocrx_word' id='word_1_255' title='bbox 1456 3063 1511 3120; x_wconf 89' lang='lat' dir='ltr'><strong><em>in</em></strong></span> <span class='ocrx_word' id='word_1_256' title='bbox 1534 3061 1763 3122; x_wconf 89' lang='lat' dir='ltr'><strong><em>modum</em></strong></span> <span class='ocrx_word' id='word_1_257' title='bbox 1785 3061 1951 3122; x_wconf 85' lang='lat' dir='ltr'><strong><em>amici</em></strong></span> <span class='ocrx_word' id='word_1_258' title='bbox 1981 3060 2225 3136; x_wconf 78' lang='lat' dir='ltr'><strong><em>videret,</em></strong></span> 
     </span>
     <span class='ocr_line' id='line_1_34' title="bbox 203 3144 2223 3226; baseline -0.002 -20"><span class='ocrx_word' id='word_1_259' title='bbox 203 3163 540 3225; x_wconf 86' lang='lat' dir='ltr'><strong><em>quanquam</em></strong></span> <span class='ocrx_word' id='word_1_260' title='bbox 582 3154 883 3206; x_wconf 85' lang='lat' dir='ltr'><strong><em>asserente</em></strong></span> <span class='ocrx_word' id='word_1_261' title='bbox 930 3155 1144 3222; x_wconf 88' lang='lat' dir='ltr'><strong><em>matre,</em></strong></span> <span class='ocrx_word' id='word_1_262' title='bbox 1194 3147 1507 3225; x_wconf 87' lang='lat' dir='ltr'><strong><em>permansit</em></strong></span> <span class='ocrx_word' id='word_1_263' title='bbox 1535 3154 1724 3206; x_wconf 88' lang='lat' dir='ltr'><strong><em>tamen</em></strong></span> <span class='ocrx_word' id='word_1_264' title='bbox 1745 3147 1815 3226; x_wconf 25' lang='lat' dir='ltr'><strong><em>‘in</em></strong></span> <span class='ocrx_word' id='word_1_265' title='bbox 1853 3152 2003 3205; x_wconf 86' lang='lat' dir='ltr'><strong><em>statu</em></strong></span> <span class='ocrx_word' id='word_1_266' title='bbox 2043 3144 2223 3205; x_wconf 84' lang='lat' dir='ltr'><strong><em>servi-</em></strong></span> 
     </span>
     <span class='ocr_line' id='line_1_35' title="bbox 199 3229 2220 3309; baseline -0.001 -19"><span class='ocrx_word' id='word_1_267' title='bbox 199 3233 347 3291; x_wconf 87' lang='lat' dir='ltr'><strong><em>tutis</em></strong></span> <span class='ocrx_word' id='word_1_268' title='bbox 403 3239 886 3309; x_wconf 83' lang='lat' dir='ltr'><strong><em>praesentemque</em></strong></span> <span class='ocrx_word' id='word_1_269' title='bbox 934 3229 1335 3290; x_wconf 90' lang='lat' dir='ltr'><strong><em>condicionem</em></strong></span> <span class='ocrx_word' id='word_1_270' title='bbox 1371 3247 1548 3290; x_wconf 83' lang='lat' dir='ltr'><strong><em>verae</em></strong></span> <span class='ocrx_word' id='word_1_271' title='bbox 1600 3231 1810 3307; x_wconf 83' lang='lat' dir='ltr'><strong><em>origini</em></strong></span> <span class='ocrx_word' id='word_1_272' title='bbox 1861 3229 2220 3309; x_wconf 77' lang='lat' dir='ltr'><strong><em>anteposuit:</em></strong></span> 
     </span>
     <span class='ocr_line' id='line_1_36' title="bbox 126 3312 2222 3393; baseline 0 -23"><span class='ocrx_word' id='word_1_273' title='bbox 126 3330 183 3371; x_wconf 67' lang='lat' dir='ltr'><strong><em>aa</em></strong></span> <span class='ocrx_word' id='word_1_274' title='bbox 203 3332 393 3393; x_wconf 90' lang='lat' dir='ltr'><strong><em>quare</em></strong></span> <span class='ocrx_word' id='word_1_275' title='bbox 430 3314 545 3374; x_wconf 90' lang='lat' dir='ltr'><strong><em>cito</em></strong></span> <span class='ocrx_word' id='word_1_276' title='bbox 582 3316 989 3390; x_wconf 84' lang='lat' dir='ltr'><strong><em>manumissus,</em></strong></span> <span class='ocrx_word' id='word_1_277' title='bbox 1032 3312 1299 3392; x_wconf 83' lang='lat' dir='ltr'><strong><em>Augusto</em></strong></span> <span class='ocrx_word' id='word_1_278' title='bbox 1344 3315 1513 3373; x_wconf 88' lang='lat' dir='ltr'><strong><em>etiam</em></strong></span> <span class='ocrx_word' id='word_1_279' title='bbox 1551 3314 1866 3374; x_wconf 88' lang='lat' dir='ltr'><strong><em>insinuatus</em></strong></span> <span class='ocrx_word' id='word_1_280' title='bbox 1909 3323 2018 3373; x_wconf 90' lang='lat' dir='ltr'><strong><em>est.</em></strong></span> <span class='ocrx_word' id='word_1_281' title='bbox 2092 3313 2222 3388; x_wconf 83' lang='lat' dir='ltr'><strong><em>Quo</em></strong></span> 
     </span>
     <span class='ocr_line' id='line_1_37' title="bbox 202 3396 2223 3474; baseline -0.003 -15"><span class='ocrx_word' id='word_1_282' title='bbox 202 3398 555 3474; x_wconf 84' lang='lat' dir='ltr'><strong><em>delegante,</em></strong></span> <span class='ocrx_word' id='word_1_283' title='bbox 612 3416 805 3460; x_wconf 87' lang='lat' dir='ltr'><strong><em>curam</em></strong></span> <span class='ocrx_word' id='word_1_284' title='bbox 846 3397 1281 3458; x_wconf 85' lang='lat' dir='ltr'><strong><em>ordinandarum</em></strong></span> <span class='ocrx_word' id='word_1_285' title='bbox 1325 3396 1806 3458; x_wconf 84' lang='lat' dir='ltr'><strong><em>bibliothecarum</em></strong></span> <span class='ocrx_word' id='word_1_286' title='bbox 1843 3399 1902 3457; x_wconf 90' lang='lat' dir='ltr'><strong><em>in</em></strong></span> <span class='ocrx_word' id='word_1_287' title='bbox 1945 3396 2223 3458; x_wconf 85' lang='lat' dir='ltr'><strong><em>Octaviae</em></strong></span> 
     </span>
     <span class='ocr_line' id='line_1_38' title="bbox 204 3479 2224 3561; baseline -0.004 -19"><span class='ocrx_word' id='word_1_288' title='bbox 204 3482 447 3561; x_wconf 87' lang='lat' dir='ltr'><strong><em>porticu</em></strong></span> <span class='ocrx_word' id='word_1_289' title='bbox 481 3484 759 3560; x_wconf 85' lang='lat' dir='ltr'><strong><em>suscepit.</em></strong></span> <span class='ocrx_word' id='word_1_290' title='bbox 812 3480 1039 3561; x_wconf 82' lang='lat' dir='ltr'><strong><em>Atque,</em></strong></span> <span class='ocrx_word' id='word_1_291' title='bbox 1072 3491 1135 3542; x_wconf 87' lang='lat' dir='ltr'><strong><em>ut</em></strong></span> <span class='ocrx_word' id='word_1_292' title='bbox 1156 3482 1283 3560; x_wconf 81' lang='lat' dir='ltr'><strong><em>ipse</em></strong></span> <span class='ocrx_word' id='word_1_293' title='bbox 1312 3479 1512 3558; x_wconf 84' lang='lat' dir='ltr'><strong><em>tradit,</em></strong></span> <span class='ocrx_word' id='word_1_294' title='bbox 1555 3482 1982 3560; x_wconf 83' lang='lat' dir='ltr'><strong><em>sexagesimum</em></strong></span> <span class='ocrx_word' id='word_1_295' title='bbox 2019 3479 2224 3540; x_wconf 84' lang='lat' dir='ltr'><strong><em>aetatis</em></strong></span> 
     </span>
     <span class='ocr_line' id='line_1_39' title="bbox 206 3561 2223 3644; baseline -0.005 -18"><span class='ocrx_word' id='word_1_296' title='bbox 206 3581 426 3626; x_wconf 86' lang='lat' dir='ltr'><strong><em>annum</em></strong></span> <span class='ocrx_word' id='word_1_297' title='bbox 472 3583 683 3642; x_wconf 82' lang='lat' dir='ltr'><strong><em>agens,</em></strong></span> <span class='ocrx_word' id='word_1_298' title='bbox 729 3565 965 3626; x_wconf 85' lang='lat' dir='ltr'><strong><em>libellos</em></strong></span> <span class='ocrx_word' id='word_1_299' title='bbox 1010 3564 1500 3644; x_wconf 87' lang='lat' dir='ltr'><strong><em>Ineptiarum,</em></strong></span> <span class='ocrx_word' id='word_1_300' title='bbox 1544 3567 1640 3644; x_wconf 94' lang='lat' dir='ltr'><strong><em>qui</em></strong></span> <span class='ocrx_word' id='word_1_301' title='bbox 1696 3581 1848 3625; x_wconf 88' lang='lat' dir='ltr'><strong><em>nunc</em></strong></span> <span class='ocrx_word' id='word_1_302' title='bbox 1891 3561 2223 3624; x_wconf 85' lang='lat' dir='ltr'><strong><em>Iocorum</em></strong></span> 
     </span>
    </p>
   </div>
  </div>
 </body>
</html>
