2700 4234
442 300 523 363 28
614 312 674 361 c.
713 313 1012 361 stm'rom
1042 314 1297 373 TRANQ.
1330 314 1426 359 DE
1458 314 1620 359 vm.
1661 312 2028 359 CAESARUM
2063 313 2202 360 Lm.
2231 314 2280 361 1.

356 476 429 531 68
449 467 670 543 Quibus
696 466 872 528 rebus
902 475 963 527 et
988 465 1400 527 devotissimos
1429 466 1538 526 sibi
1570 475 1628 526 et
1654 467 2008 527 fortissimos
2037 465 2304 527 reddidit.
2361 467 2454 528 In-

443 569 657 630 gresso
702 550 877 611 civile
914 550 1131 611 bellum
1172 554 1546 611 centuriones
1587 553 1864 629 cuiusque
1893 550 2149 627 legionis
2188 552 2454 629 singulos

446 638 671 715 equites
716 654 752 695 e
793 636 1005 695 viatico
1047 652 1152 695 suo
1198 636 1560 715 optulerunt,
1593 636 1850 693 universi
1889 634 2102 694 milites
2145 637 2455 717 gratuitam

446 730 506 781 et
536 722 661 779 sine
688 719 977 779 frumento
1018 720 1427 798 stipendioque
1459 736 1730 799 operam;
1777 735 1905 777 cum
1945 720 2271 778 tenuiorum
2311 727 2455 779 tute-

446 806 559 865 lam
587 804 1009 882 locupletiores
1046 805 1103 861 in
1134 821 1199 863 se
1229 802 1629 863 contulissent.
1699 801 1905 881 Neque
1935 803 1994 861 in
2037 810 2152 863 tam
2190 803 2455 862 diuturno
2476 826 2506 865 5

448 888 639 967 spatio
670 887 969 965 quisquam
1016 889 1247 947 omnino
1293 888 1569 963 descivit,
1607 886 1876 966 plerique
1915 887 2069 966 capti
2113 886 2458 947 concessam

448 970 558 1032 sibi
588 969 695 1029 sub
730 969 1065 1030 conditione
1094 973 1301 1048 vitam,
1342 972 1392 1030 si
1432 971 1678 1030 militare
1721 971 2002 1031 adversus
2043 988 2172 1029 eum
2215 969 2456 1046 vellent,

446 1062 815 1122 recusarunt;
856 1054 1062 1113 famem
1102 1064 1161 1114 et
1194 1063 1424 1121 ceteras
1457 1056 1872 1130 necessitates,
1918 1072 2035 1114 non
2068 1072 2194 1113 cum
2225 1053 2456 1114 obside-

448 1147 646 1198 rentur
672 1136 847 1198 modo
878 1137 982 1197 sed
1012 1146 1071 1197 et
1100 1139 1149 1197 si
1183 1140 1295 1217 ipsi
1319 1138 1469 1199 alios
1506 1137 1872 1214 obsiderent,
1903 1147 2212 1217 tantopere
2241 1137 2456 1198 tolera·

448 1223 614 1300 bant,
660 1230 721 1280 ut
746 1220 1119 1303 Dyrrachina
1145 1224 1460 1282 munitione
1503 1222 1814 1301 Pompeius
1858 1224 1987 1282 viso
2029 1240 2255 1299 genere
2290 1222 2527 1301 panism

450 1324 527 1365 ex
557 1304 769 1380 lffirba,
808 1322 924 1383 quo
970 1305 1424 1383 sustinebantur,
1467 1324 1602 1366 eum
1627 1304 1788 1384 feris
1818 1304 1942 1365 sibi
1969 1324 2100 1365 rem
2132 1324 2268 1367 esse
2296 1305 2456 1365 dixe·

448 1391 553 1466 rit,
598 1391 975 1467 amoverique
1015 1391 1177 1449 ocius
1217 1407 1327 1449 nec
1369 1391 1631 1469 cuiquam
1671 1390 1900 1451 ostendi
1940 1392 2202 1467 iusserit,
2243 1408 2317 1449 ne
2356 1406 2456 1468 pa-

450 1473 650 1533 tientia
682 1480 741 1531 et
772 1473 1093 1551 pertinacia
1121 1472 1307 1533 hostis
1338 1476 1508 1534 animi
1535 1492 1768 1534 suorum
1798 1474 2221 1551 frangerentur.

580 1556 803 1631 Quanta
853 1555 1189 1615 fortitudine
1241 1558 1591 1636 dimicarint,
1645 1560 1977 1617 testimonio
2027 1566 2117 1616 est
2162 1555 2317 1635 quod
2361 1554 2458 1615 ad-

450 1656 627 1700 verso
674 1639 856 1700 semel
900 1639 1051 1719 apud
1078 1640 1499 1716 Dyrrhachium
1536 1642 1768 1721 proelio
1809 1658 2058 1722 poenam
2100 1643 2159 1700 in
2199 1659 2266 1699 se
2303 1640 2459 1699 ultro
2483 1661 2535 1701 ιο

452 1724 964 1804 depoposcerunt,
1005 1734 1067 1784 ut
1112 1725 1506 1786 consolandos
1551 1743 1658 1786 eos
1701 1728 1887 1803 magis
1929 1727 2250 1804 imperator
2295 1741 2462 1803 quam

450 1806 777 1887 puniendos
809 1806 1095 1867 habuerit.
1180 1807 1412 1870 Ceteris
1443 1809 1688 1891 proeliis
1730 1811 2056 1869 innumeras
2097 1808 2460 1868 adversario·

450 1908 576 1950 rum
606 1891 842 1969 copias,
868 1890 1059 1949 multis
1090 1892 1349 1971 partibus
1379 1895 1490 1973 ipsi
1519 1894 1860 1974 pauciores,
1886 1892 2063 1953 facile
2095 1899 2460 1970 superarunt.

449 1974 713 2051 Denique
746 1990 857 2034 una
886 1983 1090 2035 sextae
1120 1975 1376 2053 legionis
1407 1977 1624 2037 cohors
1653 1978 1993 2056 praeposita
2027 1975 2272 2036 castello
2303 1983 2460 2054 quat·
2519 2008 2526 2013 ·

452 2066 583 2116 tuor
624 2056 866 2136 Pompei
896 2057 1168 2135 legiones
1193 2074 1303 2139 per
1334 2061 1555 2140 aliquot
1579 2061 1756 2122 horas
1786 2062 2085 2137 sustinuit,
2126 2077 2315 2139 paene
2342 2074 2460 2118 om·
2480 2073 2536 2115 πο

451 2142 541 2199 nis
574 2141 803 2199 confixa
841 2141 1198 2203 multitudine
1228 2144 1524 2205 hostilium
1554 2134 1922 2222 sagittarum,
1969 2161 2206 2224 quarum
2238 2151 2465 2203 centum

454 2240 524 2283 ac
564 2225 798 2301 triginta
836 2224 993 2286 milia
1030 2228 1178 2287 intra
1220 2229 1433 2289 vallum
1471 2238 1706 2309 reperta
1749 2237 1896 2288 sunt.
1968 2228 2097 2288 Nec
2135 2230 2364 2303 mirum,
2415 2226 2464 2285 si

455 2309 581 2387 quis
624 2308 983 2384 singulorum
1035 2310 1187 2373 iacta
1236 2314 1545 2392 respiciat,
1602 2312 1698 2372 vel
1749 2310 1913 2372 Cassi
1955 2312 2218 2385 Scaevae
2268 2320 2464 2372 centu-

453 2392 635 2451 rionis
671 2392 767 2451 vel
800 2392 904 2453 Gai
934 2393 1087 2454 Acili
1116 2396 1348 2473 militis,
1385 2414 1458 2455 ne
1491 2396 1562 2456 de
1587 2394 1850 2475 pluribus
1878 2396 2148 2457 referam.
2218 2396 2465 2471 Scaeva,
2687 2437 2691 2440 «

457 2491 708 2535 excusso
754 2476 959 2553 oculo,
999 2481 1307 2539 transfixus
1350 2480 1576 2540 femore
1616 2488 1674 2539 et
1713 2479 1981 2557 humero,
2029 2488 2256 2555 cent-um
2287 2488 2347 2538 et
2383 2480 2465 2537 vi·
2487 2500 2544 2539 π
2642 2534 2648 2539 .
2698 2522 2699 2563 3

454 2558 598 2635 ginti
638 2557 848 2617 ictibus
888 2570 1056 2620 scuto
1089 2563 1425 2642 perforato,
1461 2563 1778 2624 custodiam
1809 2573 2019 2644 portae
2049 2564 2341 2623 commissi
2375 2580 2466 2623 ca·
2698 2566 2699 2595 ἴ

456 2640 611 2700 stelli
644 2642 895 2701 retinuit.
973 2644 1197 2705 Acilius
1239 2648 1433 2708 navali
1475 2648 1545 2708 ad
1586 2647 1900 2708 Massiliam
1937 2648 2207 2727 proelio,
2254 2648 2470 2706 iniecta

454 2727 513 2783 in
543 2742 797 2803 puppem
824 2726 1075 2788 hostium
1104 2730 1347 2793 dextera
1373 2742 1433 2791 et
1459 2732 1720 2807 abscisa,
1745 2731 2124 2792 memorabile
2150 2730 2290 2791 illud
2319 2727 2473 2810 apud

458 2808 719 2869 Graecos
768 2807 1083 2889 Cynaegiri
1124 2816 1453 2895 exemplum
1491 2818 1771 2893 imitatus,
1818 2816 2103 2875 transiluit
2143 2816 2202 2873 in
2244 2831 2470 2891 navem,

456 2892 706 2952 umbone
744 2893 955 2955 obvios
987 2915 1189 2975 agens.
2487 2917 2546 2959 ³0

370 2990 440 3045 69
583 2976 941 3038 Seditionem
966 2999 1075 3059 per
1100 2981 1305 3042 decem
1328 3000 1512 3043 annos
1537 2982 1774 3045 Gallicis
1800 2984 1974 3043 bellis
1997 2982 2210 3043 nullam
2235 2983 2488 3042 omnino-

457 3070 796 3139 moverunt,
842 3064 1111 3125 civilibus
1152 3066 1404 3145 aliquas,
1448 3066 1554 3127 sed
1585 3077 1646 3127 ut
1679 3068 1956 3129 celeriter
1987 3067 2057 3127 ad
2091 3067 2348 3127 officium
2377 3084 2468 3124 re-

458 3141 695 3221 dierint,
741 3163 855 3205 nec
898 3156 1013 3209 tam
1058 3150 1415 3227 indulgentia
1465 3150 1628 3211 ducis
1679 3170 1847 3231 quam
1897 3153 2265 3211 auctoritate.
2336 3148 2471 3209 Non

460 3226 611 3283 enim
638 3231 819 3289 cessit
850 3250 1113 3311 umquam
1140 3234 1609 3295 tumultuantibus
1643 3245 1814 3315 atque
1847 3236 2016 3295 etiam
2057 3234 2290 3295 obviam
2321 3251 2468 3293 sem-

456 3325 566 3385 per
604 3311 697 3379 iit;
744 3321 804 3372 et
840 3332 1051 3377 nonam
1079 3317 1308 3396 quidem
1345 3319 1642 3396 legionem
1675 3320 1826 3399 apud
1853 3318 2236 3405 thatcentigffi,
2277 3334 2470 3397 quam·
2491 3338 2546 3379 35

458 3408 625 3468 quam
664 3394 721 3451 in
752 3400 923 3458 armis
964 3400 1149 3461 adhuc
1180 3402 1492 3483 Pompeius
1536 3412 1723 3480 esset,
1769 3398 1949 3464 totam
1985 3421 2112 3465 cum
2153 3404 2470 3481 ignominia

455 3474 687 3573 missam
722 3477 866 3540 fecit
902 3501 1203 3563 aegreque
1240 3496 1380 3565 post
1407 3486 1613 3548 multas
1653 3496 1714 3547 et
1753 3489 2038 3569 supplicis
2078 3504 2322 3569 preces,
2357 3502 2472 3545 nec

369 3560 563 3617 'lomsi
607 3570 817 3624 exacta
864 3565 937 3626 de
990 3567 1254 3628 sontibus
1296 3588 1518 3650 poena,
1571 3573 1850 3643 restituit;
1905 3572 2241 3633 decimanos
2283 3578 2471 3632 autem
