2700 4234
939 345 1147 394 mvus
1180 344 1547 393 ennomus,
2129 328 2246 390 165

255 524 425 566 causa
464 499 745 583 quosdam
790 501 1203 577 committeret,
1248 498 1321 560 de
1364 498 1660 560 fabrorum
1710 515 1941 577 quoque
1982 515 2051 558 ac
2082 497 2245 555 mini-

253 599 496 650 strorum
520 594 692 665 atque
724 583 780 645 id
816 601 1003 661 genus
1031 601 1300 661 numero,
1340 583 1390 642 si
1417 591 1764 643 automatum
1793 581 1886 641 vel
1914 598 2125 660 pegma
2154 579 2249 639 vel

254 672 383 753 quid
418 671 535 732 tale
565 667 717 730 aliud
745 687 946 747 parum
979 669 1274 728 cessisset.
1346 665 1578 726 Induxit
1605 676 1661 726 et
1691 684 1862 724 unum
1895 682 1972 725 ex
2013 681 2247 724 nomen·

255 754 604 818 culatoribus
635 754 787 830 suis,
823 753 909 812 sic
946 760 1004 811 ut
1040 761 1162 812 erat
1187 761 1441 828 togatus.

204 857 229 898 ι
380 837 497 900 Sed
536 837 675 897 nihil
721 854 907 916 aeque
955 853 1120 915 quam
1160 835 1390 895 timidus
1437 853 1505 895 ac
1551 832 1818 894 diffidens
1849 833 1973 892 fuit.
2046 831 2336 891 Primis-'k

252 925 473 1004 imperii
516 921 719 983 diebus
768 937 1142 999 quamquam,
1203 927 1264 978 ut
1318 919 1600 996 diximus,
1651 918 1896 979 iactator
1943 915 2250 990 civilitatis,

253 1025 441 1086 neque
475 1006 740 1066 convivia
771 1005 919 1064 inire
952 1023 1123 1064 ausus
1155 1011 1245 1062 est
1288 1003 1399 1063 nisi
1437 1011 1499 1062 ut
1533 1001 1940 1081 speculatores
1975 1017 2103 1060 cum
2131 998 2250 1058 lan—

256 1093 373 1153 ceis
406 1092 842 1150 circumstarent
880 1087 1208 1167 militesque
1250 1089 1383 1147 vice
1427 1087 1818 1146 ministrorum
1850 1085 2252 1162 fungerentur,

255 1194 444 1254 neque
477 1191 713 1251 aegrum
750 1189 1093 1251 quemquam
1121 1172 1375 1232 visitavit
1403 1170 1513 1230 nisi
1545 1169 1854 1250 explorato
1899 1170 2059 1248 prius
2096 1165 2250 1226 cubi-

193 1275 237 1315 ιο
259 1259 390 1320 culo
430 1257 770 1336 culcitisque
809 1265 869 1316 et
902 1255 1175 1334 stragulis
1205 1255 1641 1335 praetemptatis
1673 1262 1730 1313 et
1755 1253 2042 1312 excussis,
2095 1249 2252 1311 Reli-

257 1361 369 1423 quo
394 1350 581 1402 autem
598 1349 863 1419 tempore
887 1338 1294 1400 salutatoribus
1320 1346 1676 1399 scrutatores
1707 1355 1940 1416 semper
1963 1335 2256 1416 apposuit,

257 1437 314 1487 et
343 1425 573 1506 quidem
609 1423 871 1486 omnibus
904 1433 963 1483 et
992 1423 1421 1485 acerbissimos.
1484 1423 1634 1482 Sero
1669 1424 1818 1482 enim
1848 1439 1918 1481 ac
1953 1422 2054 1480 vix
2086 1419 2255 1478 remi-

259 1514 359 1588 sit,
390 1529 464 1570 ne
505 1509 754 1569 feminae
789 1509 1253 1589 praetextatique
1278 1508 1445 1587 pueri
1476 1515 1537 1565 et
1565 1504 1796 1585 puellae
1823 1513 2255 1565 contrectaren-

256 1605 374 1672 tur,
410 1602 468 1654 et
496 1611 569 1653 ne
596 1595 755 1655 cuius
788 1594 982 1654 comiti
1014 1601 1107 1652 aut
1130 1593 1368 1654 librario
1397 1591 1740 1650 calamariae
1773 1598 1868 1649 aut
1890 1587 2258 1667 graphiariae

192 1699 240 1741 15
259 1679 465 1740 thecae
492 1677 894 1737 adimerentur.
952 1676 1113 1738 Motu
1149 1675 1304 1735 civili
1342 1694 1472 1736 cum
1503 1689 1631 1735 eum
1665 1672 1972 1749 Camillus,
2015 1689 2130 1731 non
2160 1670 2256 1730 du-

260 1763 447 1822 bitans
474 1763 643 1821 etiam
676 1761 816 1821 citra
846 1760 1059 1820 bellum
1103 1777 1282 1840 posse
1327 1761 1572 1836 terreri,
1624 1758 2043 1819 contumeliosa
2072 1764 2132 1814 et
2161 1755 2260 1812 mi-

259 1847 387 1907 naci
433 1852 492 1903 et
538 1847 858 1906 contumaci
902 1845 1152 1923 epistula
1182 1843 1397 1905 cedere
1431 1843 1676 1922 imperio
1710 1841 1940 1902 iuberet
1974 1841 2260 1916 vitamque

262 1932 506 1989 otiosam
548 1929 604 1987 in
640 1930 862 2008 privata
905 1947 971 1988 re
1016 1947 1224 2007 agere,
1267 1929 1546 1988 dubitavit
1595 1925 1858 1987 adhibitis
1903 1923 2261 2006 principibus

261 2014 432 2090 viris,
464 2029 535 2072 an
559 2021 1011 2091 optemperaret.
1039 2013 1327 2089 Quasdam
1349 2011 1587 2073 insidias
1611 2021 1833 2072 temere
1866 2009 2089 2070 delatas
2113 2006 2348 2069 adeoffi

190 2117 241 2156 20
263 2097 528 2177 expavit,
578 2105 639 2156 ut
696 2095 994 2175 deponere
1047 2099 1347 2177 imperium
1394 2098 1781 2175 temptaverit.
1850 2093 2144 2170 Quodam,
2205 2099 2265 2150 ut

260 2199 431 2260 supra
456 2179 681 2257 rettuli,
720 2197 849 2240 cum
879 2180 1042 2242 ferro
1094 2183 1251 2242 circa
1293 2181 1715 2242 sacrificantem
1759 2198 1824 2239 se
1870 2177 2263 2257 deprehenso,

260 2273 517 2326 senatum
559 2282 669 2344 per
716 2281 1044 2343 praecones
1089 2283 1346 2345 propere
1391 2266 1740 2325 convocavit
1794 2262 2162 2339 lacrimisque
2208 2268 2266 2319 et

259 2348 682 2410 vociferatione
716 2349 1019 2410 miseratus
1051 2357 1142 2410 est
1181 2349 1570 2410 conditionem
1613 2365 1808 2425 suam,
1858 2348 1948 2406 cui
1981 2343 2119 2404 nihil
2161 2344 2265 2402 tuti

260 2449 503 2510 usquam
544 2439 735 2518 esset,
780 2448 850 2491 ac
892 2430 987 2492 diu
1026 2433 1260 2512 publico
1309 2432 1598 2506 abstinuit.
1645 2430 1992 2494 Messalinae
2033 2445 2266 2507 quoque

188 2535 241 2574 25
266 2531 520 2576 amorem
560 2514 1059 2592 flagrantissimum
1102 2535 1218 2578 non
1261 2526 1376 2579 tam
1415 2517 1752 2595 indignitate
1795 2514 2266 2576 contumeliarum

261 2616 431 2680 quam
469 2597 711 2678 periculi
743 2607 894 2659 metu
924 2600 1165 2679 abiecit,
1200 2621 1327 2662 cum
1362 2600 1624 2663 adultero
1657 2600 1799 2661 Silio
1831 2599 2054 2678 adquiri
2087 2599 2264 2675 impe-

258 2687 405 2743 rium
441 2681 812 2753 credidisset;
848 2701 963 2762 quo
999 2694 1264 2765 tempore
1294 2685 1530 2746 foedum
1559 2687 1614 2744 in
1643 2685 1873 2746 modum
1902 2682 2163 2761 trepidus
2195 2678 2266 2739 ad

264 2776 453 2826 castra
486 2767 781 2844 confugit,
823 2768 962 2829 nihil
991 2778 1113 2830 tota
1143 2771 1236 2830 via
1269 2788 1440 2849 quam
1468 2778 1704 2831 essetne
1730 2767 1856 2830 sibi
1880 2767 2123 2828 salvum
2153 2765 2262 2824 im-

256 2851 500 2929 perium
530 2853 857 2929 requirens.
915 2851 1087 2914 Nulla
1146 2853 1294 2914 adeo
1340 2856 1632 2933 suspicio,
1676 2853 1864 2913 nullus
1912 2858 2116 2911 auctor
2157 2849 2347 2909 tamffl

187 2949 241 2992 ³0
262 2933 413 2994 levis
440 2936 657 3012 extitit,
684 2953 715 2996 a
740 2952 855 3014 quo
881 2953 994 2996 non
1018 2936 1297 2997 mediocri
1320 2937 1826 3017 scrupuloiniecto
1851 2934 1922 2996 ad
1950 2934 2268 2994 cavendum

260 3016 773 3096 ulciscendumque
806 3019 1274 3099 compelleretur.
1320 3022 1482 3083 Unus
1510 3040 1584 3082 ex
1613 3018 2002 3100 litigatoribus
2025 3016 2267 3078 seducto

262 3103 318 3161 in
352 3101 697 3162 salutatione
730 3103 1061 3182 affirmavit,
1108 3105 1323 3166 vidisse
1358 3124 1424 3166 se
1457 3125 1563 3186 per
1598 3108 1853 3184 quietem
1903 3101 2097 3164 occidi
2139 3118 2269 3161 eum

264 3203 297 3245 a
329 3184 604 3264 quodam;
651 3186 783 3247 dein
820 3187 995 3265 paulo
1026 3198 1195 3269 post,
1239 3190 1406 3269 quasi
1450 3206 1862 3269 percussorem
1894 3195 2270 3265 agnosceret,

261 3268 521 3329 libellum
534 3268 855 3331 tradentem
872 3270 1264 3334 adversarium
1288 3292 1449 3334 suum
1473 3273 1913 3335 demonstravit:
1941 3271 2269 3332 confestim-

184 3362 241 3405 8⁸
262 3353 449 3432 queis
474 3371 582 3432 pro
610 3353 902 3434 deprenso
932 3354 1004 3417 ad
1026 3374 1273 3437 poenam
1301 3367 1500 3438 raptus
1525 3368 1633 3418 est.
1666 3357 1797 3420 Pari
1821 3356 1994 3419 modo
2023 3372 2268 3435 oppres-

261 3453 387 3496 sum
420 3437 613 3497 ferunt
638 3437 893 3518 Appium
925 3440 1205 3506 Silanum:
1240 3459 1411 3520 quem
1445 3460 1572 3502 cum
1600 3442 1912 3504 Messalina
1947 3450 2005 3501 et
2035 3439 2266 3500 Narcis-

259 3539 361 3580 sus
394 3521 832 3599 conspirassent
864 3523 1147 3603 perdere,
1178 3524 1378 3585 divisis
1410 3525 1702 3606 partibus,
1737 3527 1884 3589 alter
1917 3534 2051 3586 ante
2080 3524 2272 3583 lucem

257 3603 467 3666 similis
509 3605 789 3686 attonito,
832 3610 1063 3688 patroni
1109 3607 1434 3672 cubiculum
1480 3611 1730 3691 inrupit,
1780 3611 2070 3672 affirmans
2119 3622 2270 3666 som·
