2700 4234
994 370 1052 420 c.
1092 367 1466 420 cit-meum,
2119 363 2238 427 133

224 545 394 608 quem
459 535 617 587 metu
679 543 1033 586 venenorum
1099 527 1446 605 praemuniri
1493 525 1926 588 medicamentis
1973 531 2236 610 suspica-

223 611 421 673 batur:
470 607 831 672 Antidotum
880 611 1062 690 inquit
1110 609 1419 670 adversus
1465 608 1848 672 Gaesarem?
1932 614 2240 692 Relegatis

225 694 533 757 sororibus
565 713 691 757 non
720 695 919 756 solum
946 693 1191 756 insulas
1218 693 1584 772 haberer-ee,
1636 694 1752 755 sed
1777 695 1962 759 etiam
1985 698 2240 776 yladios

223 778 564 840 minabatur.
650 778 1010 840 Praetorium
1052 774 1231 839 virum
1280 796 1357 838 ex
1397 797 1640 840 secessu
1680 778 2027 860 Anticyrae,
2071 801 2239 862 quam

179 885 203 926 5
224 863 554 926 valitudinis
588 880 761 925 causa
789 863 1071 942 petierat,
1115 864 1433 942 propagari
1463 862 1576 922 sibi
1604 873 1978 926 commeatum
2004 869 2237 945 saepius

224 946 653 1008 desiderantem
710 964 837 1006 cum
904 945 1236 1008 mandasset
1289 946 1566 1024 interimi,
1651 946 1888 1027 adiecit,
1945 967 2233 1012 necessa-

220 1032 386 1092 riam
418 1048 558 1092 esse
590 1030 918 1111 sanquinis
950 1029 1332 1106 vitissimam,
1389 1031 1491 1092 cui
1535 1036 1664 1092 tam
1689 1030 1796 1093 diu
1825 1050 1950 1094 non
1970 1034 2234 1112 prodes-

208 1123 319 1186 ,set
350 1115 705 1177 elleborum.
794 1115 1037 1176 Decimo
1085 1131 1317 1194 quoque
1360 1113 1454 1174 die
1497 1133 1791 1176 numerum
1824 1118 2239 1196 puniendorum

224 1218 304 1260 ex
339 1199 598 1260 custodia
632 1198 1042 1276 subscribens,
1071 1198 1376 1260 rationem
1406 1217 1475 1259 36
1499 1216 1779 1279 purqare
1811 1201 2060 1262 dicebat.
2107 1202 2236 1265 Gal-

159 1301 203 1342 ιο
223 1284 300 1344 lis
340 1282 696 1362 Graecisque
749 1283 970 1362 aliquot
996 1299 1109 1344 uno
1166 1291 1432 1362 tempore
1481 1283 1899 1362 condemnatis,
1945 1285 2235 1363 gloriaba-

198 1377 345 1443 tur,
402 1365 906 1447 Ganoqraeciam
952 1385 1023 1427 36
1072 1364 1410 1447 3αό69ἰ336.
1497 1366 1630 1428 Non
1681 1377 1899 1429 temere
1939 1371 1999 1429 in
2041 1377 2321 1449 quem-30

221 1467 395 1531 quam
425 1453 533 1510 nisi
578 1451 801 1511 crebris
842 1461 901 1511 et
940 1451 1169 1511 minutis
1210 1450 1422 1511 ictibus
1464 1447 1838 1516 animadverti
1870 1470 2080 1532 passus
2123 1463 2234 1531 est,

222 1543 514 1614 perpetuo
564 1545 824 1614 notoque
870 1537 981 1598 iam
1021 1542 1377 1615 praecepto:
1422 1530 1528 1596 Ita
1549 1533 1681 1614 feri
1715 1541 1785 1597 ut
1813 1555 1884 1597 36
1907 1538 2070 1598 mori
2094 1556 2232 1598 36η-

220 1619 377 1681 tiat!
430 1618 635 1681 Punito
693 1637 803 1699 per
850 1637 1113 1680 errorem
1163 1619 1408 1680 nominis
1461 1619 1577 1679 alio
1632 1637 1799 1699 quam
1842 1639 2010 1699 quem
2061 1621 2234 1682 desti-

154 1725 202 1768 15
222 1711 500 1782 naverat,
558 1705 747 1783 ipsum
769 1721 1009 1783 quoque
1055 1703 1215 1783 paria
1255 1704 1537 1763 meruisse
1568 1702 1729 1764 dixit.
1819 1703 2130 1780 Tragicum
2169 1704 2234 1764 il-

220 1786 319 1848 lud
350 1786 595 1848 subinde
625 1787 904 1849 iactabat:
1084 1786 1088 1790 ’
2253 1809 2262 1816 ·

855 1876 1107 1944 Oderint,
1160 1877 1289 1932 dum
1329 1881 1602 1933 metuant!

222 1955 423 2033 Saepe
454 1955 512 2014 in
564 1963 805 2016 cunctos
858 1957 1078 2035 pariter
1118 1963 1453 2034 senatores,
1505 1965 1568 2016 ut
1619 1955 1814 2017 Seiani
1866 1954 2132 2032 clientis,
2177 1964 2237 2015 ut

222 2040 427 2100 matris
464 2056 533 2099 ac
564 2038 799 2099 fratrum
838 2058 1071 2101 suorum
1113 2038 1438 2118 delatores,
1500 2041 1764 2101 invectus
1815 2048 1934 2116 est,
1989 2039 2234 2120 prolatis

150 2143 201 2186 20
220 2121 481 2200 libellis,
525 2141 671 2202 quos
714 2134 1003 2185 crematos
1033 2123 1433 2200 simulaverat,
1476 2123 1833 2203 defensaque
1865 2123 2062 2184 Tiberi
2106 2140 2234 2184 sae-

219 2207 362 2268 vitia
394 2209 561 2286 quasi
591 2209 955 2286 necessaria,
1016 2226 1143 2268 cum
1185 2216 1271 2267 tot
1301 2207 1732 2267 criminantibus
1763 2205 2109 2267 credendum
2145 2225 2234 2266 es-

219 2299 331 2352 set.
421 2285 771 2370 Equestrem
825 2293 1085 2353 ordinem
1141 2300 1203 2351 ut
1259 2309 1512 2351 scaenae
1553 2291 1921 2369 harenaeque
1966 2288 2237 2349 devotum

219 2373 455 2436 assidue
487 2373 787 2452 proscidit.
872 2375 1139 2437 Infensus
1181 2374 1386 2435 turbae
1428 2374 1645 2434 faventi
1681 2373 1959 2434 adversus
1993 2373 2236 2432 studium

220 2477 417 2535 suum,
482 2457 859 2520 exclamavit:
916 2457 1162 2520 Utinam
1186 2457 1255 2518 P.
1288 2457 1366 2519 R.
1395 2475 1582 2518 unam
1623 2458 1920 2519 cervicem
1943 2455 2238 2517 haberet!

150 2559 205 2598 25
226 2539 490 2620 Cumque
536 2541 825 2604 Tetrinius
870 2543 1019 2605 latro
1075 2543 1502 2623 postularetur,
1565 2548 1626 2602 et
1675 2541 1782 2622 qui
1823 2539 2234 2619 postularent,

230 2623 543 2688 Tetrinios
598 2644 736 2687 esse
780 2627 878 2688 ait.
964 2627 1185 2689 Retiari
1244 2627 1476 2706 tunicati
1535 2627 1784 2705 quinque
1828 2639 2064 2685 numero
2103 2641 2235 2700 gre-

220 2712 402 2788 gatim
454 2710 793 2772 dimicantes
843 2713 969 2775 sine
1028 2711 1339 2772 certamine
1401 2709 1522 2770 ullo
1580 2709 1818 2770 totidem
1875 2707 2238 2770 secutoribus

225 2793 688 2865 succubuerant:
723 2813 851 2855 cum
884 2795 1075 2856 occidi
1107 2792 1476 2871 iuberentur,
1519 2812 1664 2854 unus
1692 2793 1984 2870 resumpta
2012 2791 2238 2851 fuscina

228 2893 431 2937 omnes
462 2879 725 2938 victores
771 2880 1090 2940 interemit:
1152 2878 1301 2938 hanc
1332 2887 1391 2937 ut
1421 2876 1874 2937 crudelissimam
1912 2873 2149 2934 caedem
2181 2881 2240 2932 et

149 2973 206 3016 ao
226 2959 469 3021 deflevit
508 2961 701 3023 edicto
748 2972 808 3024 et
848 2981 988 3041 eos,
1048 2963 1144 3042 qui
1192 2971 1466 3040 spectare
1511 2961 1939 3040 sustinuissent,
1998 2973 2236 3017 execra-

218 3053 311 3106 tus
344 3054 459 3107 est.
552 3046 730 3120 Queri
761 3049 932 3108 etiam
974 3045 1163 3127 palam
1194 3043 1265 3104 de
1301 3043 1628 3105 conditione
1657 3052 1978 3121 temporum
2008 3056 2238 3100 suorum
2255 3047 2320 3100 31

218 3128 495 3206 solebat,
565 3130 723 3210 quod
774 3131 947 3192 nullis
1016 3128 1436 3190 calamitatibus
1499 3127 1747 3207 publicis
1797 3127 2236 3202 insignirentur;

217 3213 481 3291 Augusti
537 3216 923 3294 principatum
978 3212 1143 3275 clade
1199 3213 1484 3288 Variana,
1544 3211 1740 3272 Tiberi
1799 3211 1959 3270 ruina
2011 3214 2238 3285 specta-

220 3296 493 3358 culorum
522 3297 672 3377 apud
702 3298 951 3360 Fidenas
983 3295 1417 3357 memorabilem
1449 3296 1692 3371 factum,
1752 3311 1857 3355 suo
1889 3291 2240 3352 oblivionem

154 3381 528 3441 tsimminere
586 3385 978 3462 prosperitate
1036 3397 1259 3451 rerum3
1320 3389 1491 3458 atque
1533 3378 1843 3440 identidem
1887 3376 2241 3437 exercituum

220 3464 478 3541 caedes,
522 3464 760 3544 famem,
801 3466 1218 3546 pestilentiam,
1262 3463 1559 3540 incendia,
1608 3463 1819 3523 hiatum
1849 3461 2098 3539 aliquem
2126 3465 2240 3516 ter-

215 3563 321 3609 rae
371 3565 409 3608 o
460 3548 637 3609 tabat.
870 3555 885 3566 ⁶

350 3566 627 3692 Agimum
662 3650 891 3713 quoque
938 3633 1248 3693 remittenti
1288 3629 1543 3711 ludoque
1592 3638 1649 3690 et
1694 3628 1883 3708 epulis
1911 3625 2104 3686 dedito
2147 3637 2238 3679 ea·
2257 3626 2327 3680 32
