2700 4234
398 324 483 388 46
568 336 629 385 c.
657 336 959 385 sumom
992 334 1248 393 TRANQ.
1286 334 1382 381 DE
1408 336 1571 381 vrrA
1599 334 1969 383 CAESARUM
1991 336 2132 384 ΜΒ.
2156 338 2230 383 11.

399 510 513 571 que
552 489 916 569 complures,
959 488 1119 568 prius
1163 506 1330 568 quam
1372 488 1804 549 invalescerent
1849 489 2061 549 indicio
2111 490 2398 569 detectas,

401 576 746 653 compressit
782 573 927 633 alias
954 572 1068 633 alio
1099 580 1398 652 tempore:
1432 571 1635 651 Lepidi
1661 573 1906 649 iuvenis,
1942 573 2150 633 deinde
2181 575 2396 635 Varro-

397 660 485 720 nis
510 658 785 719 Murenae
814 665 873 716 et
904 656 1083 716 Fanni
1116 654 1464 735 Caepionis,
1495 672 1632 715 mox
1657 656 1735 716 Μ.
1765 656 2013 733 Egnati,
2046 660 2182 717 exin
2211 657 2396 719 Plauti

392 744 525 803 Rufi
560 740 812 820 Lucique
848 740 1007 800 Pauli
1046 740 1365 818 progeneri
1397 741 1515 816 sui,
1559 758 1630 801 ac
1662 749 1897 818 praeter
1929 740 2037 801 has
2067 741 2130 800 L.
2157 740 2396 818 Audasi,

396 827 667 887 falsarum
712 824 1029 885 tabularum
1069 827 1156 883 rei
1190 842 1260 883 ac
1290 842 1481 903 neque
1510 832 1700 884 aetate
1741 842 1931 903 neque
1965 842 2219 903 corpore
2254 826 2394 884 inte·
2416 851 2441 891 ⁵

396 912 515 988 gri,
551 913 685 969 item
716 908 881 968 Asini
910 907 1157 985 Epicadi
1194 926 1269 967 ex
1297 916 1478 985 gente
1505 906 1776 969 Parthina
1803 907 2028 969 ibridae
2049 954 2068 985 ,
2097 908 2172 969 ad
2203 918 2395 968 extre·

396 1012 545 1053 mum
582 991 859 1071 Telephi,
900 992 1157 1051 mulieris
1199 994 1357 1051 servi
1403 990 1914 1052 nomenculatoris.
1975 992 2124 1053 Nam
2158 1012 2232 1051 ne
2268 992 2394 1052 ulti-

394 1095 522 1137 mae
556 1076 783 1155 quidem
812 1078 985 1136 sortis
1014 1075 1300 1135 hominum
1344 1077 1774 1153 conspiratione
1806 1085 1866 1135 et
1895 1076 2159 1155 periculo
2193 1078 2394 1135 caruit.

395 1160 680 1222 Audasius
714 1169 883 1239 atque
911 1158 1207 1238 Epicadus
1242 1158 1443 1219 Iuliam
1473 1159 1644 1219 filiam
1677 1168 1736 1218 et
1768 1158 2094 1239 Agrippam
2121 1169 2394 1238 nepotem

396 1264 473 1305 ex
504 1244 733 1320 insulis,
769 1241 975 1322 quibus
1004 1242 1474 1320 continebantur,
1516 1260 1728 1322 rapere
1765 1243 1837 1303 ad
1865 1246 2189 1320 exercitae,
2222 1242 2458 1304 Tele-1⁸

347 1382 359 1393 .
396 1328 545 1408 plius
578 1328 741 1405 quasi
776 1327 972 1387 debita
1002 1326 1113 1387 sibi
1145 1327 1265 1387 fato
1298 1326 1684 1387 dominatione
1721 1335 1782 1387 et
1821 1330 2009 1406 ipsum
2041 1336 2100 1387 et
2131 1334 2394 1387 senatum

396 1411 637 1489 adgredi
682 1411 1052 1471 destinarant.
1128 1410 1275 1486 Quin
1318 1412 1490 1471 etiam
1531 1410 1814 1489 quondam
1862 1413 2017 1473 iuxta
2073 1409 2392 1470 cubiculum

396 1498 519 1556 eius
563 1495 680 1555 lixa
722 1493 948 1575 quidam
986 1514 1063 1555 ex
1105 1494 1342 1569 Illyrico
1387 1496 1681 1571 exercitu,
1729 1494 2064 1555 ianitoribus
2107 1494 2391 1571 deceptis,

394 1587 569 1639 noctu
620 1578 1021 1658 deprehensus
1078 1586 1169 1638 est
1224 1578 1411 1639 cultro
1467 1580 1765 1638 venatorio
1818 1580 2070 1655 cinctuS,
2126 1580 2391 1657 imposne

394 1663 601 1723 mentis
644 1680 715 1723 an
755 1662 1016 1723 simulata
1058 1662 1373 1739 dementia,
1417 1663 1724 1731 incertum;
1773 1660 1912 1721 nihil
1951 1663 2100 1721 enim
2144 1662 2391 1740 exprimi
2413 1682 2461 1723 ιε

395 1748 735 1826 quaestione
767 1748 970 1825 potuit.

311 1838 379 1892 20
517 1828 777 1890 Externa
818 1829 976 1890 bella
1018 1829 1129 1889 duo
1180 1831 1410 1889 omnino
1460 1847 1570 1908 per
1614 1847 1679 1889 se
1735 1831 1953 1907 gessit,
2009 1828 2392 1890 Delmaticum

394 1912 739 1973 adulescens
772 1912 990 1990 adhuc,
1024 1922 1083 1973 et
1125 1913 1378 1974 Antonio
1417 1912 1648 1973 devicto
1679 1912 2104 1974 Cantabricum.
2163 1912 2390 1973 Delma-

392 2000 509 2057 tico
550 1998 721 2055 etiam
764 1996 1004 2057 vulnera
1046 2000 1314 2075 excepit,
1359 2014 1469 2057 una
1514 2000 1640 2056 acie
1694 1997 1956 2057 dextrum
1997 2014 2154 2075 genu
2197 1995 2390 2075 lapide

393 2082 572 2155 ictus,
612 2078 795 2140 altera
826 2088 885 2139 et
916 2098 1050 2141 crus
1078 2089 1138 2140 et
1168 2089 1470 2159 utrumque
1505 2079 1803 2141 brachium
1832 2083 1994 2141 ruina
2026 2082 2215 2159 pontis
2249 2097 2384 2139 con·
2407 2101 2461 2143 20

393 2165 700 2223 sauciatus.
773 2162 1021 2242 Reliqua
1064 2182 1173 2243 per
1203 2163 1438 2241 legatos
1469 2164 1914 2240 administravit,
1959 2173 2020 2224 ut
2051 2174 2236 2223 tamen
2268 2164 2386 2242 qui-

392 2245 631 2307 busdam
690 2246 1034 2308 Pannonicis
1091 2257 1261 2327 atque
1306 2246 1666 2310 Germanicis
1724 2256 1820 2307 aut
1870 2249 2250 2307 interveniret
2297 2253 2394 2305 aut

390 2348 505 2391 nou
538 2330 717 2407 longe
748 2329 1013 2408 abesset,
1045 2332 1381 2393 Ravennam
1411 2332 1508 2391 vel
1522 2331 1926 2393 Mediolanium
1958 2332 2052 2391 vel
2066 2329 2392 2410 Aquileiam

308 2418 573 2493 musque
606 2413 677 2473 ab
708 2414 851 2475 urbe
884 2416 1291 2493 progrediens.
1347 2416 1576 2476 Domuit
1607 2424 1795 2476 autem
1821 2416 2026 2493 partim
2055 2414 2226 2475 ductu
2257 2431 2390 2492 par-

392 2501 489 2559 tim
524 2499 796 2575 auspiciis
825 2501 943 2559 suis
975 2498 1369 2577 Cantabriam,
1400 2499 1794 2579 Aquitaniam,
1837 2498 2221 2575 Pannoniam,
2250 2496 2388 2558 Del·
2409 2520 2462 2561 25

388 2583 615 2641 matiam
659 2598 785 2640 cum
825 2581 1063 2657 Illyrico
1110 2586 1298 2661 omni,
1342 2586 1480 2644 item
1520 2583 1782 2644 Raetiam
1831 2593 1892 2643 et
1938 2582 2276 2643 Vindelicos
2321 2599 2390 2640 ac

391 2664 692 2741 Salassos,
726 2675 938 2742 gentes
968 2665 1281 2746 Inalpinas
1363 2666 1638 2728 Goercuit
1676 2676 1735 2727 et
1777 2665 2069 2727 Dacorum
2108 2666 2387 2725 incursio-

390 2766 525 2825 nes,
560 2747 739 2809 tribus
782 2767 979 2811 eorum
1010 2750 1251 2811 ducibus
1297 2768 1424 2810 cum
1457 2768 1667 2827 magna
1690 2752 1863 2830 copia
1894 2752 2118 2825 caesis,
2151 2748 2388 2811 Germa-

389 2849 614 2911 nosque
646 2832 791 2893 ultra
820 2833 1014 2895 Albim
1045 2834 1289 2895 fluvium‘
1307 2835 1644 2909 summovit,
1687 2852 1766 2895 ex
1807 2834 2012 2914 quibus
2055 2832 2286 2893 Suebos
2329 2840 2392 2891 et

390 2914 729 2993 Sigambros
760 2916 1025 2979 dedentis
1055 2937 1119 2978 se
1162 2918 1412 2979 traduxit
1440 2921 1495 2977 in
1529 2916 1770 2979 Galliam
1800 2928 1971 2999 atque
2009 2920 2067 2977 in
2104 2918 2387 2995 proximis
2407 2933 2462 2974 30

386 2998 593 3059 Rheno
640 3004 798 3078 agris
844 3002 1193 3062 conlocavit.
1266 3002 1432 3062 Alias
1475 3004 1609 3061 item
1650 3004 1913 3063 nationes
1970 3000 2120 3062 male
2163 3002 2406 3079 quietas.

390 3080 461 3140 ad
500 3082 839 3162 obsequium
894 3086 1144 3163 redegit.
1206 3085 1335 3146 Nec
1378 3086 1480 3145 ulli
1510 3087 1673 3162 genti
1725 3088 1851 3146 sine
1881 3087 2046 3147 iustis
2081 3094 2141 3145 et
2181 3102 2388 3145 neces-

390 3166 555 3225 sariis
586 3168 775 3228 causis
810 3168 1027 3230 bellum
1058 3170 1273 3245 intulit,
1306 3178 1634 3249 tantumque
1667 3170 1806 3230 afuit
1829 3188 1862 3230 a
1888 3169 2201 3249 cupiditate
2249 3184 2388 3247 quo·

388 3263 501 3324 quo
546 3249 715 3309 modo
756 3253 1054 3330 imperium
1100 3253 1195 3313 vel
1243 3253 1514 3314 bellicam
1551 3252 1798 3329 gloriam
1828 3254 2112 3331 augendi,
2157 3261 2219 3311 ut
2248 3267 2387 3329 quo-

386 3328 624 3389 rundam
666 3332 1042 3397 barbarorum
1090 3340 1387 3417 principes
1427 3339 1483 3396 in
1525 3336 1672 3397 aede
1705 3338 1906 3399 Martis
1935 3338 2158 3399 Ultoris
2194 3338 2387 3394 iurare
2409 3351 2466 3391 35

390 3415 654 3488 coegerit
692 3434 989 3481 mansuros
1032 3440 1097 3481 se
1128 3422 1185 3481 in
1216 3420 1329 3481 fide
1367 3439 1434 3481 ac
1466 3439 1616 3499 pace
1651 3440 1819 3500 quam
1845 3430 2152 3501 peterent,
2205 3437 2238 3479 a
2268 3418 2388 3497 qui-

388 3491 625 3555 busdam
666 3516 811 3560 vero
856 3520 1064 3563 novum
1108 3522 1295 3581 genus
1326 3504 1618 3583 obsidum,
1649 3506 1923 3582 feminas,
1969 3508 2214 3583 exigere
2247 3511 2386 3561 tem-

388 3581 661 3658 ptaverit,
693 3584 847 3663 quod
876 3588 1202 3665 neglegere
1229 3606 1447 3648 marum
1476 3591 1722 3668 pignera
1757 3589 2063 3660 sentiebat;
2102 3597 2162 3649 et
2196 3597 2388 3647 tamen
