2700 4234
606 429 655 476 X
1295 427 1691 476 PRAEFATIO

613 600 768 658 esse,
799 601 923 643 eum
947 590 1256 643 ceterorum
1283 589 1545 651 omnium,
1578 590 1739 642 etiam
1762 586 2098 659 mobilium,
2130 588 2294 643 altius
2318 590 2432 643 ort·-

611 672 792 741 amem
821 672 1101 741 repetierit
1109 693 1128 732 ,·
1167 672 1353 741 itaque
1385 668 1587 726 ‘Iulius
1626 670 1871 727 Caesar'
1909 672 1969 726 in
2005 673 2287 741 principio
2326 672 2431 726 ad—

615 755 732 811 aaa
781 769 902 809 esse
947 753 1132 809 verba.
1217 753 1461 809 Eandem
1510 754 1842 810 senteutiam
1898 768 2021 809 cum
2074 754 2433 811 doctissimus

617 838 854 910 quisque
883 837 1110 893 tulisset
1138 843 1200 892 ut
1232 837 1521 893 Turnebus
1552 837 1783 893 Ursinus
1812 837 2185 909 Glandorpius
2204 878 2223 907 ‚
2254 844 2311 893 et
2340 838 2433 893 vel

617 920 828 976 mederi
858 920 912 975 ei
942 920 1192 977 iacturae
1223 920 1533 977 studuisset
1562 938 1607 976 a.
1644 924 1777 979 1521
1808 921 1887 976 lo.
1912 921 2047 977 Lud.
2079 920 2251 976 Vives
2282 936 2435 977 com-

615 1004 819 1077 positis
850 1004 1222 1075 supplementi
1257 1004 1433 1059 instar
1468 1004 1685 1075 aliquot
1712 1003 2027 1078 capitibus,
2056 1020 2201 1076 quae
2234 1011 2433 1076 postea

615 1087 890 1143 Laevinus
920 1087 1246 1143 Torrentius
1275 1087 1545 1159 ampliora
1578 1088 1745 1156 fecit,
1776 1088 1931 1143 solus
1967 1088 2193 1144 isaacus
2224 1087 2434 1143 Gasan-

616 1172 828 1239 bonus‚
887 1176 1130 1225 ceterum
1174 1169 1483 1241 Tranquilli
1525 1170 1885 1242 interpretum
1935 1168 2105 1227 facile
2148 1170 2435 1242 princeps,

617 1252 807 1309 extitit
835 1254 928 1325 qui
953 1252 1212 1309 Caesaris
1243 1254 1413 1309 vitam
1440 1253 1691 1309 illaesam
1730 1255 1800 1310 ad
1829 1270 1933 1309 nos
1962 1253 2295 1327 pervenisse
2324 1254 2433 1310 sibi

617 1337 1018 1409 persuaderet,
1057 1337 1197 1393 inire
1227 1343 1567 1392 commentus
1596 1337 1851 1409 potuisse
1877 1338 2207 1409 scriptorem
2236 1338 2291 1392 in
2322 1337 2435 1393 alio

617 1419 764 1475 libro
824 1420 894 1475 de
951 1420 1090 1477 Iulia
1151 1426 1320 1491 gente
1383 1420 1755 1506 Caesarisque
1816 1421 2195 1477 adulescentia
2256 1436 2434 1491 expo-

615 1503 816 1559 suisse.
879 1504 1202 1559 Recentium
1226 1503 1366 1559 satis
1396 1503 1507 1558 erit
1535 1504 1675 1559 duos
1712 1505 2029 1576 appellasse
2060 1504 2147 1559 Fr.
2181 1504 2249 1558 A.
2268 1503 2343 1557 W
2348 1504 2435 1558 ol-

613 1586 742 1643 llum
787 1590 881 1657 qui
940 1587 1104 1643 initio
1147 1586 1409 1643 Caesaris
1470 1587 1685 1658 aliquot
1745 1587 1999 1643 stellulas
2041 1587 2296 1642 defectus
2354 1586 2433 1641 si-

613 1670 922 1740 gnificandi
963 1673 1134 1726 causa
1178 1670 1475 1743 apposuit,
1517 1676 1574 1725 et
1598 1669 1958 1727 Niebubrium
1992 1670 2086 1742 qui
2118 1670 2284 1742 plane
2330 1686 2433 1740 ge-

614 1752 761 1809 mina
802 1754 1000 1810 lacuna
1047 1753 1326 1810 Plutarchi
1377 1752 1671 1809 Caesarem
1724 1754 1984 1809 laborare
2021 1753 2431 1810 animadvertit.

613 1836 726 1891 lam
767 1842 1064 1906 postquam
1096 1836 1232 1905 Lydi
1265 1832 1429 1890 locus
1458 1835 1729 1904 innotuit,
1776 1836 2033 1892 dubitare
2066 1852 2227 1892 nemo
2262 1852 2432 1892 sanus

613 1922 820 1989 potest.
891 1918 1006 1973 Sed
1045 1923 1106 1972 ut
1134 1933 1350 1973 omnem
1387 1932 1505 1971 rem
1532 1919 1907 1989 complectar,
1947 1919 2087 1973 baec
2120 1919 2242 1973 fere
2280 1920 2427 1975 desi·

613 2001 908 2056 derantur:
1005 2050 1018 2063 ,

743 2078 804 2155 l)
835 2083 1088 2140 exterior
1111 2083 1241 2140 libri
1272 2084 1485 2140 titulus.
1541 2082 1919 2139 Vetustissimi
1944 2084 2088 2139 enim
2110 2084 2241 2140 libri
2264 2084 2433 2140 Mem-

615 2167 830 2223 mianus
875 2173 931 2222 et
959 2166 1262 2223 Vaticanus
1301 2166 1505 2239 Lipsii‚
1549 2172 1844 2238 praeterea
1876 2167 2159 2223 Parisinus
2199 2173 2339 2227 58⁰4
2378 2174 2433 2223 et

613 2250 874 2320 Reganus
911 2242 1002 2325 (ἲ)
1028 2250 1255 2319 Wolfii,
1288 2250 1529 2321 denique
1560 2251 1970 2307 commemorati
2001 2267 2031 2307 a
2061 2250 2433 2307 Volaterrano

613 2340 672 2389 et
700 2333 843 2390 Vive
873 2334 952 2390 ita
979 2334 1278 2405 incipiunt:
1320 2349 1529 2388 anuum
1572 2348 1741 2405 ayens
1772 2342 1990 2390 sextum
2024 2335 2289 2390 decanum
2323 2350 2433 2404 pa-

613 2424 754 2472 irem
792 2420 970 2473 amisit
1019 2416 1470 2489 sequentibusque
1514 2418 1849 2484 consulibus,
1895 2434 2161 2489 nusquam
2210 2418 2432 2473 adiecto

613 2500 742 2556 Divi
770 2500 902 2556 Iulii
936 2500 1178 2556 nomine.
1267 2502 1699 2573 Temptant-unt
1729 2502 1953 2572 quidem
1994 2502 2335 2573 reliquorum
2361 2500 2432 2555 li-

612 2584 842 2639 brorum
882 2584 1108 2641 scribae
1139 2585 1326 2640 multis
1356 2585 1535 2640 modis
1567 2584 1773 2640 hiatum
1811 2585 2075 2657 explere,
2112 2585 2241 2640 dum
2268 2600 2433 2639 unum

613 2683 814 2723 nomen
845 2666 1056 2723 Caesar
1087 2668 1178 2722 vel
1209 2669 1320 2724 duo
1350 2666 1753 2724 IuliusCaesar
1782 2668 1982 2740 primo,
2014 2668 2284 2736 secundo,
2316 2673 2433 2722 ter-

613 2750 693 2807 tio
725 2751 856 2806 loeo
899 2751 1199 2821 adiiciunt,
1239 2751 1373 2823 quin
1407 2752 1571 2810 etiam
1614 2752 1760 2808 trina
1788 2752 2009 2807 nomina
2044 2749 2435 2815 DivusJulius

612 2834 824 2889 Caesar
866 2834 957 2889 vel
995 2833 1174 2889 Iulius
1213 2834 1424 2892 Caesar
1461 2835 1635 2890 Divus
1662 2834 1752 2890 vel
1797 2834 1963 2891 Gaius
2002 2834 2183 2889 lulius
2220 2834 2435 2891 Caesar

611 2917 792 2988 primo
835 2918 964 2973 loco
1014 2924 1381 2989 praetexunt,
1424 2934 1616 2974 verum
1656 2934 1727 2974 eo
1758 2918 1936 2989 magis
1968 2934 2123 2974 suam
2154 2918 2433 2973 inscitiam

609 3000 854 3071 produnt
883 3001 1172 3055 consulum
1201 3001 1514 3057 nominibus
1546 3016 1657 3058 nou
1685 3001 1977 3073 suppletis.
2034 3000 2227 3072 Neque
2250 3001 2431 3056 minus

611 3082 682 3137 (le
698 3098 842 3140 vano
872 3083 1106 3139 baustae
1135 3084 1543 3154 suntvulgares
1574 3084 1765 3156 operis
1794 3082 2438 3157 inscriptiones-deXII

611 3164 978 3236 Caesaribus,
1022 3166 1090 3221 de
1132 3169 1240 3224 vua
1281 3166 1414 3222 XII
1457 3167 1789 3236 Caesarum,
1828 3168 1901 3223 de
1940 3169 2051 3226 uita
2090 3175 2141 3222 et
2190 3167 2434 3222 moribus

609 3249 895 3305 duodecim
927 3250 1230 3307 Caesarum
1270 3251 1527 3321 aliaeque
1556 3251 1805 3321 similes,
1847 3266 1971 3307 cum
2010 3252 2068 3307 in
2104 3250 2433 3308 lle-niano

611 3331 759 3389 libro
790 3332 1018 3389 omuino
1052 3334 1201 3390 nulla
1233 3340 1503 3406 appareat
1532 3329 1691 3406 (nam
1724 3334 2019 3391 barbaram
2046 3336 2261 3390 nanum
2303 3351 2433 3390 sae-

611 3415 722 3471 culi
750 3415 876 3472 XIV
916 3432 1028 3472 non
1071 3412 1240 3490 curo)
1285 3432 1567 3488 verusque
1608 3417 1740 3474 libri
1784 3419 1977 3474 titulus
2022 3417 2327 3489 antiquitus
2362 3419 2431 3473 ab

610 3500 894 3555 nonnullis
927 3499 1211 3570 librariis,
1261 3516 1407 3556 nunc
1450 3518 1481 3556 a
1524 3501 1689 3557 nobis
1724 3500 1985 3557 debuerit
2014 3518 2085 3556 ex
2128 3500 2432 3571 insequen-

611 3579 748 3637 tium
776 3582 1012 3639 vitarum
1048 3583 1318 3640 clausulis
1351 3590 1409 3639 et
1452 3584 1919 3656 inscriptionibus
1962 3591 2237 3655 tamquam
2272 3590 2434 3656 post-

611 3662 810 3721 liminii
841 3664 964 3720 iure
997 3666 1328 3738 reciperari.
