2700 4234
959 312 1169 361 mvns
1214 310 1592 360 aueusTUS.
2136 302 2216 362 77

236 465 412 543 potius
436 464 600 543 sequi
630 464 983 543 opinionem,
1018 469 1113 543 qui
1144 467 1386 545 perinde
1419 465 1784 527 scribendum
1816 483 1888 527 ac
1915 467 2218 547 loquamur

236 548 564 607 existiment.
626 547 772 608 Nam
814 548 969 629 quod
1012 567 1195 629 saepe
1225 568 1339 610 uon
1367 550 1590 611 litteras
1617 548 1791 610 modo
1825 550 1930 611 sed
1961 549 2216 626 syllabas

230 639 319 691 aut
363 639 649 710 permutat
692 640 789 693 aut
839 636 1148 711 praeterit,
1202 636 1519 694 communis
1560 634 1850 694 hominum
1893 651 2061 694 error
2103 643 2214 694 est.

227 713 346 775 Nec
372 732 485 793 ego
517 715 574 775 id
604 725 893 792 notarem,
926 716 1035 797 nisi
1062 717 1196 778 mihi
1226 719 1428 778 mirum
1455 718 1751 778 videretur
1781 717 2087 778 tradidisse
2115 718 2216 778 ali-

181 809 205 848 ⁵
228 816 397 877 quos,
438 798 639 876 legato
682 818 810 859 eum
855 800 1145 860 consulari
1191 818 1600 862 successorem
1641 800 1873 861 dedisse
1919 810 1980 861 ut
2008 801 2132 861 rudi
2161 809 2219 861 et

224 882 482 959 indocto,
531 884 693 943 cuius
734 901 901 943 manu
947 883 1047 944 ian·
1077 902 1185 963 pro
1232 884 1363 964 ipss·
1404 886 1683 964 scriptum
1730 884 2216 946 animadverterit.

226 966 500 1040 Quotiens
540 975 730 1026 autem
770 984 879 1045 per
911 976 1079 1028 notas
1112 968 1343 1045 scribit,
1389 968 1434 1029 Β
1462 988 1572 1048 pro
1601 968 1684 1048 A,
1717 967 1763 1030 C
1795 986 1904 1049 pro
1934 967 1979 1028 Β
2011 987 2080 1030 ac
2114 967 2215 1029 de-

222 1049 666 1128 inceps‘eadem
710 1051 937 1111 ratione
976 1053 1273 1130 sequentis
1309 1053 1534 1113 litteras
1569 1055 1760 1132 ponit3
1805 1070 1915 1131 pro
1945 1052 2000 1112 X
2031 1060 2219 1112 autem

224 1132 435 1210 duplex
464 1131 540 1192 A.

160 1223 206 1265 1⁰
340 1214 427 1275 Ne
460 1215 811 1277 Graecarum
857 1218 1085 1296 quidem
1122 1218 1552 1298 disciplinarum
1583 1220 1811 1280 leviore
1845 1219 2032 1279 studio
2060 1226 2218 1277 tene-
2233 1220 2304 1275 89

222 1299 403 1359 batur.
441 1298 507 1359 In
536 1301 742 1378 quibus
772 1309 830 1361 et
858 1302 1003 1380 ipsis
1033 1304 1366 1381 praestabat
1392 1303 1649 1381 largiter,
1681 1304 1961 1381 magistro
1992 1300 2222 1361 dicendi

218 1401 355 1443 usus
389 1382 759 1462 Apollodoro
791 1384 1186 1464 Pergameno,
1220 1405 1391 1466 quem
1425 1387 1536 1446 iam
1566 1387 1842 1464 grandem
1873 1396 2006 1445 natu
2038 1382 2221 1463 Apol-

218 1467 427 1527 loniam
469 1484 705 1547 quoqne
750 1486 947 1528 secum
984 1469 1057 1528 ab
1095 1469 1238 1529 urbe
1280 1471 1510 1530 iuvenis
1543 1469 1729 1530 adhuc
1763 1470 2077 1545 eduxerat,
2123 1467 2220 1527 de-

218 1550 349 1610 inde
377 1552 703 1611 eruditione
732 1553 902 1611 etiam
930 1554 1089 1612 varia
1121 1554 1383 1632 repletus
1414 1572 1524 1631 per
1546 1551 1689 1613 Arei
1718 1552 2052 1632 philosophi
2076 1551 2221 1611 filio-

160 1646 205 1687 1⁸
219 1652 455 1713 rumque
498 1636 631 1694 eius
659 1636 903 1711 Dionysi
944 1644 1003 1696 et
1032 1634 1342 1698 Nicanoris
1378 1635 1842 1705 contuberninm;
1883 1653 1999 1695 non
2031 1642 2224 1694 tamen

218 1727 277 1778 nt
316 1727 411 1777 ant
450 1718 798 1797 loqueretur
837 1718 1113 1799 expedite
1156 1730 1253 1781 aut
1298 1738 1654 1800 componere
1693 1718 1911 1798 aliquid
1952 1717 2221 1784 auderet;

219 1820 342 1861 nam
384 1810 442 1861 et
487 1804 537 1861 si
583 1802 715 1881 qnid
756 1821 855 1862 res
884 1804 1186 1881 exigeret,
1227 1803 1741 1873 Latineformabat
1769 1802 2223 1878 vertendumque

221 1886 313 1945 alii
336 1885 529 1946 dabat.
598 1885 715 1945 Sed
744 1886 917 1965 plane
946 1896 1270 1964 poematum
1297 1905 1531 1969 quoque
1570 1905 1684 1948 non
1708 1887 2028 1965 imperitus,
2065 1883 2222 1945 dele-

222 1969 476 2029 ctabatur
500 1971 673 2029 etiam
700 1969 1000 2030 comoedia
1028 1974 1210 2032 veteri
1246 1980 1306 2032 et
1330 1990 1512 2051 saepe
1547 1990 1675 2032 eam
1698 1969 1954 2031 exhibuit
1994 1977 2221 2048 specta-

156 2068 203 2109 πο
222 2052 361 2113 culis
405 2052 679 2132 publicis.
752 2053 818 2113 In
872 2053 1212 2115 evolvendis
1260 2057 1558 2134 utriusque
1607 2056 1842 2133 liuguae
1889 2051 2224 2115 auctoribus

219 2136 349 2195 nihil
380 2154 573 2216 aeque
607 2137 966 2215 sectabatur,
1017 2155 1184 2216 quam
1230 2147 1549 2218 praecepta
1589 2148 1647 2199 et
1691 2138 1960 2216 exempla
1990 2135 2224 2215 publice

216 2219 307 2277 vel
342 2223 613 2298 privatim
652 2220 925 2298 salubria,
960 2238 1158 2300 eaque
1190 2222 1261 2283 ad
1305 2221 1546 2283 verbum
1569 2229 1848 2300 excerpta
1886 2229 1980 2281 aut
2015 2219 2087 2279 ad
2123 2217 2224 2278 do·

217 2304 483 2364 mesticos
532 2313 632 2364 aut
662 2305 734 2365 ad
769 2306 1125 2366 exercituum
1150 2308 1693 2385 provinciarumque
1728 2312 1998 2364 rectores
2036 2300 2227 2362 autad

217 2385 369 2447 urhis
407 2389 785 2465 magistratus
826 2390 1164 2468 plerumque
1206 2389 1497 2467 mittebat,
1554 2397 1728 2467 prout
1781 2388 1994 2467 quique
2045 2386 2224 2445 moni-

156 2484 203 2524 25
219 2472 368 2530 tione
412 2472 766 2547 indigerent.
832 2472 1018 2534 Etiam
1059 2473 1245 2533 libros
1288 2482 1448 2535 totos
1499 2481 1557 2533 et
1595 2472 1820 2532 senatui
1857 2469 2123 2530 recitavit
2169 2476 2228 2528 et

217 2554 433 2632 populo
462 2564 641 2616 notos
669 2574 777 2635 per
808 2556 1054 2617 edictum
1086 2574 1266 2635 saepe
1296 2558 1459 2634 fecit,
1491 2564 1552 2617 ut
1586 2555 1884 2617 orationes
1917 2549 1986 2624 Q.
2005 2551 2226 2615 Metelli

218 2636 293 2696 de
312 2638 491 2715 prole
522 2639 818 2719 auqenda
853 2647 911 2701 et
937 2639 1115 2700 Rutili
1147 2639 1225 2700 de
1250 2641 1432 2702 modo
1464 2637 1928 2719 aedificiorum,
1964 2654 2079 2717 quo
2110 2653 2225 2695 ma-

219 2720 307 2795 gis
342 2722 727 2798 persuaderet
766 2733 1067 2802 utramque
1105 2742 1229 2784 rem
1276 2743 1393 2785 non
1438 2723 1510 2784 ab
1554 2741 1619 2783 se
1648 2722 1834 2803 primo
1868 2719 2228 2782 animadver-

220 2820 367 2877 sam,
410 2806 512 2866 sed
545 2807 795 2886 antiquis
824 2808 933 2867 iam
964 2815 1098 2868 tunc
1130 2824 1303 2888 curae
1332 2808 1530 2868 fuisse.

156 2903 205 2945 ao
344 2885 581 2965 Ingenia
617 2890 837 2951 saeculi
871 2892 957 2950 sui
985 2890 1248 2950 omnibns
1278 2890 1465 2950 modis
1499 2890 1675 2958 fovit;
1709 2887 2002 2949 recitantis
2039 2893 2096 2945 et
2124 2885 2225 2945 be-

220 2968 391 3047 nigne
423 2982 481 3032 et
507 2975 799 3052 patienter
826 2972 1017 3049 audiit,
1050 2992 1162 3035 nec
1192 2983 1406 3034 tantum
1441 2974 1688 3034 carmina
1714 2980 1772 3032 et
1793 2970 2090 3045 historias,
2124 2968 2228 3028 sed

222 3060 278 3110 et
324 3058 620 3117 orationes
666 3066 727 3117 et
768 3057 1056 3135 dialogos.
1117 3055 1403 3137 componi
1437 3065 1626 3117 tamen
1655 3053 1871 3134 aliquid
1907 3053 1978 3114 de
2014 3070 2080 3113 se
2122 3052 2230 3111 nisi

222 3144 280 3193 et
330 3139 487 3199 serio
540 3149 600 3200 et
648 3158 682 3201 a
736 3142 1270 3221 praestantissimis,
1323 3139 1726 3201 offendebatur
1767 3136 2230 3213 admonebatque

224 3230 525 3361 frgewoes
545 3270 564 3301 ,
612 3242 686 3285 ne
716 3233 1052 3305 paterentur
1082 3242 1293 3284 nomen
1324 3242 1488 3284 suum
1521 3220 2024 3285 commissionibus
2055 3220 2228 3280 obso-

159 3314 208 3355 35
249 3319 281 3359 e
322 3306 422 3363 eri.

308 3384 475 3450 Circa
529 3389 855 3469 religiones
906 3392 1079 3452 talem
1122 3385 1487 3471 accepimus.
1559 3390 1833 3452 'fonitrua
1892 3397 1950 3450 et
1999 3386 2317 3465 fulgura90

225 3466 392 3542 paulo
434 3472 715 3535 infirmius
755 3474 1224 3555 expavescebat,
1268 3485 1328 3535 ut
1375 3492 1608 3555 semper
1649 3483 1707 3535 et
1749 3473 1964 3552 ubique
2014 3469 2231 3550 pellem

226 3548 381 3611 vituli
408 3558 615 3617 marini
649 3558 1046 3620 circumferret
1082 3576 1192 3640 pro
1221 3560 1514 3637 remedie,
1547 3567 1720 3638 atque
1753 3557 1824 3619 ad
1859 3571 2083 3617 omnem
2113 3570 2229 3613 ma-
