<?xml version="1.0" encoding="UTF-8"?>
<!DOCTYPE html PUBLIC "-//W3C//DTD XHTML 1.0 Transitional//EN"
    "http://www.w3.org/TR/xhtml1/DTD/xhtml1-transitional.dtd">
<html xmlns="http://www.w3.org/1999/xhtml" xml:lang="en" lang="en">
 <head>
  <title>
</title>
<meta http-equiv="Content-Type" content="text/html;charset=utf-8" />
  <meta name='ocr-system' content='tesseract 3.04.00' />
  <meta name='ocr-capabilities' content='ocr_page ocr_carea ocr_par ocr_line ocrx_word'/>
</head>
<body>
  <div class='ocr_page' id='page_1' title='image "./csuetonitranqui05rothgoog_0422.png"; bbox 0 0 2700 4234; ppageno 0'>
   <div class='ocr_carea' id='block_1_1' title="bbox 487 264 1953 338">
    <p class='ocr_par' dir='ltr' id='par_1_1' title="bbox 487 264 1953 338">
     <span class='ocr_line' id='line_1_1' title="bbox 487 264 1953 338; baseline -0.001 -10"><span class='ocrx_word' id='word_1_1' title='bbox 487 264 612 328; x_wconf 80' lang='lat'><strong>312</strong></span> <span class='ocrx_word' id='word_1_2' title='bbox 1047 279 1109 328; x_wconf 85' lang='lat' dir='ltr'><strong>o.</strong></span> <span class='ocrx_word' id='word_1_3' title='bbox 1155 279 1481 328; x_wconf 72' lang='lat' dir='ltr'><strong>summm</strong></span> <span class='ocrx_word' id='word_1_4' title='bbox 1526 277 1953 338; x_wconf 62' lang='lat' dir='ltr'><strong>rumenam</strong></span> 
     </span>
    </p>
   </div>
   <div class='ocr_carea' id='block_1_2' title="bbox 486 429 2539 1174">
    <p class='ocr_par' dir='ltr' id='par_1_2' title="bbox 489 429 2495 576">
     <span class='ocr_line' id='line_1_2' title="bbox 491 429 2495 511; baseline -0.001 -15"><span class='ocrx_word' id='word_1_5' title='bbox 491 432 819 496; x_wconf 79' lang='lat' dir='ltr'><strong>caeruleum</strong></span> <span class='ocrx_word' id='word_1_6' title='bbox 847 443 1132 511; x_wconf 81' lang='lat' dir='ltr'><strong>tamquam</strong></span> <span class='ocrx_word' id='word_1_7' title='bbox 1163 450 1423 502; x_wconf 69' lang='lat' dir='ltr'><strong>aureum</strong></span> <span class='ocrx_word' id='word_1_8' title='bbox 1444 434 1524 492; x_wconf 87' lang='lat' dir='ltr'><strong>ita</strong></span> <span class='ocrx_word' id='word_1_9' title='bbox 1546 429 1688 492; x_wconf 84' lang='lat' dir='ltr'><strong>illud</strong></span> <span class='ocrx_word' id='word_1_10' title='bbox 1716 433 1803 492; x_wconf 77' lang='lat' dir='ltr'><strong>rei</strong></span> <span class='ocrx_word' id='word_1_11' title='bbox 1836 447 2048 493; x_wconf 79' lang='lat' dir='ltr'><strong>nomen</strong></span> <span class='ocrx_word' id='word_1_12' title='bbox 2078 439 2208 508; x_wconf 74' lang='lat' dir='ltr'><strong>est,</strong></span> <span class='ocrx_word' id='word_1_13' title='bbox 2240 429 2361 492; x_wconf 81' lang='lat' dir='ltr'><strong>hoc</strong></span> <span class='ocrx_word' id='word_1_14' title='bbox 2392 429 2495 494; x_wconf 78' lang='lat' dir='ltr'><strong>de·</strong></span> 
     </span>
     <span class='ocr_line' id='line_1_3' title="bbox 489 515 1094 576; baseline -0.003 0"><span class='ocrx_word' id='word_1_15' title='bbox 489 517 841 576; x_wconf 81' lang='lat' dir='ltr'><strong>nominative</strong></span> <span class='ocrx_word' id='word_1_16' title='bbox 871 515 1094 576; x_wconf 87' lang='lat' dir='ltr'><strong>dicitnr.</strong></span> 
     </span>
    </p>

    <p class='ocr_par' dir='ltr' id='par_1_3' title="bbox 486 596 2539 846">
     <span class='ocr_line' id='line_1_4' title="bbox 615 596 2495 676; baseline -0.003 -16"><span class='ocrx_word' id='word_1_17' title='bbox 615 597 726 660; x_wconf 81' lang='lat' dir='ltr'><strong>Lar</strong></span> <span class='ocrx_word' id='word_1_18' title='bbox 765 617 840 662; x_wconf 86' lang='lat' dir='ltr'><strong>an</strong></span> <span class='ocrx_word' id='word_1_19' title='bbox 877 598 1249 676; x_wconf 86' lang='lat' dir='ltr'><strong>singulariter</strong></span> <span class='ocrx_word' id='word_1_20' title='bbox 1284 598 1528 676; x_wconf 83' lang='lat' dir='ltr'><strong>dicatur]</strong></span> <span class='ocrx_word' id='word_1_21' title='bbox 1570 596 1661 658; x_wconf 86' lang='lat' dir='ltr'><strong>Ea</strong></span> <span class='ocrx_word' id='word_1_22' title='bbox 1696 614 1845 674; x_wconf 78' lang='lat' dir='ltr'><strong>quae</strong></span> <span class='ocrx_word' id='word_1_23' title='bbox 1885 596 1942 656; x_wconf 86' lang='lat' dir='ltr'><strong>iu</strong></span> <span class='ocrx_word' id='word_1_24' title='bbox 1970 597 2329 664; x_wconf 70' lang='lat' dir='ltr'><strong>nominativo</strong></span> <span class='ocrx_word' id='word_1_25' title='bbox 2358 613 2495 658; x_wconf 78' lang='lat' dir='ltr'><strong>casu</strong></span> 
     </span>
     <span class='ocr_line' id='line_1_5' title="bbox 486 678 2495 760; baseline 0 -18"><span class='ocrx_word' id='word_1_26' title='bbox 486 685 548 742; x_wconf 92' lang='lat' dir='ltr'><strong>in</strong></span> <span class='ocrx_word' id='word_1_27' title='bbox 575 701 606 741; x_wconf 94' lang='lat' dir='ltr'><strong>r</strong></span> <span class='ocrx_word' id='word_1_28' title='bbox 635 691 879 760; x_wconf 86' lang='lat' dir='ltr'><strong>exeunt,</strong></span> <span class='ocrx_word' id='word_1_29' title='bbox 929 681 1206 760; x_wconf 84' lang='lat' dir='ltr'><strong>genetivo</strong></span> <span class='ocrx_word' id='word_1_30' title='bbox 1237 700 1346 760; x_wconf 88' lang='lat' dir='ltr'><strong>per</strong></span> <span class='ocrx_word' id='word_1_31' title='bbox 1391 683 1441 742; x_wconf 86' lang='lat' dir='ltr'><strong>is</strong></span> <span class='ocrx_word' id='word_1_32' title='bbox 1472 679 1830 743; x_wconf 77' lang='lat' dir='ltr'><strong>declinantur</strong></span> <span class='ocrx_word' id='word_1_33' title='bbox 1874 688 1934 741; x_wconf 84' lang='lat' dir='ltr'><strong>ct</strong></span> <span class='ocrx_word' id='word_1_34' title='bbox 1963 697 2135 758; x_wconf 82' lang='lat' dir='ltr'><strong>quem</strong></span> <span class='ocrx_word' id='word_1_35' title='bbox 2168 679 2243 743; x_wconf 75' lang='lat' dir='ltr'><strong>ad</strong></span> <span class='ocrx_word' id='word_1_36' title='bbox 2266 678 2495 743; x_wconf 76' lang='lat' dir='ltr'><strong>modum</strong></span> 
     </span>
     <span class='ocr_line' id='line_1_6' title="bbox 491 726 2539 846; baseline -0.004 -18"><span class='ocrx_word' id='word_1_37' title='bbox 491 783 597 844; x_wconf 84' lang='lat' dir='ltr'><strong>par</strong></span> <span class='ocrx_word' id='word_1_38' title='bbox 623 768 818 846; x_wconf 80' lang='lat' dir='ltr'><strong>paris,</strong></span> <span class='ocrx_word' id='word_1_39' title='bbox 839 726 928 826; x_wconf 76' lang='lat' dir='ltr'><strong>s’ic</strong></span> <span class='ocrx_word' id='word_1_40' title='bbox 955 763 1065 826; x_wconf 89' lang='lat' dir='ltr'><strong>Lar</strong></span> <span class='ocrx_word' id='word_1_41' title='bbox 1091 763 1253 828; x_wconf 82' lang='lat' dir='ltr'><strong>Laris</strong></span> <span class='ocrx_word' id='word_1_42' title='bbox 1281 765 1443 825; x_wconf 86' lang='lat' dir='ltr'><strong>facit.</strong></span> <span class='ocrx_word' id='word_1_43' title='bbox 2508 790 2539 832; x_wconf 62' lang='lat'><strong>5</strong></span> 
     </span>
    </p>

    <p class='ocr_par' dir='ltr' id='par_1_4' title="bbox 491 844 2493 1007">
     <span class='ocr_line' id='line_1_7' title="bbox 608 844 2493 946; baseline -0.001 -36"><span class='ocrx_word' id='word_1_44' title='bbox 608 849 767 910; x_wconf 88' lang='lat' dir='ltr'><strong>Inter</strong></span> <span class='ocrx_word' id='word_1_45' title='bbox 809 847 962 910; x_wconf 80' lang='lat' dir='ltr'><strong>Anio</strong></span> <span class='ocrx_word' id='word_1_46' title='bbox 1013 856 1071 908; x_wconf 89' lang='lat' dir='ltr'><strong>et</strong></span> <span class='ocrx_word' id='word_1_47' title='bbox 1085 847 1312 946; x_wconf 35' lang='lat' dir='ltr'><strong>‘Anienl</strong></span> <span class='ocrx_word' id='word_1_48' title='bbox 1369 847 1687 924; x_wconf 87' lang='lat' dir='ltr'><strong>Utrumque</strong></span> <span class='ocrx_word' id='word_1_49' title='bbox 1728 845 1803 906; x_wconf 89' lang='lat' dir='ltr'><strong>ab</strong></span> <span class='ocrx_word' id='word_1_50' title='bbox 1850 844 2189 911; x_wconf 72' lang='lat' dir='ltr'><strong>auctoribus</strong></span> <span class='ocrx_word' id='word_1_51' title='bbox 2224 845 2493 911; x_wconf 82' lang='lat' dir='ltr'><strong>traditum</strong></span> 
     </span>
     <span class='ocr_line' id='line_1_8' title="bbox 491 927 1775 1007; baseline -0.004 -13"><span class='ocrx_word' id='word_1_52' title='bbox 491 941 608 1000; x_wconf 55' lang='grc' dir='ltr'><strong>θεὴ</strong></span> <span class='ocrx_word' id='word_1_53' title='bbox 642 931 852 992; x_wconf 87' lang='lat' dir='ltr'><strong>dictum</strong></span> <span class='ocrx_word' id='word_1_54' title='bbox 884 941 976 994; x_wconf 83' lang='lat' dir='ltr'><strong>est</strong></span> <span class='ocrx_word' id='word_1_55' title='bbox 1006 933 1184 992; x_wconf 88' lang='lat' dir='ltr'><strong>enim:</strong></span> <span class='ocrx_word' id='word_1_56' title='bbox 1242 927 1487 994; x_wconf 62' lang='lat' dir='ltr'><strong>Amana</strong></span> <span class='ocrx_word' id='word_1_57' title='bbox 1524 927 1775 1007; x_wconf 69' lang='lat' dir='ltr'><strong>fluenta.</strong></span> 
     </span>
    </p>

    <p class='ocr_par' dir='ltr' id='par_1_5' title="bbox 489 1011 2494 1174">
     <span class='ocr_line' id='line_1_9' title="bbox 615 1011 2492 1094; baseline -0.001 -21"><span class='ocrx_word' id='word_1_58' title='bbox 615 1017 648 1055; x_wconf 83' lang='lat'>*</span> <span class='ocrx_word' id='word_1_59' title='bbox 735 1015 813 1094; x_wconf 79' lang='lat' dir='ltr'><strong>*J</strong></span> <span class='ocrx_word' id='word_1_60' title='bbox 846 1011 883 1050; x_wconf 61' lang='lat'><strong>&#39;³</strong></span> <span class='ocrx_word' id='word_1_61' title='bbox 938 1015 1157 1075; x_wconf 85' lang='lat' dir='ltr'><strong>instans</strong></span> <span class='ocrx_word' id='word_1_62' title='bbox 1188 1014 1508 1093; x_wconf 88' lang='lat' dir='ltr'><strong>periculum</strong></span> <span class='ocrx_word' id='word_1_63' title='bbox 1537 1013 1719 1076; x_wconf 85' lang='lat' dir='ltr'><strong>efficit</strong></span> <span class='ocrx_word' id='word_1_64' title='bbox 1748 1011 1903 1090; x_wconf 85' lang='lat' dir='ltr'><strong>quod</strong></span> <span class='ocrx_word' id='word_1_65' title='bbox 1936 1020 2034 1074; x_wconf 84' lang='lat' dir='ltr'><strong>aut</strong></span> <span class='ocrx_word' id='word_1_66' title='bbox 2056 1011 2215 1081; x_wconf 74' lang='lat' dir='ltr'><strong>vide-t</strong></span> <span class='ocrx_word' id='word_1_67' title='bbox 2244 1021 2341 1076; x_wconf 84' lang='lat' dir='ltr'><strong>aut</strong></span> <span class='ocrx_word' id='word_1_68' title='bbox 2374 1029 2492 1072; x_wconf 84' lang='lat' dir='ltr'><strong>me·-</strong></span> 
     </span>
     <span class='ocr_line' id='line_1_10' title="bbox 489 1095 2494 1174; baseline -0.002 -15"><span class='ocrx_word' id='word_1_69' title='bbox 489 1099 622 1166; x_wconf 63' lang='lat' dir='ltr'><strong>tuin</strong></span> <span class='ocrx_word' id='word_1_70' title='bbox 663 1100 804 1158; x_wconf 88' lang='lat' dir='ltr'><strong>item</strong></span> <span class='ocrx_word' id='word_1_71' title='bbox 841 1107 1028 1160; x_wconf 78' lang='lat' dir='ltr'><strong>metus</strong></span> <span class='ocrx_word' id='word_1_72' title='bbox 1060 1106 1150 1158; x_wconf 83' lang='lat' dir='ltr'><strong>est</strong></span> <span class='ocrx_word' id='word_1_73' title='bbox 1191 1106 1381 1158; x_wconf 85' lang='lat' dir='ltr'><strong>motus</strong></span> <span class='ocrx_word' id='word_1_74' title='bbox 1420 1098 1591 1158; x_wconf 85' lang='lat' dir='ltr'><strong>animi</strong></span> <span class='ocrx_word' id='word_1_75' title='bbox 1644 1114 1719 1156; x_wconf 82' lang='lat' dir='ltr'><strong>ex</strong></span> <span class='ocrx_word' id='word_1_76' title='bbox 1762 1095 2027 1174; x_wconf 85' lang='lat' dir='ltr'><strong>periculo</strong></span> <span class='ocrx_word' id='word_1_77' title='bbox 2058 1103 2253 1164; x_wconf 81' lang='lat' dir='ltr'><strong>certo;</strong></span> <span class='ocrx_word' id='word_1_78' title='bbox 2306 1111 2494 1174; x_wconf 77' lang='lat' dir='ltr'><strong>pavor</strong></span> 
     </span>
    </p>
   </div>
   <div class='ocr_carea' id='block_1_3' title="bbox 2676 0 2680 700">
    <p class='ocr_par' dir='ltr' id='par_1_6' title="bbox 2676 0 2680 700">
     <span class='ocr_line' id='line_1_11' title="bbox 2676 0 2680 700; baseline 0 0"><span class='ocrx_word' id='word_1_79' title='bbox 2676 0 2680 700; x_wconf 95' lang='lat' dir='ltr'><strong> </strong></span> 
     </span>
    </p>
   </div>
   <div class='ocr_carea' id='block_1_4' title="bbox 491 1175 2679 1276">
    <p class='ocr_par' dir='ltr' id='par_1_7' title="bbox 491 1175 2679 1276">
     <span class='ocr_line' id='line_1_12' title="bbox 491 1175 2679 1276; baseline -0.005 -32"><span class='ocrx_word' id='word_1_80' title='bbox 491 1191 582 1244; x_wconf 79' lang='lat' dir='ltr'><strong>est</strong></span> <span class='ocrx_word' id='word_1_81' title='bbox 613 1181 802 1242; x_wconf 86' lang='lat' dir='ltr'><strong>subita</strong></span> <span class='ocrx_word' id='word_1_82' title='bbox 833 1183 1044 1242; x_wconf 85' lang='lat' dir='ltr'><strong>mentis</strong></span> <span class='ocrx_word' id='word_1_83' title='bbox 1073 1181 1463 1243; x_wconf 74' lang='lat' dir='ltr'><strong>consternatio</strong></span> <span class='ocrx_word' id='word_1_84' title='bbox 1494 1197 1641 1258; x_wconf 85' lang='lat' dir='ltr'><strong>quae</strong></span> <span class='ocrx_word' id='word_1_85' title='bbox 1669 1175 1817 1240; x_wconf 81' lang='lat' dir='ltr'><strong>facit</strong></span> <span class='ocrx_word' id='word_1_86' title='bbox 1852 1178 2113 1258; x_wconf 84' lang='lat' dir='ltr'><strong>trepidos</strong></span> <span class='ocrx_word' id='word_1_87' title='bbox 2152 1197 2335 1258; x_wconf 79' lang='lat' dir='ltr'><strong>saepe</strong></span> <span class='ocrx_word' id='word_1_88' title='bbox 2357 1179 2491 1242; x_wconf 79' lang='lat' dir='ltr'><strong>siue</strong></span> <span class='ocrx_word' id='word_1_89' title='bbox 2512 1189 2565 1235; x_wconf 78' lang='grc' dir='ltr'><strong>ιο</strong></span> <span class='ocrx_word' id='word_1_90' title='bbox 2677 1219 2679 1276; x_wconf 62' lang='lat'>3</span> 
     </span>
    </p>
   </div>
   <div class='ocr_carea' id='block_1_5' title="bbox 489 1261 2493 1509">
    <p class='ocr_par' dir='ltr' id='par_1_8' title="bbox 489 1261 2493 1509">
     <span class='ocr_line' id='line_1_13' title="bbox 493 1261 2466 1345; baseline -0.002 -19"><span class='ocrx_word' id='word_1_91' title='bbox 493 1282 688 1341; x_wconf 82' lang='lat' dir='ltr'><strong>causa,</strong></span> <span class='ocrx_word' id='word_1_92' title='bbox 719 1273 782 1324; x_wconf 89' lang='lat' dir='ltr'><strong>ut</strong></span> <span class='ocrx_word' id='word_1_93' title='bbox 812 1273 947 1345; x_wconf 84' lang='lat' dir='ltr'><strong>puta</strong></span> <span class='ocrx_word' id='word_1_94' title='bbox 977 1265 1034 1322; x_wconf 87' lang='lat' dir='ltr'><strong>in</strong></span> <span class='ocrx_word' id='word_1_95' title='bbox 1061 1263 1210 1324; x_wconf 84' lang='lat' dir='ltr'><strong>silva</strong></span> <span class='ocrx_word' id='word_1_96' title='bbox 1241 1262 1465 1325; x_wconf 75' lang='lat' dir='ltr'><strong>subitus</strong></span> <span class='ocrx_word' id='word_1_97' title='bbox 1488 1265 1675 1326; x_wconf 83' lang='lat' dir='ltr'><strong>avium</strong></span> <span class='ocrx_word' id='word_1_98' title='bbox 1701 1271 1891 1326; x_wconf 85' lang='lat' dir='ltr'><strong>motus</strong></span> <span class='ocrx_word' id='word_1_99' title='bbox 1917 1261 2059 1329; x_wconf 82' lang='lat' dir='ltr'><strong>facit</strong></span> <span class='ocrx_word' id='word_1_100' title='bbox 2090 1262 2466 1341; x_wconf 80' lang='lat' dir='ltr'><strong>pavidos,et1</strong></span> 
     </span>
     <span class='ocr_line' id='line_1_14' title="bbox 491 1344 2491 1425; baseline -0.002 -17"><span class='ocrx_word' id='word_1_101' title='bbox 491 1367 580 1408; x_wconf 89' lang='lat' dir='ltr'><strong>am</strong></span> <span class='ocrx_word' id='word_1_102' title='bbox 605 1364 786 1425; x_wconf 85' lang='lat' dir='ltr'><strong>equus</strong></span> <span class='ocrx_word' id='word_1_103' title='bbox 814 1347 1020 1407; x_wconf 89' lang='lat' dir='ltr'><strong>dicitur</strong></span> <span class='ocrx_word' id='word_1_104' title='bbox 1034 1346 1278 1425; x_wconf 85' lang='lat' dir='ltr'><strong>pavidus</strong></span> <span class='ocrx_word' id='word_1_105' title='bbox 1301 1349 1397 1425; x_wconf 88' lang='lat' dir='ltr'><strong>qui</strong></span> <span class='ocrx_word' id='word_1_106' title='bbox 1421 1355 1577 1409; x_wconf 83' lang='lat' dir='ltr'><strong>tactu</strong></span> <span class='ocrx_word' id='word_1_107' title='bbox 1598 1345 1789 1408; x_wconf 77' lang='lat' dir='ltr'><strong>subito</strong></span> <span class='ocrx_word' id='word_1_108' title='bbox 1816 1344 2211 1414; x_wconf 60' lang='lat' dir='ltr'><strong>exhorreat-in</strong></span> <span class='ocrx_word' id='word_1_109' title='bbox 2240 1344 2491 1410; x_wconf 79' lang='lat' dir='ltr'><strong>formido</strong></span> 
     </span>
     <span class='ocr_line' id='line_1_15' title="bbox 489 1429 2493 1509; baseline -0.001 -18"><span class='ocrx_word' id='word_1_110' title='bbox 489 1432 575 1491; x_wconf 85' lang='lat' dir='ltr'><strong>rei</strong></span> <span class='ocrx_word' id='word_1_111' title='bbox 619 1447 832 1490; x_wconf 89' lang='lat' dir='ltr'><strong>nomen</strong></span> <span class='ocrx_word' id='word_1_112' title='bbox 861 1437 954 1490; x_wconf 85' lang='lat' dir='ltr'><strong>est</strong></span> <span class='ocrx_word' id='word_1_113' title='bbox 997 1447 1146 1508; x_wconf 85' lang='lat' dir='ltr'><strong>quae</strong></span> <span class='ocrx_word' id='word_1_114' title='bbox 1193 1439 1435 1509; x_wconf 79' lang='lat' dir='ltr'><strong>aspectu</strong></span> <span class='ocrx_word' id='word_1_115' title='bbox 1484 1429 1787 1490; x_wconf 83' lang='lat' dir='ltr'><strong>oculorum</strong></span> <span class='ocrx_word' id='word_1_116' title='bbox 1837 1437 2018 1489; x_wconf 88' lang='lat' dir='ltr'><strong>terret</strong></span> <span class='ocrx_word' id='word_1_117' title='bbox 2061 1430 2312 1507; x_wconf 87' lang='lat' dir='ltr'><strong>animos,</strong></span> <span class='ocrx_word' id='word_1_118' title='bbox 2343 1429 2493 1489; x_wconf 87' lang='lat' dir='ltr'><strong>utin</strong></span> 
     </span>
    </p>
   </div>
   <div class='ocr_carea' id='block_1_6' title="bbox 385 1511 1787 1592">
    <p class='ocr_par' dir='ltr' id='par_1_9' title="bbox 385 1511 1787 1592">
     <span class='ocr_line' id='line_1_16' title="bbox 385 1511 1787 1592; baseline -0.003 -18"><span class='ocrx_word' id='word_1_119' title='bbox 385 1521 390 1528; x_wconf 87' lang='lat'>&#39;</span> <span class='ocrx_word' id='word_1_120' title='bbox 491 1513 649 1574; x_wconf 90' lang='lat' dir='ltr'><strong>circo</strong></span> <span class='ocrx_word' id='word_1_121' title='bbox 682 1516 912 1592; x_wconf 82' lang='lat' dir='ltr'><strong>positae</strong></span> <span class='ocrx_word' id='word_1_122' title='bbox 939 1511 1166 1574; x_wconf 85' lang='lat' dir='ltr'><strong>bestiae</strong></span> <span class='ocrx_word' id='word_1_123' title='bbox 1189 1521 1409 1575; x_wconf 89' lang='lat' dir='ltr'><strong>terrent</strong></span> <span class='ocrx_word' id='word_1_124' title='bbox 1436 1521 1787 1592; x_wconf 76' lang='lat' dir='ltr'><strong>spectantes.</strong></span> 
     </span>
    </p>
   </div>
   <div class='ocr_carea' id='block_1_7' title="bbox 491 1594 2566 1990">
    <p class='ocr_par' dir='ltr' id='par_1_10' title="bbox 493 1594 2566 1760">
     <span class='ocr_line' id='line_1_17' title="bbox 613 1594 2566 1676; baseline -0.001 -20"><span class='ocrx_word' id='word_1_125' title='bbox 613 1595 842 1676; x_wconf 81' lang='lat' dir='ltr'><strong>Accipe</strong></span> <span class='ocrx_word' id='word_1_126' title='bbox 866 1598 963 1676; x_wconf 84' lang='lat' dir='ltr'><strong>qui</strong></span> <span class='ocrx_word' id='word_1_127' title='bbox 992 1596 1158 1675; x_wconf 80' lang='lat' dir='ltr'><strong>dicit,</strong></span> <span class='ocrx_word' id='word_1_128' title='bbox 1191 1596 1406 1676; x_wconf 83' lang='lat' dir='ltr'><strong>aliquid</strong></span> <span class='ocrx_word' id='word_1_129' title='bbox 1434 1597 1629 1666; x_wconf 86' lang='lat' dir='ltr'><strong>tradit;</strong></span> <span class='ocrx_word' id='word_1_130' title='bbox 1662 1596 1758 1675; x_wconf 82' lang='lat' dir='ltr'><strong>qui</strong></span> <span class='ocrx_word' id='word_1_131' title='bbox 1800 1594 1939 1656; x_wconf 80' lang='lat' dir='ltr'><strong>dicit</strong></span> <span class='ocrx_word' id='word_1_132' title='bbox 1977 1603 2133 1673; x_wconf 85' lang='lat' dir='ltr'><strong>tene,</strong></span> <span class='ocrx_word' id='word_1_133' title='bbox 2164 1603 2454 1657; x_wconf 84' lang='lat' dir='ltr'><strong>ammonet</strong></span> <span class='ocrx_word' id='word_1_134' title='bbox 2475 1616 2491 1663; x_wconf 85' lang='lat'>;</span> <span class='ocrx_word' id='word_1_135' title='bbox 2512 1594 2566 1635; x_wconf 82' lang='lat'><strong>¹⁵</strong></span> 
     </span>
     <span class='ocr_line' id='line_1_18' title="bbox 493 1680 1306 1760; baseline -0.001 -20"><span class='ocrx_word' id='word_1_136' title='bbox 493 1699 652 1742; x_wconf 88' lang='lat' dir='ltr'><strong>sume</strong></span> <span class='ocrx_word' id='word_1_137' title='bbox 685 1683 781 1760; x_wconf 83' lang='lat' dir='ltr'><strong>qui</strong></span> <span class='ocrx_word' id='word_1_138' title='bbox 811 1680 982 1758; x_wconf 86' lang='lat' dir='ltr'><strong>dicit,</strong></span> <span class='ocrx_word' id='word_1_139' title='bbox 1011 1682 1306 1758; x_wconf 86' lang='lat' dir='ltr'><strong>permittit.</strong></span> 
     </span>
    </p>

    <p class='ocr_par' dir='ltr' id='par_1_11' title="bbox 491 1761 2493 1990">
     <span class='ocr_line' id='line_1_19' title="bbox 622 1761 2493 1844; baseline -0.002 -20"><span class='ocrx_word' id='word_1_140' title='bbox 622 1764 850 1825; x_wconf 84' lang='lat' dir='ltr'><strong>Animal</strong></span> <span class='ocrx_word' id='word_1_141' title='bbox 886 1781 959 1826; x_wconf 86' lang='lat' dir='ltr'><strong>an</strong></span> <span class='ocrx_word' id='word_1_142' title='bbox 999 1764 1268 1844; x_wconf 84' lang='lat' dir='ltr'><strong>animale]</strong></span> <span class='ocrx_word' id='word_1_143' title='bbox 1312 1763 1718 1842; x_wconf 84' lang='lat' dir='ltr'><strong>Quaecumque</strong></span> <span class='ocrx_word' id='word_1_144' title='bbox 1755 1769 1958 1822; x_wconf 81' lang='lat' dir='ltr'><strong>neutra</strong></span> <span class='ocrx_word' id='word_1_145' title='bbox 2004 1761 2211 1842; x_wconf 84' lang='lat' dir='ltr'><strong>plurali</strong></span> <span class='ocrx_word' id='word_1_146' title='bbox 2250 1777 2493 1823; x_wconf 82' lang='lat' dir='ltr'><strong>numero</strong></span> 
     </span>
     <span class='ocr_line' id='line_1_20' title="bbox 491 1844 2493 1986; baseline -0 -79"><span class='ocrx_word' id='word_1_147' title='bbox 491 1851 550 1907; x_wconf 89' lang='lat' dir='ltr'><strong>in</strong></span> <span class='ocrx_word' id='word_1_148' title='bbox 603 1850 657 1908; x_wconf 84' lang='lat' dir='ltr'><strong>ia</strong></span> <span class='ocrx_word' id='word_1_149' title='bbox 678 1855 946 1986; x_wconf 76' lang='lat' dir='ltr'><strong>lexeunt,</strong></span> <span class='ocrx_word' id='word_1_150' title='bbox 1004 1865 1074 1906; x_wconf 84' lang='lat' dir='ltr'><strong>ea</strong></span> <span class='ocrx_word' id='word_1_151' title='bbox 1106 1847 1386 1925; x_wconf 78' lang='lat' dir='ltr'><strong>singulari</strong></span> <span class='ocrx_word' id='word_1_152' title='bbox 1431 1865 1465 1906; x_wconf 90' lang='lat' dir='ltr'><strong>e</strong></span> <span class='ocrx_word' id='word_1_153' title='bbox 1508 1847 1808 1922; x_wconf 80' lang='lat' dir='ltr'><strong>finiuntur,</strong></span> <span class='ocrx_word' id='word_1_154' title='bbox 1868 1854 1930 1905; x_wconf 91' lang='lat' dir='ltr'><strong>ut</strong></span> <span class='ocrx_word' id='word_1_155' title='bbox 1971 1844 2159 1908; x_wconf 79' lang='lat' dir='ltr'><strong>torale</strong></span> <span class='ocrx_word' id='word_1_156' title='bbox 2204 1845 2493 1909; x_wconf 79' lang='lat' dir='ltr'><strong>tribunale</strong></span> 
     </span>
     <span class='ocr_line' id='line_1_21' title="bbox 493 1947 756 1990; baseline -0.015 0"><span class='ocrx_word' id='word_1_157' title='bbox 493 1949 676 1990; x_wconf 86' lang='lat' dir='ltr'><strong>amma</strong></span> <span class='ocrx_word' id='word_1_158' title='bbox 702 1947 756 1987; x_wconf 91' lang='lat' dir='ltr'><strong>e.</strong></span> 
     </span>
    </p>
   </div>
   <div class='ocr_carea' id='block_1_8' title="bbox 2676 977 2680 1740">
    <p class='ocr_par' dir='ltr' id='par_1_12' title="bbox 2676 977 2680 1740">
     <span class='ocr_line' id='line_1_22' title="bbox 2676 977 2680 1740; baseline 0 0"><span class='ocrx_word' id='word_1_159' title='bbox 2676 977 2680 1740; x_wconf 95' lang='lat' dir='ltr'><strong> </strong></span> 
     </span>
    </p>
   </div>
   <div class='ocr_carea' id='block_1_9' title="bbox 535 2009 2679 2090">
    <p class='ocr_par' dir='ltr' id='par_1_13' title="bbox 535 2009 2679 2090">
     <span class='ocr_line' id='line_1_23' title="bbox 535 2009 2679 2090; baseline -0.004 -12"><span class='ocrx_word' id='word_1_160' title='bbox 535 2073 539 2078; x_wconf 89' lang='lat'><em>.</em></span> <span class='ocrx_word' id='word_1_161' title='bbox 615 2011 770 2072; x_wconf 77' lang='lat' dir='ltr'><strong>Meta</strong></span> <span class='ocrx_word' id='word_1_162' title='bbox 801 2011 1077 2071; x_wconf 87' lang='lat' dir='ltr'><strong>terminus</strong></span> <span class='ocrx_word' id='word_1_163' title='bbox 1101 2013 1228 2072; x_wconf 84' lang='lat' dir='ltr'><strong>finis</strong></span> <span class='ocrx_word' id='word_1_164' title='bbox 1260 2011 1395 2089; x_wconf 86' lang='lat' dir='ltr'><strong>quid</strong></span> <span class='ocrx_word' id='word_1_165' title='bbox 1430 2011 1716 2090; x_wconf 79' lang='lat' dir='ltr'><strong>differunt]</strong></span> <span class='ocrx_word' id='word_1_166' title='bbox 1752 2011 1879 2072; x_wconf 81' lang='lat' dir='ltr'><strong>linis</strong></span> <span class='ocrx_word' id='word_1_167' title='bbox 1907 2009 2057 2070; x_wconf 89' lang='lat' dir='ltr'><strong>tollit</strong></span> <span class='ocrx_word' id='word_1_168' title='bbox 2075 2010 2333 2088; x_wconf 81' lang='lat' dir='ltr'><strong>labores,</strong></span> <span class='ocrx_word' id='word_1_169' title='bbox 2357 2011 2490 2073; x_wconf 82' lang='lat' dir='ltr'><strong>linis</strong></span> <span class='ocrx_word' id='word_1_170' title='bbox 2506 2013 2561 2054; x_wconf 83' lang='lat'><strong>²⁰</strong></span> <span class='ocrx_word' id='word_1_171' title='bbox 2677 2055 2679 2082; x_wconf 85' lang='lat'>:</span> 
     </span>
    </p>
   </div>
   <div class='ocr_carea' id='block_1_10' title="bbox 475 2093 2575 3592">
    <p class='ocr_par' dir='ltr' id='par_1_14' title="bbox 493 2093 2494 2424">
     <span class='ocr_line' id='line_1_24' title="bbox 494 2093 2489 2174; baseline -0.002 -18"><span class='ocrx_word' id='word_1_172' title='bbox 494 2105 583 2156; x_wconf 84' lang='lat' dir='ltr'><strong>est</strong></span> <span class='ocrx_word' id='word_1_173' title='bbox 607 2095 788 2156; x_wconf 83' lang='lat' dir='ltr'><strong>officii</strong></span> <span class='ocrx_word' id='word_1_174' title='bbox 826 2097 1074 2155; x_wconf 86' lang='lat' dir='ltr'><strong>muneris</strong></span> <span class='ocrx_word' id='word_1_175' title='bbox 1107 2095 1448 2174; x_wconf 81' lang='lat' dir='ltr'><strong>potestatis,</strong></span> <span class='ocrx_word' id='word_1_176' title='bbox 1487 2103 1546 2154; x_wconf 92' lang='lat' dir='ltr'><strong>et</strong></span> <span class='ocrx_word' id='word_1_177' title='bbox 1571 2103 1763 2155; x_wconf 85' lang='lat' dir='ltr'><strong>terrae</strong></span> <span class='ocrx_word' id='word_1_178' title='bbox 1792 2094 1921 2154; x_wconf 83' lang='lat' dir='ltr'><strong>finis</strong></span> <span class='ocrx_word' id='word_1_179' title='bbox 1952 2093 2183 2163; x_wconf 85' lang='lat' dir='ltr'><strong>dicitur;</strong></span> <span class='ocrx_word' id='word_1_180' title='bbox 2213 2095 2489 2155; x_wconf 83' lang='lat' dir='ltr'><strong>terminus</strong></span> 
     </span>
     <span class='ocr_line' id='line_1_25' title="bbox 493 2177 2551 2259; baseline -0.002 -19"><span class='ocrx_word' id='word_1_181' title='bbox 493 2177 564 2240; x_wconf 90' lang='lat' dir='ltr'><strong>ab</strong></span> <span class='ocrx_word' id='word_1_182' title='bbox 614 2195 686 2240; x_wconf 89' lang='lat' dir='ltr'><strong>eo</strong></span> <span class='ocrx_word' id='word_1_183' title='bbox 733 2178 888 2259; x_wconf 80' lang='lat' dir='ltr'><strong>quod</strong></span> <span class='ocrx_word' id='word_1_184' title='bbox 937 2187 1149 2240; x_wconf 85' lang='lat' dir='ltr'><strong>terram</strong></span> <span class='ocrx_word' id='word_1_185' title='bbox 1193 2180 1405 2238; x_wconf 88' lang='lat' dir='ltr'><strong>minuat</strong></span> <span class='ocrx_word' id='word_1_186' title='bbox 1449 2187 1508 2238; x_wconf 91' lang='lat' dir='ltr'><strong>et</strong></span> <span class='ocrx_word' id='word_1_187' title='bbox 1548 2186 1739 2238; x_wconf 87' lang='lat' dir='ltr'><strong>terrae</strong></span> <span class='ocrx_word' id='word_1_188' title='bbox 1782 2178 1909 2240; x_wconf 75' lang='lat' dir='ltr'><strong>finis</strong></span> <span class='ocrx_word' id='word_1_189' title='bbox 1939 2184 2176 2246; x_wconf 86' lang='lat' dir='ltr'><strong>statuat;</strong></span> <span class='ocrx_word' id='word_1_190' title='bbox 2216 2186 2369 2238; x_wconf 86' lang='lat' dir='ltr'><strong>meta</strong></span> <span class='ocrx_word' id='word_1_191' title='bbox 2398 2185 2551 2237; x_wconf 70' lang='grc' dir='ltr'><strong>εει·</strong></span> 
     </span>
     <span class='ocr_line' id='line_1_26' title="bbox 495 2259 2494 2342; baseline 0 -20"><span class='ocrx_word' id='word_1_192' title='bbox 495 2279 642 2340; x_wconf 87' lang='lat' dir='ltr'><strong>quae</strong></span> <span class='ocrx_word' id='word_1_193' title='bbox 685 2264 880 2323; x_wconf 86' lang='lat' dir='ltr'><strong>incoat</strong></span> <span class='ocrx_word' id='word_1_194' title='bbox 909 2262 1154 2342; x_wconf 82' lang='lat' dir='ltr'><strong>spatium</strong></span> <span class='ocrx_word' id='word_1_195' title='bbox 1199 2270 1257 2323; x_wconf 84' lang='lat' dir='ltr'><strong>et</strong></span> <span class='ocrx_word' id='word_1_196' title='bbox 1301 2269 1541 2322; x_wconf 82' lang='lat' dir='ltr'><strong>revocat</strong></span> <span class='ocrx_word' id='word_1_197' title='bbox 1586 2270 1646 2320; x_wconf 90' lang='lat' dir='ltr'><strong>et</strong></span> <span class='ocrx_word' id='word_1_198' title='bbox 1703 2260 1846 2322; x_wconf 85' lang='lat' dir='ltr'><strong>eitra</strong></span> <span class='ocrx_word' id='word_1_199' title='bbox 1886 2277 2053 2340; x_wconf 81' lang='lat' dir='ltr'><strong>quam</strong></span> <span class='ocrx_word' id='word_1_200' title='bbox 2095 2259 2261 2322; x_wconf 80' lang='lat' dir='ltr'><strong>labor</strong></span> <span class='ocrx_word' id='word_1_201' title='bbox 2302 2269 2391 2324; x_wconf 76' lang='lat' dir='ltr'><strong>est</strong></span> <span class='ocrx_word' id='word_1_202' title='bbox 2432 2268 2494 2322; x_wconf 74' lang='lat' dir='ltr'><strong>et</strong></span> 
     </span>
     <span class='ocr_line' id='line_1_27' title="bbox 495 2345 1124 2424; baseline 0 -20"><span class='ocrx_word' id='word_1_203' title='bbox 495 2345 640 2406; x_wconf 86' lang='lat' dir='ltr'><strong>ultra</strong></span> <span class='ocrx_word' id='word_1_204' title='bbox 669 2363 836 2424; x_wconf 89' lang='lat' dir='ltr'><strong>quam</strong></span> <span class='ocrx_word' id='word_1_205' title='bbox 866 2362 981 2405; x_wconf 87' lang='lat' dir='ltr'><strong>non</strong></span> <span class='ocrx_word' id='word_1_206' title='bbox 1017 2354 1124 2404; x_wconf 86' lang='lat' dir='ltr'><strong>est.</strong></span> 
     </span>
    </p>

    <p class='ocr_par' dir='ltr' id='par_1_15' title="bbox 492 2425 2568 2671">
     <span class='ocr_line' id='line_1_28' title="bbox 617 2425 2568 2506; baseline -0.001 -19"><span class='ocrx_word' id='word_1_207' title='bbox 617 2428 792 2505; x_wconf 86' lang='lat' dir='ltr'><strong>Elige</strong></span> <span class='ocrx_word' id='word_1_208' title='bbox 825 2437 883 2487; x_wconf 89' lang='lat' dir='ltr'><strong>et</strong></span> <span class='ocrx_word' id='word_1_209' title='bbox 913 2427 1102 2505; x_wconf 84' lang='lat' dir='ltr'><strong>selige</strong></span> <span class='ocrx_word' id='word_1_210' title='bbox 1135 2427 1268 2506; x_wconf 87' lang='lat' dir='ltr'><strong>quid</strong></span> <span class='ocrx_word' id='word_1_211' title='bbox 1296 2426 1584 2505; x_wconf 84' lang='lat' dir='ltr'><strong>differant]</strong></span> <span class='ocrx_word' id='word_1_212' title='bbox 1624 2427 1855 2504; x_wconf 86' lang='lat' dir='ltr'><strong>eligitur</strong></span> <span class='ocrx_word' id='word_1_213' title='bbox 1900 2426 1954 2487; x_wconf 88' lang='lat' dir='ltr'><strong>id</strong></span> <span class='ocrx_word' id='word_1_214' title='bbox 1987 2425 2140 2505; x_wconf 78' lang='lat' dir='ltr'><strong>quod</strong></span> <span class='ocrx_word' id='word_1_215' title='bbox 2187 2435 2353 2495; x_wconf 80' lang='lat' dir='ltr'><strong>extra</strong></span> <span class='ocrx_word' id='word_1_216' title='bbox 2381 2441 2491 2504; x_wconf 88' lang='lat' dir='ltr'><strong>po·</strong></span> <span class='ocrx_word' id='word_1_217' title='bbox 2508 2436 2568 2478; x_wconf 73' lang='lat'><strong>²⁵</strong></span> 
     </span>
     <span class='ocr_line' id='line_1_29' title="bbox 493 2508 2491 2588; baseline 0.002 -20"><span class='ocrx_word' id='word_1_218' title='bbox 493 2511 642 2569; x_wconf 89' lang='lat' dir='ltr'><strong>nitur</strong></span> <span class='ocrx_word' id='word_1_219' title='bbox 669 2509 944 2586; x_wconf 87' lang='lat' dir='ltr'><strong>legendo,</strong></span> <span class='ocrx_word' id='word_1_220' title='bbox 977 2510 1239 2586; x_wconf 82' lang='lat' dir='ltr'><strong>seligitur</strong></span> <span class='ocrx_word' id='word_1_221' title='bbox 1275 2509 1428 2588; x_wconf 89' lang='lat' dir='ltr'><strong>quod</strong></span> <span class='ocrx_word' id='word_1_222' title='bbox 1458 2509 1668 2570; x_wconf 87' lang='lat' dir='ltr'><strong>lectum</strong></span> <span class='ocrx_word' id='word_1_223' title='bbox 1699 2527 1961 2569; x_wconf 88' lang='lat' dir='ltr'><strong>seorsum</strong></span> <span class='ocrx_word' id='word_1_224' title='bbox 1994 2511 2253 2588; x_wconf 76' lang='lat' dir='ltr'><strong>ponitur-3</strong></span> <span class='ocrx_word' id='word_1_225' title='bbox 2288 2508 2367 2569; x_wconf 85' lang='lat' dir='ltr'><strong>ita</strong></span> <span class='ocrx_word' id='word_1_226' title='bbox 2396 2527 2491 2572; x_wconf 85' lang='lat' dir='ltr'><strong>se·</strong></span> 
     </span>
     <span class='ocr_line' id='line_1_30' title="bbox 492 2591 2401 2671; baseline -0.001 -19"><span class='ocrx_word' id='word_1_227' title='bbox 492 2592 668 2652; x_wconf 87' lang='lat' dir='ltr'><strong>lectio</strong></span> <span class='ocrx_word' id='word_1_228' title='bbox 700 2601 791 2650; x_wconf 85' lang='lat' dir='ltr'><strong>est</strong></span> <span class='ocrx_word' id='word_1_229' title='bbox 823 2591 1126 2652; x_wconf 88' lang='lat' dir='ltr'><strong>cuiuslibet</strong></span> <span class='ocrx_word' id='word_1_230' title='bbox 1153 2595 1270 2670; x_wconf 85' lang='lat' dir='ltr'><strong>rei,</strong></span> <span class='ocrx_word' id='word_1_231' title='bbox 1323 2592 1535 2657; x_wconf 86' lang='lat' dir='ltr'><strong>electio</strong></span> <span class='ocrx_word' id='word_1_232' title='bbox 1563 2593 1789 2653; x_wconf 84' lang='lat' dir='ltr'><strong>nonnisi</strong></span> <span class='ocrx_word' id='word_1_233' title='bbox 1820 2609 2010 2652; x_wconf 86' lang='lat' dir='ltr'><strong>rerum</strong></span> <span class='ocrx_word' id='word_1_234' title='bbox 2041 2595 2401 2671; x_wconf 81' lang='lat' dir='ltr'><strong>optimarum.</strong></span> 
     </span>
    </p>

    <p class='ocr_par' dir='ltr' id='par_1_16' title="bbox 492 2673 2565 2920">
     <span class='ocr_line' id='line_1_31' title="bbox 613 2673 2489 2755; baseline 0.001 -21"><span class='ocrx_word' id='word_1_235' title='bbox 613 2673 798 2735; x_wconf 89' lang='lat' dir='ltr'><strong>Nemo</strong></span> <span class='ocrx_word' id='word_1_236' title='bbox 843 2683 898 2734; x_wconf 91' lang='lat' dir='ltr'><strong>et</strong></span> <span class='ocrx_word' id='word_1_237' title='bbox 941 2674 1129 2735; x_wconf 86' lang='lat' dir='ltr'><strong>nullus</strong></span> <span class='ocrx_word' id='word_1_238' title='bbox 1177 2675 1312 2754; x_wconf 87' lang='lat' dir='ltr'><strong>quid</strong></span> <span class='ocrx_word' id='word_1_239' title='bbox 1341 2675 1630 2753; x_wconf 80' lang='lat' dir='ltr'><strong>differant]</strong></span> <span class='ocrx_word' id='word_1_240' title='bbox 1674 2693 1845 2738; x_wconf 87' lang='lat' dir='ltr'><strong>nemo</strong></span> <span class='ocrx_word' id='word_1_241' title='bbox 1890 2675 1959 2736; x_wconf 87' lang='lat' dir='ltr'><strong>ad</strong></span> <span class='ocrx_word' id='word_1_242' title='bbox 2003 2691 2313 2755; x_wconf 84' lang='lat' dir='ltr'><strong>personam</strong></span> <span class='ocrx_word' id='word_1_243' title='bbox 2355 2693 2489 2755; x_wconf 86' lang='lat' dir='ltr'><strong>per-</strong></span> 
     </span>
     <span class='ocr_line' id='line_1_32' title="bbox 492 2758 2491 2836; baseline 0.001 -19"><span class='ocrx_word' id='word_1_244' title='bbox 492 2761 634 2818; x_wconf 89' lang='lat' dir='ltr'><strong>tinet</strong></span> <span class='ocrx_word' id='word_1_245' title='bbox 665 2767 1066 2836; x_wconf 81' lang='lat' dir='ltr'><strong>praesentem,</strong></span> <span class='ocrx_word' id='word_1_246' title='bbox 1115 2768 1175 2818; x_wconf 89' lang='lat' dir='ltr'><strong>at</strong></span> <span class='ocrx_word' id='word_1_247' title='bbox 1202 2759 1391 2819; x_wconf 88' lang='lat' dir='ltr'><strong>nullus</strong></span> <span class='ocrx_word' id='word_1_248' title='bbox 1418 2761 1475 2818; x_wconf 88' lang='lat' dir='ltr'><strong>in</strong></span> <span class='ocrx_word' id='word_1_249' title='bbox 1506 2767 1753 2836; x_wconf 84' lang='lat' dir='ltr'><strong>utroque</strong></span> <span class='ocrx_word' id='word_1_250' title='bbox 1788 2775 2045 2836; x_wconf 85' lang='lat' dir='ltr'><strong>genere,</strong></span> <span class='ocrx_word' id='word_1_251' title='bbox 2090 2758 2147 2817; x_wconf 89' lang='lat' dir='ltr'><strong>id</strong></span> <span class='ocrx_word' id='word_1_252' title='bbox 2176 2758 2491 2819; x_wconf 81' lang='lat' dir='ltr'><strong>estuullus</strong></span> 
     </span>
     <span class='ocr_line' id='line_1_33' title="bbox 495 2841 2565 2920; baseline 0.001 -19"><span class='ocrx_word' id='word_1_253' title='bbox 495 2859 702 2920; x_wconf 76' lang='lat' dir='ltr'><strong>equuS,</strong></span> <span class='ocrx_word' id='word_1_254' title='bbox 733 2841 926 2902; x_wconf 83' lang='lat' dir='ltr'><strong>nullus</strong></span> <span class='ocrx_word' id='word_1_255' title='bbox 950 2842 1144 2903; x_wconf 90' lang='lat' dir='ltr'><strong>homo.</strong></span> <span class='ocrx_word' id='word_1_256' title='bbox 2506 2861 2565 2903; x_wconf 73' lang='lat' dir='ltr'><strong>e·</strong></span> 
     </span>
    </p>

    <p class='ocr_par' dir='ltr' id='par_1_17' title="bbox 475 2923 2575 3336">
     <span class='ocr_line' id='line_1_34' title="bbox 617 2923 2493 3004; baseline 0 -20"><span class='ocrx_word' id='word_1_257' title='bbox 617 2923 776 2986; x_wconf 89' lang='lat' dir='ltr'><strong>Inter</strong></span> <span class='ocrx_word' id='word_1_258' title='bbox 797 2925 1070 2986; x_wconf 79' lang='lat' dir='ltr'><strong>obsecrat</strong></span> <span class='ocrx_word' id='word_1_259' title='bbox 1097 2925 1421 2986; x_wconf 82' lang='lat' dir='ltr'><strong>obtestatur</strong></span> <span class='ocrx_word' id='word_1_260' title='bbox 1454 2934 1512 2985; x_wconf 90' lang='lat' dir='ltr'><strong>et</strong></span> <span class='ocrx_word' id='word_1_261' title='bbox 1542 2925 1691 3004; x_wconf 72' lang='lat' dir='ltr'><strong>orat]</strong></span> <span class='ocrx_word' id='word_1_262' title='bbox 1739 2923 2015 2986; x_wconf 77' lang='lat' dir='ltr'><strong>obsecrat</strong></span> <span class='ocrx_word' id='word_1_263' title='bbox 2056 2925 2152 3003; x_wconf 88' lang='lat' dir='ltr'><strong>qui</strong></span> <span class='ocrx_word' id='word_1_264' title='bbox 2200 2942 2307 3004; x_wconf 80' lang='lat' dir='ltr'><strong>per</strong></span> <span class='ocrx_word' id='word_1_265' title='bbox 2338 2941 2493 3004; x_wconf 85' lang='lat' dir='ltr'><strong>opes</strong></span> 
     </span>
     <span class='ocr_line' id='line_1_35' title="bbox 494 3008 2491 3088; baseline 0 -20"><span class='ocrx_word' id='word_1_266' title='bbox 494 3026 694 3069; x_wconf 82' lang='lat' dir='ltr'><strong>sacras</strong></span> <span class='ocrx_word' id='word_1_267' title='bbox 740 3017 947 3086; x_wconf 74' lang='lat' dir='ltr'><strong>rogat:</strong></span> <span class='ocrx_word' id='word_1_268' title='bbox 1000 3008 1320 3070; x_wconf 75' lang='lat' dir='ltr'><strong>obtestatur</strong></span> <span class='ocrx_word' id='word_1_269' title='bbox 1366 3010 1461 3088; x_wconf 82' lang='lat' dir='ltr'><strong>qui</strong></span> <span class='ocrx_word' id='word_1_270' title='bbox 1508 3009 1621 3068; x_wconf 81' lang='lat' dir='ltr'><strong>fide</strong></span> <span class='ocrx_word' id='word_1_271' title='bbox 1671 3008 1862 3086; x_wconf 80' lang='lat' dir='ltr'><strong>aliqua</strong></span> <span class='ocrx_word' id='word_1_272' title='bbox 1902 3009 2249 3088; x_wconf 76' lang='lat' dir='ltr'><strong>interposita</strong></span> <span class='ocrx_word' id='word_1_273' title='bbox 2297 3017 2491 3085; x_wconf 87' lang='lat' dir='ltr'><strong>rogat,</strong></span> 
     </span>
     <span class='ocr_line' id='line_1_36' title="bbox 494 3091 2495 3171; baseline 0 -20"><span class='ocrx_word' id='word_1_274' title='bbox 494 3095 658 3168; x_wconf 86' lang='lat' dir='ltr'><strong>quasi</strong></span> <span class='ocrx_word' id='word_1_275' title='bbox 690 3101 895 3152; x_wconf 86' lang='lat' dir='ltr'><strong>testem</strong></span> <span class='ocrx_word' id='word_1_276' title='bbox 924 3091 1218 3154; x_wconf 81' lang='lat' dir='ltr'><strong>habiturus</strong></span> <span class='ocrx_word' id='word_1_277' title='bbox 1251 3092 1498 3171; x_wconf 87' lang='lat' dir='ltr'><strong>aliquem</strong></span> <span class='ocrx_word' id='word_1_278' title='bbox 1530 3109 1772 3170; x_wconf 80' lang='lat' dir='ltr'><strong>precum</strong></span> <span class='ocrx_word' id='word_1_279' title='bbox 1801 3109 2059 3160; x_wconf 76' lang='lat' dir='ltr'><strong>suarum3</strong></span> <span class='ocrx_word' id='word_1_280' title='bbox 2099 3100 2226 3154; x_wconf 86' lang='lat' dir='ltr'><strong>orat</strong></span> <span class='ocrx_word' id='word_1_281' title='bbox 2258 3092 2355 3170; x_wconf 85' lang='lat' dir='ltr'><strong>qui</strong></span> <span class='ocrx_word' id='word_1_282' title='bbox 2400 3093 2495 3151; x_wconf 85' lang='lat' dir='ltr'><strong>sic</strong></span> 
     </span>
     <span class='ocr_line' id='line_1_37' title="bbox 475 3174 2491 3252; baseline 0 -19"><span class='ocrx_word' id='word_1_283' title='bbox 475 3184 663 3250; x_wconf 80' lang='lat' dir='ltr'><strong>-rcgat</strong></span> <span class='ocrx_word' id='word_1_284' title='bbox 690 3185 752 3236; x_wconf 83' lang='lat' dir='ltr'><strong>ut</strong></span> <span class='ocrx_word' id='word_1_285' title='bbox 777 3184 1010 3237; x_wconf 85' lang='lat' dir='ltr'><strong>moveat</strong></span> <span class='ocrx_word' id='word_1_286' title='bbox 1039 3176 1250 3238; x_wconf 81' lang='lat' dir='ltr'><strong>affectu</strong></span> <span class='ocrx_word' id='word_1_287' title='bbox 1279 3176 1537 3239; x_wconf 79' lang='lat' dir='ltr'><strong>animum.</strong></span> <span class='ocrx_word' id='word_1_288' title='bbox 1600 3174 1769 3236; x_wconf 85' lang='lat' dir='ltr'><strong>Unde</strong></span> <span class='ocrx_word' id='word_1_289' title='bbox 1795 3183 1853 3236; x_wconf 92' lang='lat' dir='ltr'><strong>et</strong></span> <span class='ocrx_word' id='word_1_290' title='bbox 1887 3183 2177 3252; x_wconf 77' lang='lat' dir='ltr'><strong>oratores,</strong></span> <span class='ocrx_word' id='word_1_291' title='bbox 2202 3174 2301 3252; x_wconf 76' lang='lat' dir='ltr'><strong>qui·</strong></span> <span class='ocrx_word' id='word_1_292' title='bbox 2322 3177 2491 3252; x_wconf 78' lang='lat' dir='ltr'><strong>quasi</strong></span> 
     </span>
     <span class='ocr_line' id='line_1_38' title="bbox 492 3259 2575 3336; baseline 0.001 -20"><span class='ocrx_word' id='word_1_293' title='bbox 492 3259 716 3318; x_wconf 75' lang='lat' dir='ltr'><strong>ratione</strong></span> <span class='ocrx_word' id='word_1_294' title='bbox 745 3261 862 3320; x_wconf 89' lang='lat' dir='ltr'><strong>oris</strong></span> <span class='ocrx_word' id='word_1_295' title='bbox 892 3268 1206 3336; x_wconf 31' lang='lat' dir='ltr'><strong>exponant..</strong></span> <span class='ocrx_word' id='word_1_296' title='bbox 2508 3265 2575 3308; x_wconf 76' lang='lat'><strong>8⁵</strong></span> 
     </span>
    </p>

    <p class='ocr_par' dir='ltr' id='par_1_18' title="bbox 493 3338 2491 3592">
     <span class='ocr_line' id='line_1_39' title="bbox 617 3338 2489 3420; baseline 0.002 -20"><span class='ocrx_word' id='word_1_297' title='bbox 617 3338 774 3405; x_wconf 82' lang='lat' dir='ltr'><strong>Inter</strong></span> <span class='ocrx_word' id='word_1_298' title='bbox 807 3341 1104 3405; x_wconf 84' lang='lat' dir='ltr'><strong>delubrum</strong></span> <span class='ocrx_word' id='word_1_299' title='bbox 1147 3342 1421 3420; x_wconf 81' lang='lat' dir='ltr'><strong>templum</strong></span> <span class='ocrx_word' id='word_1_300' title='bbox 1462 3342 1737 3404; x_wconf 82' lang='lat' dir='ltr'><strong>sacellum</strong></span> <span class='ocrx_word' id='word_1_301' title='bbox 1766 3341 1956 3405; x_wconf 76' lang='lat' dir='ltr'><strong>sanum</strong></span> <span class='ocrx_word' id='word_1_302' title='bbox 1999 3351 2057 3402; x_wconf 88' lang='lat' dir='ltr'><strong>et</strong></span> <span class='ocrx_word' id='word_1_303' title='bbox 2098 3341 2353 3419; x_wconf 61' lang='lat' dir='ltr'><strong>adytim]</strong></span> <span class='ocrx_word' id='word_1_304' title='bbox 2388 3341 2489 3404; x_wconf 74' lang='lat' dir='ltr'><strong>de-</strong></span> 
     </span>
     <span class='ocr_line' id='line_1_40' title="bbox 493 3421 2491 3503; baseline 0.002 -22"><span class='ocrx_word' id='word_1_305' title='bbox 493 3421 717 3482; x_wconf 87' lang='lat' dir='ltr'><strong>lubrum</strong></span> <span class='ocrx_word' id='word_1_306' title='bbox 749 3431 838 3482; x_wconf 90' lang='lat' dir='ltr'><strong>est</strong></span> <span class='ocrx_word' id='word_1_307' title='bbox 870 3423 1024 3500; x_wconf 87' lang='lat' dir='ltr'><strong>quod</strong></span> <span class='ocrx_word' id='word_1_308' title='bbox 1063 3424 1177 3484; x_wconf 89' lang='lat' dir='ltr'><strong>deo</strong></span> <span class='ocrx_word' id='word_1_309' title='bbox 1209 3425 1462 3486; x_wconf 89' lang='lat' dir='ltr'><strong>debitum</strong></span> <span class='ocrx_word' id='word_1_310' title='bbox 1491 3426 1691 3495; x_wconf 88' lang='lat' dir='ltr'><strong>luitur;</strong></span> <span class='ocrx_word' id='word_1_311' title='bbox 1733 3425 2008 3503; x_wconf 88' lang='lat' dir='ltr'><strong>templum</strong></span> <span class='ocrx_word' id='word_1_312' title='bbox 2040 3425 2198 3503; x_wconf 88' lang='lat' dir='ltr'><strong>quod</strong></span> <span class='ocrx_word' id='word_1_313' title='bbox 2232 3433 2491 3486; x_wconf 85' lang='lat' dir='ltr'><strong>contem·</strong></span> 
     </span>
     <span class='ocr_line' id='line_1_41' title="bbox 495 3505 2491 3592; baseline 0.001 -27"><span class='ocrx_word' id='word_1_314' title='bbox 495 3505 668 3584; x_wconf 75' lang='lat' dir='ltr'><strong>pletis</strong></span> <span class='ocrx_word' id='word_1_315' title='bbox 697 3506 934 3568; x_wconf 84' lang='lat' dir='ltr'><strong>aedibus</strong></span> <span class='ocrx_word' id='word_1_316' title='bbox 954 3507 1254 3578; x_wconf 83' lang='lat' dir='ltr'><strong>intramus;</strong></span> <span class='ocrx_word' id='word_1_317' title='bbox 1288 3508 1565 3572; x_wconf 82' lang='lat' dir='ltr'><strong>sacellum</strong></span> <span class='ocrx_word' id='word_1_318' title='bbox 1577 3509 1743 3570; x_wconf 84' lang='lat' dir='ltr'><strong>loeus</strong></span> <span class='ocrx_word' id='word_1_319' title='bbox 1756 3507 2025 3588; x_wconf 76' lang='lat' dir='ltr'><strong>publicus</strong></span> <span class='ocrx_word' id='word_1_320' title='bbox 2049 3524 2220 3572; x_wconf 74' lang='lat' dir='ltr'><strong>sacra</strong></span> <span class='ocrx_word' id='word_1_321' title='bbox 2244 3506 2491 3592; x_wconf 73' lang='lat' dir='ltr'><strong>babens,</strong></span> 
     </span>
    </p>
   </div>
   <div class='ocr_carea' id='block_1_11' title="bbox 2674 2155 2682 3482">
    <p class='ocr_par' dir='ltr' id='par_1_19' title="bbox 2674 2155 2682 3482">
     <span class='ocr_line' id='line_1_42' title="bbox 2674 2155 2682 3482; baseline 0 0"><span class='ocrx_word' id='word_1_322' title='bbox 2674 2155 2682 3482; x_wconf 95' lang='lat' dir='ltr'><strong> </strong></span> 
     </span>
    </p>
   </div>
  </div>
 </body>
</html>
