2700 4234
459 271 468 278 ’
546 289 666 351 146
728 300 789 348 ο.
817 299 1118 349 sumom
1153 301 1409 361 TRANQ.
1438 299 1535 347 nn
1564 300 1732 348 vrrA
1764 299 2130 348 CAESARUM
2158 301 2299 347 ΜΒ.
2325 301 2448 349 1111.

543 455 814 518 auxilium
841 463 1321 531 accucurrerunt,
1376 471 1515 514 mox
1542 453 1811 516 Germani
1844 455 2111 534 corporis
2138 453 2429 531 custodes,
2475 472 2533 514 ac

541 539 852 602 nonnullos
905 557 984 600 ex
1033 537 1513 619 percussoribus,
1569 538 1849 617 quosdam
1902 541 2071 600 etiam
2124 547 2428 600 senatores
2464 539 2531 598 in·
2623 577 2624 582 κ

541 626 752 686 noxios
781 626 1216 684 interemerunt.

457 719 524 774 59
668 710 830 768 Vixit
859 709 1022 768 annis
1051 708 1255 783 viginti
1291 722 1537 782 novem,
1601 706 1909 784 imperavit
1950 708 2199 767 triennio
2255 715 2316 766 et
2352 705 2534 766 decem

539 791 834 853 mensibus
877 791 1196 870 diebusque
1232 799 1391 851 octo.
1482 787 1749 850 Cadaver
1778 790 1902 850 eius
1936 789 2083 851 clam
2120 793 2177 850 in
2209 790 2415 851 hortos
2444 789 2567 848 Lau

539 879 762 937 mianos
797 884 1186 954 asportatum,
1249 883 1307 934 et
1350 873 1717 934 tumultuario
1749 891 1901 952 rogo
1943 875 2411 936 semiambustum
2436 874 2535 932 levi

543 962 805 1038 caespite
840 959 1106 1020 obrutum
1137 967 1258 1033 est,
1309 965 1519 1037 postea
1546 975 1655 1037 per
1672 974 1925 1018 -sorores
1956 958 2031 1018 ab
2064 960 2247 1020 exilio
2289 975 2534 1020 reversas
2623 1013 2624 1028 ,

541 1052 762 1105 erutum
791 1052 854 1116 et
883 1052 1196 1104 crematum
1223 1041 1646 1121 sepultumque.
1711 1042 1865 1101 Satis
1909 1051 2161 1119 constat,
2196 1045 2361 1122 prius
2394 1058 2534 1122 quam
2623 1033 2624 1042 ’

540 1128 598 1189 id
641 1129 809 1188 lieret
841 1128 1142 1188 hortorum
1179 1125 1456 1185 custodes
1497 1125 1712 1186 umbris
1755 1127 2133 1204 inquietatos3
2198 1129 2261 1187 in
2307 1145 2375 1188 ea
2416 1141 2531 1205 quo-

541 1231 654 1294 que
699 1211 909 1286 dom0‚
969 1214 1028 1276 in
1071 1228 1184 1290 qua
1228 1209 1602 1286 occubuerit,
1658 1207 1869 1270 nullam
1904 1219 2141 1272 noctem
2192 1213 2321 1272 sine
2363 1211 2526 1290 aliquo
2543 1218 2579 1259 10

538 1306 768 1356 terrore
814 1303 1196 1370 transactam,
1252 1293 1441 1355 donec
1486 1296 1615 1373 ipsa
1652 1293 1857 1354 domus
1898 1294 2169 1355 incendio
2220 1302 2530 1373 consumpta

541 1382 632 1439 sit.
721 1379 879 1438 Perit
925 1396 1035 1439 una
1085 1387 1146 1438 et
1198 1395 1344 1438 uxor
1376 1376 1664 1438 Caesonia
1710 1377 1908 1455 gladio
1952 1395 1986 1438 a
2034 1381 2381 1441 centurione
2422 1395 2529 1439 con-

538 1464 733 1538 fossa,
777 1471 836 1522 et
867 1462 984 1524 filia
1014 1465 1220 1542 parieti
1249 1463 1439 1523 inlisa.

456 1555 524 1609 60
665 1545 1070 1608 Conditionem
1100 1557 1423 1626 temporum
1452 1545 1687 1606 illorum
1710 1544 1881 1606 etiam
1922 1563 2033 1624 per
2070 1537 2219 1608 haec
2257 1548 2533 1608 aestimare

540 1633 727 1713 quivis
757 1635 963 1712 possit.
1023 1631 1178 1692 ‘Nam
1205 1648 1400 1709 neque
1432 1629 1612 1691 caede
1642 1629 1877 1706 vulgata
1908 1630 2097 1690 statim
2131 1631 2413 1692 creditum
2438 1637 2581 1703 cst,1⁵

538 1718 760 1795 fuitque
816 1717 1092 1796 suspitio,
1155 1715 1226 1776 ab
1269 1718 1401 1794 ipso
1446 1713 1591 1776 Gaio
1633 1714 1841 1774 famam
1884 1712 2083 1774 caedis
2133 1715 2455 1776 simulatam
2488 1720 2533 1771 et

541 1804 840 1876 emissam,
901 1809 962 1861 ut
1007 1817 1079 1860 eo
1127 1808 1301 1878 pacto
1332 1798 1623 1858 hominum
1664 1815 1809 1874 erga
1850 1815 1915 1858 se
1962 1806 2187 1860 mentes
2234 1799 2530 1880 deprehen-

541 1884 733 1952 deret;
795 1901 986 1961 neque
1018 1883 1300 1943 coniurati
1346 1884 1609 1960 cuiquam
1644 1883 1943 1960 imperium
1984 1881 2447 1952 destinaverunt;
2487 1888 2533 1940 et

541 1975 774 2027 senatus
805 1968 862 2026 in
915 1966 1230 2027 asserenda
1272 1965 1543 2027 libertate
1586 1965 1735 2026 adeo
1778 1967 2108 2042 consensit,
2173 1975 2237 2026 ut
2282 1965 2530 2028 consules

542 2051 728 2130 primo
775 2066 890 2110 non
933 2051 992 2110 in
1028 2053 1271 2127 curiam,
1332 2051 1467 2127 quia
1518 2048 1663 2110 Iulia
1720 2049 2073 2128 vocabatur,
2134 2050 2241 2112 sed
2281 2052 2341 2111 in
2383 2048 2579 2128 Capi-2⁰

540 2133 738 2195 tolium
774 2135 1176 2212 convocarint,
1231 2133 1460 2212 quidam
1495 2152 1639 2194 vero
1676 2134 1999 2194 sententiae
2032 2135 2169 2196 loco
2206 2132 2532 2196 abolendam

543 2216 854 2280 Caesarum
882 2220 1217 2280 memoriam
1247 2235 1318 2278 ac
1358 2217 1637 2279 diruenda
1666 2216 1883 2297 templa
1917 2220 2271 2280 censuerint.
2342 2217 2530 2280 Obser-

541 2312 732 2364 vatum
789 2313 977 2364 autem
1033 2312 1401 2382 notatumque
1438 2311 1530 2362 est
1582 2304 1641 2361 in
1690 2301 1919 2381 primis,
1986 2300 2279 2364 Caesares
2330 2317 2529 2373 omnes,

542 2387 747 2467 quibus
795 2387 898 2450 Gai
948 2405 1303 2466 praenomen
1353 2387 1555 2463 fuerit,
1605 2386 1764 2446 ferro
1820 2385 2085 2465 perisse,
2146 2387 2259 2450 iam
2302 2383 2433 2448 inde
2470 2379 2529 2442 ab

542 2488 650 2549 eo,
709 2473 803 2551 qui
839 2470 1112 2533 Cinnanis
1141 2469 1499 2550 temporibus
1528 2471 1601 2530 sit
1630 2471 1883 2532 occisus.
