<?xml version="1.0" encoding="UTF-8"?>
<!DOCTYPE html PUBLIC "-//W3C//DTD XHTML 1.0 Transitional//EN"
    "http://www.w3.org/TR/xhtml1/DTD/xhtml1-transitional.dtd">
<html xmlns="http://www.w3.org/1999/xhtml" xml:lang="en" lang="en">
 <head>
  <title>
</title>
<meta http-equiv="Content-Type" content="text/html;charset=utf-8" />
  <meta name='ocr-system' content='tesseract 3.04.00' />
  <meta name='ocr-capabilities' content='ocr_page ocr_carea ocr_par ocr_line ocrx_word'/>
</head>
<body>
  <div class='ocr_page' id='page_1' title='image "./csuetonitranqui05rothgoog_0396.png"; bbox 0 0 2700 4234; ppageno 0'>
   <div class='ocr_carea' id='block_1_1' title="bbox 437 288 1891 357">
    <p class='ocr_par' dir='ltr' id='par_1_1' title="bbox 437 288 1891 357">
     <span class='ocr_line' id='line_1_1' title="bbox 437 288 1891 357; baseline -0.006 -4"><span class='ocrx_word' id='word_1_1' title='bbox 437 288 562 355; x_wconf 79' lang='lat'><strong><em>286</em></strong></span> <span class='ocrx_word' id='word_1_2' title='bbox 989 298 1051 347; x_wconf 89' lang='lat' dir='ltr'><strong><em>c.</em></strong></span> <span class='ocrx_word' id='word_1_3' title='bbox 1095 298 1423 347; x_wconf 74' lang='lat' dir='ltr'><strong>summm</strong></span> <span class='ocrx_word' id='word_1_4' title='bbox 1464 296 1891 357; x_wconf 70' lang='lat' dir='ltr'><strong>mmnqumm</strong></span> 
     </span>
    </p>
   </div>
   <div class='ocr_carea' id='block_1_2' title="bbox 439 450 2494 936">
    <p class='ocr_par' dir='ltr' id='par_1_2' title="bbox 579 450 1723 535">
     <span class='ocr_line' id='line_1_2' title="bbox 579 450 1723 535; baseline -0.004 -30"><span class='ocrx_word' id='word_1_5' title='bbox 579 456 661 506; x_wconf 75' lang='lat' dir='ltr'><strong><em>Ad</em></strong></span> <span class='ocrx_word' id='word_1_6' title='bbox 685 455 928 505; x_wconf 74' lang='lat' dir='ltr'><strong><em>amissam</em></strong></span> <span class='ocrx_word' id='word_1_7' title='bbox 957 454 1072 504; x_wconf 84' lang='lat' dir='ltr'>libri</span> <span class='ocrx_word' id='word_1_8' title='bbox 1095 450 1460 533; x_wconf 75' lang='lat' dir='ltr'><strong>praefationem</strong></span> <span class='ocrx_word' id='word_1_9' title='bbox 1476 453 1723 535; x_wconf 82' lang='lat' dir='ltr'><strong>pertinet.</strong></span> 
     </span>
    </p>

    <p class='ocr_par' dir='ltr' id='par_1_3' title="bbox 439 511 2451 936">
     <span class='ocr_line' id='line_1_3' title="bbox 573 511 2451 618; baseline -0.003 -34"><span class='ocrx_word' id='word_1_10' title='bbox 573 514 1001 603; x_wconf 81' lang='grc' dir='ltr'><strong><em>Τράγκυλλος</em></strong></span> <span class='ocrx_word' id='word_1_11' title='bbox 1029 540 1186 592; x_wconf 86' lang='grc' dir='ltr'><strong><em>τους</em></strong></span> <span class='ocrx_word' id='word_1_12' title='bbox 1213 517 1346 581; x_wconf 73' lang='grc' dir='ltr'><strong><em>τῶν</em></strong></span> <span class='ocrx_word' id='word_1_13' title='bbox 1343 512 1732 618; x_wconf 78' lang='grc' dir='ltr'><strong><em>Καισάρων</em></strong></span> <span class='ocrx_word' id='word_1_14' title='bbox 1757 521 1950 616; x_wconf 80' lang='grc' dir='ltr'><strong><em>βίους</em></strong></span> <span class='ocrx_word' id='word_1_15' title='bbox 1970 515 2044 581; x_wconf 81' lang='grc' dir='ltr'><strong><em>ἐν</em></strong></span> <span class='ocrx_word' id='word_1_16' title='bbox 2066 511 2451 614; x_wconf 79' lang='grc' dir='ltr'><strong><em>γράμμασιν</em></strong></span> 
     </span>
     <span class='ocr_line' id='line_1_4' title="bbox 439 587 2449 705; baseline -0.003 -35"><span class='ocrx_word' id='word_1_17' title='bbox 439 599 780 670; x_wconf 75' lang='grc' dir='ltr'><strong><em>ἀποτίνων</em></strong></span> <span class='ocrx_word' id='word_1_18' title='bbox 807 604 1174 704; x_wconf 69' lang='grc' dir='ltr'><strong><em>Σεπτικίω,</em></strong></span> <span class='ocrx_word' id='word_1_19' title='bbox 1217 594 1288 675; x_wconf 78' lang='grc' dir='ltr'><strong><em>ὃς</em></strong></span> <span class='ocrx_word' id='word_1_20' title='bbox 1325 587 1414 683; x_wconf 83' lang='grc' dir='ltr'><strong><em>ἦν</em></strong></span> <span class='ocrx_word' id='word_1_21' title='bbox 1440 594 1735 705; x_wconf 74' lang='grc' dir='ltr'><strong><em>ὕπαρχος</em></strong></span> <span class='ocrx_word' id='word_1_22' title='bbox 1762 624 1897 667; x_wconf 83' lang='grc' dir='ltr'><strong><em>των</em></strong></span> <span class='ocrx_word' id='word_1_23' title='bbox 1932 599 2449 698; x_wconf 74' lang='grc' dir='ltr'><strong><em>πραιτωριανῶν</em></strong></span> 
     </span>
     <span class='ocr_line' id='line_1_5' title="bbox 442 666 2451 788; baseline -0.004 -35"><span class='ocrx_word' id='word_1_24' title='bbox 442 686 733 771; x_wconf 77' lang='grc' dir='ltr'><strong><em>σπειρῶν</em></strong></span> <span class='ocrx_word' id='word_1_25' title='bbox 763 679 867 749; x_wconf 75' lang='grc' dir='ltr'><strong><em>ἐπ’</em></strong></span> <span class='ocrx_word' id='word_1_26' title='bbox 905 666 1152 766; x_wconf 79' lang='grc' dir='ltr'><strong><em>αὐτου,</em></strong></span> <span class='ocrx_word' id='word_1_27' title='bbox 1185 688 1617 787; x_wconf 86' lang='grc' dir='ltr'><strong><em>πραίφεκτον</em></strong></span> <span class='ocrx_word' id='word_1_28' title='bbox 1632 678 1847 751; x_wconf 80' lang='grc' dir='ltr'><strong><em>αὐτὸν</em></strong></span> <span class='ocrx_word' id='word_1_29' title='bbox 1868 685 2003 749; x_wconf 73' lang='grc' dir='ltr'><strong><em>τῶν</em></strong></span> <span class='ocrx_word' id='word_1_30' title='bbox 2040 704 2451 788; x_wconf 65' lang='grc' dir='ltr'><strong><em>πραιτωρια·</em></strong></span> 
     </span>
     <span class='ocr_line' id='line_1_6' title="bbox 441 760 2494 853; baseline -0.003 -15"><span class='ocrx_word' id='word_1_31' title='bbox 441 773 580 838; x_wconf 73' lang='grc' dir='ltr'><strong><em>νῶν</em></strong></span> <span class='ocrx_word' id='word_1_32' title='bbox 622 765 974 853; x_wconf 77' lang='grc' dir='ltr'><strong><em>ταγμάτων</em></strong></span> <span class='ocrx_word' id='word_1_33' title='bbox 1015 767 1126 833; x_wconf 81' lang='grc' dir='ltr'><strong><em>καὶ</em></strong></span> <span class='ocrx_word' id='word_1_34' title='bbox 1170 764 1540 853; x_wconf 73' lang='grc' dir='ltr'><strong><em>φαλάγγων</em></strong></span> <span class='ocrx_word' id='word_1_35' title='bbox 1578 760 1874 853; x_wconf 80' lang='grc' dir='ltr'><strong><em>ἡγεμόνα</em></strong></span> <span class='ocrx_word' id='word_1_36' title='bbox 1904 790 2262 851; x_wconf 81' lang='grc' dir='ltr'><strong><em>τυγχανειν</em></strong></span> <span class='ocrx_word' id='word_1_37' title='bbox 2291 768 2494 850; x_wconf 66' lang='grc' dir='ltr'><strong><em>ἕδη-5</em></strong></span> 
     </span>
     <span class='ocr_line' id='line_1_7' title="bbox 441 852 2443 936; baseline -0.003 -15"><span class='ocrx_word' id='word_1_38' title='bbox 441 861 678 921; x_wconf 87' lang='grc' dir='ltr'><strong><em>λωσεν.</em></strong></span> <span class='ocrx_word' id='word_1_39' title='bbox 748 855 1019 918; x_wconf 76' lang='lat' dir='ltr'><strong>Ioannes</strong></span> <span class='ocrx_word' id='word_1_40' title='bbox 1063 852 1441 918; x_wconf 69' lang='lat' dir='ltr'><strong><em>Laurentius</em></strong></span> <span class='ocrx_word' id='word_1_41' title='bbox 1476 854 1691 936; x_wconf 77' lang='lat' dir='ltr'><strong>Lydus</strong></span> <span class='ocrx_word' id='word_1_42' title='bbox 1738 858 1815 919; x_wconf 79' lang='lat' dir='ltr'><strong>de</strong></span> <span class='ocrx_word' id='word_1_43' title='bbox 1853 858 2201 935; x_wconf 64' lang='lat' dir='ltr'><strong><em>magistrat.</em></strong></span> <span class='ocrx_word' id='word_1_44' title='bbox 2266 856 2443 917; x_wconf 87' lang='lat' dir='ltr'><strong>Rom.</strong></span> 
     </span>
    </p>
   </div>
   <div class='ocr_carea' id='block_1_3' title="bbox 446 939 1542 1091">
    <p class='ocr_par' dir='ltr' id='par_1_4' title="bbox 446 939 1507 1091">
     <span class='ocr_line' id='line_1_8' title="bbox 446 939 1033 1020; baseline -0.007 -15"><span class='ocrx_word' id='word_1_45' title='bbox 446 953 495 1014; x_wconf 88' lang='lat'><strong><em>2,</em></strong></span> <span class='ocrx_word' id='word_1_46' title='bbox 541 952 576 1004; x_wconf 97' lang='lat'><strong><em>6</em></strong></span> <span class='ocrx_word' id='word_1_47' title='bbox 601 959 664 1020; x_wconf 84' lang='lat' dir='ltr'><strong><em>p.</em></strong></span> <span class='ocrx_word' id='word_1_48' title='bbox 697 950 806 1001; x_wconf 85' lang='lat'><strong><em>171</em></strong></span> <span class='ocrx_word' id='word_1_49' title='bbox 837 939 1033 1002; x_wconf 75' lang='lat' dir='ltr'><strong>Borm.</strong></span> 
     </span>
     <span class='ocr_line' id='line_1_9' title="bbox 578 1024 1542 1091; baseline -0.003 -15"><span class='ocrx_word' id='word_1_50' title='bbox 578 1026 661 1076; x_wconf 82' lang='lat' dir='ltr'><strong><em>Ad</em></strong></span> <span class='ocrx_word' id='word_1_51' title='bbox 690 1025 1008 1091; x_wconf 83' lang='lat' dir='ltr'><strong>deperditum</strong></span> <span class='ocrx_word' id='word_1_52' title='bbox 1028 1026 1144 1076; x_wconf 80' lang='lat' dir='ltr'><strong><em>Divi</em></strong></span> <span class='ocrx_word' id='word_1_53' title='bbox 1171 1026 1285 1077; x_wconf 79' lang='lat' dir='ltr'><strong>Iulii</strong></span> <span class='ocrx_word' id='word_1_54' title='bbox 1307 1024 1542 1075; x_wconf 84' lang='lat' dir='ltr'><strong>initium.</strong></span> 
     </span>
    </p>
   </div>
   <div class='ocr_carea' id='block_1_4' title="bbox 443 1090 2519 1343">
    <p class='ocr_par' dir='ltr' id='par_1_5' title="bbox 443 1090 2519 1343">
     <span class='ocr_line' id='line_1_10' title="bbox 569 1090 2448 1173; baseline -0.001 -18"><span class='ocrx_word' id='word_1_55' title='bbox 569 1095 876 1155; x_wconf 72' lang='lat' dir='ltr'><strong>Suetonius</strong></span> <span class='ocrx_word' id='word_1_56' title='bbox 924 1095 1003 1154; x_wconf 86' lang='lat' dir='ltr'><strong><em>ait</em></strong></span> <span class='ocrx_word' id='word_1_57' title='bbox 1054 1097 1124 1154; x_wconf 90' lang='lat' dir='ltr'><strong>in</strong></span> <span class='ocrx_word' id='word_1_58' title='bbox 1165 1096 1320 1153; x_wconf 76' lang='lat' dir='ltr'><strong>vita</strong></span> <span class='ocrx_word' id='word_1_59' title='bbox 1370 1090 1753 1171; x_wconf 82' lang='lat' dir='ltr'><strong>Caesaris,</strong></span> <span class='ocrx_word' id='word_1_60' title='bbox 1806 1111 2087 1173; x_wconf 80' lang='lat' dir='ltr'><strong>responsa</strong></span> <span class='ocrx_word' id='word_1_61' title='bbox 2139 1111 2275 1153; x_wconf 86' lang='lat' dir='ltr'><strong>esse</strong></span> <span class='ocrx_word' id='word_1_62' title='bbox 2317 1093 2448 1153; x_wconf 85' lang='lat' dir='ltr'><strong>data</strong></span> 
     </span>
     <span class='ocr_line' id='line_1_11' title="bbox 443 1176 2519 1257; baseline 0.001 -20"><span class='ocrx_word' id='word_1_63' title='bbox 443 1196 550 1257; x_wconf 87' lang='lat' dir='ltr'><strong>per</strong></span> <span class='ocrx_word' id='word_1_64' title='bbox 583 1186 760 1238; x_wconf 90' lang='lat' dir='ltr'><strong>totum</strong></span> <span class='ocrx_word' id='word_1_65' title='bbox 789 1176 1022 1253; x_wconf 87' lang='lat' dir='ltr'><strong>orbem,</strong></span> <span class='ocrx_word' id='word_1_66' title='bbox 1063 1180 1224 1237; x_wconf 83' lang='lat' dir='ltr'><strong>nasei</strong></span> <span class='ocrx_word' id='word_1_67' title='bbox 1265 1177 1538 1236; x_wconf 79' lang='lat' dir='ltr'><strong>invictum</strong></span> <span class='ocrx_word' id='word_1_68' title='bbox 1590 1178 2018 1257; x_wconf 80' lang='lat' dir='ltr'><strong>imperatorem.</strong></span> <span class='ocrx_word' id='word_1_69' title='bbox 2070 1176 2329 1238; x_wconf 77' lang='lat' dir='ltr'><strong>Servius</strong></span> <span class='ocrx_word' id='word_1_70' title='bbox 2358 1176 2449 1237; x_wconf 83' lang='lat' dir='ltr'><strong><em>ad</em></strong></span> <span class='ocrx_word' id='word_1_71' title='bbox 2470 1198 2519 1241; x_wconf 83' lang='lat' dir='ltr'><strong><em>lo</em></strong></span> 
     </span>
     <span class='ocr_line' id='line_1_12' title="bbox 455 1258 1056 1343; baseline -0.002 -21"><span class='ocrx_word' id='word_1_72' title='bbox 455 1265 627 1343; x_wconf 59' lang='grc' dir='ltr'><strong><em>γους.</em></strong></span> <span class='ocrx_word' id='word_1_73' title='bbox 661 1258 812 1321; x_wconf 76' lang='lat' dir='ltr'><strong>Aen.</strong></span> <span class='ocrx_word' id='word_1_74' title='bbox 851 1269 902 1330; x_wconf 86' lang='lat'><strong><em>6,</em></strong></span> <span class='ocrx_word' id='word_1_75' title='bbox 931 1266 1056 1321; x_wconf 83' lang='lat'><em>799.</em></span> 
     </span>
    </p>
   </div>
   <div class='ocr_carea' id='block_1_5' title="bbox 575 1360 1385 1428">
    <p class='ocr_par' dir='ltr' id='par_1_6' title="bbox 575 1360 1385 1428">
     <span class='ocr_line' id='line_1_13' title="bbox 575 1360 1385 1428; baseline -0.003 -17"><span class='ocrx_word' id='word_1_76' title='bbox 575 1362 852 1425; x_wconf 78' lang='lat' dir='ltr'><strong>eodemque</strong></span> <span class='ocrx_word' id='word_1_77' title='bbox 875 1360 1076 1413; x_wconf 73' lang='lat' dir='ltr'><strong>videtur</strong></span> <span class='ocrx_word' id='word_1_78' title='bbox 1102 1361 1385 1428; x_wconf 86' lang='lat' dir='ltr'><strong>pertinere:</strong></span> 
     </span>
    </p>
   </div>
   <div class='ocr_carea' id='block_1_6' title="bbox 441 1434 2519 1714">
    <p class='ocr_par' dir='ltr' id='par_1_7' title="bbox 441 1434 2519 1693">
     <span class='ocr_line' id='line_1_14' title="bbox 567 1434 2451 1544; baseline -0.001 -37"><span class='ocrx_word' id='word_1_79' title='bbox 567 1444 828 1525; x_wconf 79' lang='grc' dir='ltr'><strong><em>Καῖσαρ</em></strong></span> <span class='ocrx_word' id='word_1_80' title='bbox 874 1490 888 1505; x_wconf 94' lang='grc'><strong><em>.</em></strong></span> <span class='ocrx_word' id='word_1_81' title='bbox 986 1434 1154 1506; x_wconf 86' lang='grc' dir='ltr'><strong><em>.τόν</em></strong></span> <span class='ocrx_word' id='word_1_82' title='bbox 1193 1444 1569 1508; x_wconf 82' lang='grc' dir='ltr'><strong><em>Κυντίλιον</em></strong></span> <span class='ocrx_word' id='word_1_83' title='bbox 1614 1442 1791 1526; x_wconf 91' lang='grc' dir='ltr'><strong><em>μῆνα</em></strong></span> <span class='ocrx_word' id='word_1_84' title='bbox 1836 1436 1959 1544; x_wconf 77' lang='grc' dir='ltr'><strong><em>τὴν</em></strong></span> <span class='ocrx_word' id='word_1_85' title='bbox 1998 1444 2451 1544; x_wconf 88' lang='grc' dir='ltr'><strong><em>προςηγορίαν</em></strong></span> 
     </span>
     <span class='ocr_line' id='line_1_15' title="bbox 441 1516 2451 1628; baseline 0 -39"><span class='ocrx_word' id='word_1_86' title='bbox 441 1524 859 1628; x_wconf 83' lang='grc' dir='ltr'><strong><em>μετέβαλε..</em></strong></span> <span class='ocrx_word' id='word_1_87' title='bbox 895 1516 1054 1589; x_wconf 79' lang='grc' dir='ltr'><strong><em>,δια</em></strong></span> <span class='ocrx_word' id='word_1_88' title='bbox 1093 1517 1168 1589; x_wconf 85' lang='grc' dir='ltr'><strong><em>τὸ</em></strong></span> <span class='ocrx_word' id='word_1_89' title='bbox 1211 1517 1425 1591; x_wconf 77' lang='grc' dir='ltr'><strong><em>αὐτὸν</em></strong></span> <span class='ocrx_word' id='word_1_90' title='bbox 1472 1525 1733 1591; x_wconf 80' lang='grc' dir='ltr'><strong><em>ἐκεῖνον</em></strong></span> <span class='ocrx_word' id='word_1_91' title='bbox 1769 1520 1938 1593; x_wconf 73' lang='grc' dir='ltr'><strong><em>κατὰ</em></strong></span> <span class='ocrx_word' id='word_1_92' title='bbox 1979 1519 2102 1609; x_wconf 83' lang='grc' dir='ltr'><strong><em>τὴν</em></strong></span> <span class='ocrx_word' id='word_1_93' title='bbox 2134 1519 2265 1610; x_wconf 82' lang='grc' dir='ltr'><strong><em>πρὸ</em></strong></span> <span class='ocrx_word' id='word_1_94' title='bbox 2294 1542 2451 1591; x_wconf 80' lang='grc' dir='ltr'><strong><em>τεσ-</em></strong></span> 
     </span>
     <span class='ocr_line' id='line_1_16' title="bbox 441 1600 2519 1714; baseline 0.003 -41"><span class='ocrx_word' id='word_1_95' title='bbox 441 1605 671 1713; x_wconf 81' lang='grc' dir='ltr'><strong><em>σάρων</em></strong></span> <span class='ocrx_word' id='word_1_96' title='bbox 723 1609 920 1674; x_wconf 73' lang='grc' dir='ltr'><strong><em>εἰδῶν</em></strong></span> <span class='ocrx_word' id='word_1_97' title='bbox 969 1608 1093 1675; x_wconf 77' lang='grc' dir='ltr'><strong><em>τοῦ</em></strong></span> <span class='ocrx_word' id='word_1_98' title='bbox 1142 1600 1351 1714; x_wconf 75' lang='grc' dir='ltr'><strong><em>μηνὸς</em></strong></span> <span class='ocrx_word' id='word_1_99' title='bbox 1400 1604 1651 1675; x_wconf 90' lang='grc' dir='ltr'><strong><em>τούτου</em></strong></span> <span class='ocrx_word' id='word_1_100' title='bbox 1684 1610 2021 1693; x_wconf 75' lang='grc' dir='ltr'><strong><em>τεχθῆναι.</em></strong></span> <span class='ocrx_word' id='word_1_101' title='bbox 2080 1614 2343 1712; x_wconf 73' lang='grc' dir='ltr'><strong><em>Καῖσαρ</em></strong></span> <span class='ocrx_word' id='word_1_102' title='bbox 2374 1605 2451 1674; x_wconf 73' lang='grc' dir='ltr'><strong><em>δὲ</em></strong></span> <span class='ocrx_word' id='word_1_103' title='bbox 2473 1639 2519 1679; x_wconf 80' lang='lat'><strong><em>15</em></strong></span> 
     </span>
    </p>
   </div>
   <div class='ocr_carea' id='block_1_7' title="bbox 345 1686 2455 1795">
    <p class='ocr_par' dir='ltr' id='par_1_8' title="bbox 345 1686 2455 1795">
     <span class='ocr_line' id='line_1_17' title="bbox 345 1686 2455 1795; baseline 0.001 -37"><span class='ocrx_word' id='word_1_104' title='bbox 345 1755 349 1766; x_wconf 83' lang='lat'><strong><em>‚</em></strong></span> <span class='ocrx_word' id='word_1_105' title='bbox 442 1687 826 1794; x_wconf 79' lang='grc' dir='ltr'><strong><em>ωνομάσθη</em></strong></span> <span class='ocrx_word' id='word_1_106' title='bbox 853 1686 937 1758; x_wconf 81' lang='grc' dir='ltr'><strong><em>ού</em></strong></span> <span class='ocrx_word' id='word_1_107' title='bbox 973 1691 1202 1768; x_wconf 73' lang='grc' dir='ltr'><strong><em>καθώς</em></strong></span> <span class='ocrx_word' id='word_1_108' title='bbox 1229 1709 1441 1776; x_wconf 78' lang='grc' dir='ltr'><strong><em>φασιν</em></strong></span> <span class='ocrx_word' id='word_1_109' title='bbox 1466 1694 1537 1758; x_wconf 79' lang='grc' dir='ltr'><strong><em>οἱ</em></strong></span> <span class='ocrx_word' id='word_1_110' title='bbox 1560 1692 1831 1758; x_wconf 81' lang='grc' dir='ltr'><strong><em>παλαιοὶ</em></strong></span> <span class='ocrx_word' id='word_1_111' title='bbox 1872 1694 1946 1759; x_wconf 84' lang='grc' dir='ltr'><strong><em>ἐκ</em></strong></span> <span class='ocrx_word' id='word_1_112' title='bbox 1950 1694 2091 1795; x_wconf 54' lang='grc' dir='ltr'><strong><em>ι,τῆς</em></strong></span> <span class='ocrx_word' id='word_1_113' title='bbox 2118 1687 2455 1795; x_wconf 78' lang='grc' dir='ltr'><strong><em>ἀνατομῆς</em></strong></span> 
     </span>
    </p>
   </div>
   <div class='ocr_carea' id='block_1_8' title="bbox 441 1764 2525 3617">
    <p class='ocr_par' dir='ltr' id='par_1_9' title="bbox 441 1764 2522 2697">
     <span class='ocr_line' id='line_1_18' title="bbox 441 1764 2454 1885; baseline 0 -45"><span class='ocrx_word' id='word_1_114' title='bbox 441 1778 557 1861; x_wconf 86' lang='grc' dir='ltr'><strong><em>τῆς</em></strong></span> <span class='ocrx_word' id='word_1_115' title='bbox 584 1770 869 1879; x_wconf 82' lang='grc' dir='ltr'><strong><em>γαστρὸς</em></strong></span> <span class='ocrx_word' id='word_1_116' title='bbox 883 1769 1226 1879; x_wconf 74' lang='grc' dir='ltr'><strong><em>Αὐρηλίας</em></strong></span> <span class='ocrx_word' id='word_1_117' title='bbox 1255 1778 1405 1885; x_wconf 78' lang='grc' dir='ltr'><strong><em>τῆς</em></strong></span> <span class='ocrx_word' id='word_1_118' title='bbox 1399 1772 1613 1843; x_wconf 79' lang='grc' dir='ltr'><strong><em>αὐτοῦ</em></strong></span> <span class='ocrx_word' id='word_1_119' title='bbox 1637 1772 1903 1862; x_wconf 87' lang='grc' dir='ltr'><strong><em>μητρός,</em></strong></span> <span class='ocrx_word' id='word_1_120' title='bbox 1933 1764 2013 1861; x_wconf 79' lang='grc' dir='ltr'><strong><em>ἧς</em></strong></span> <span class='ocrx_word' id='word_1_121' title='bbox 2038 1778 2251 1861; x_wconf 80' lang='grc' dir='ltr'><strong><em>δῆθεν</em></strong></span> <span class='ocrx_word' id='word_1_122' title='bbox 2280 1771 2454 1841; x_wconf 79' lang='grc' dir='ltr'><strong><em>ἄπο-</em></strong></span> 
     </span>
     <span class='ocr_line' id='line_1_19' title="bbox 443 1854 2456 1965; baseline -0.001 -39"><span class='ocrx_word' id='word_1_123' title='bbox 443 1856 790 1943; x_wconf 76' lang='grc' dir='ltr'><strong><em>θανούσης</em></strong></span> <span class='ocrx_word' id='word_1_124' title='bbox 804 1855 1196 1961; x_wconf 80' lang='grc' dir='ltr'><strong><em>ἐγκύμονος</em></strong></span> <span class='ocrx_word' id='word_1_125' title='bbox 1245 1855 1457 1927; x_wconf 80' lang='grc' dir='ltr'><strong><em>αυτὸν</em></strong></span> <span class='ocrx_word' id='word_1_126' title='bbox 1494 1854 1989 1961; x_wconf 77' lang='grc' dir='ltr'><strong><em>ἄνατμηθείσης</em></strong></span> <span class='ocrx_word' id='word_1_127' title='bbox 2030 1860 2287 1965; x_wconf 78' lang='grc' dir='ltr'><strong><em>ἐκείνης</em></strong></span> <span class='ocrx_word' id='word_1_128' title='bbox 2329 1865 2456 1943; x_wconf 86' lang='grc' dir='ltr'><strong><em>λη-</em></strong></span> 
     </span>
     <span class='ocr_line' id='line_1_20' title="bbox 444 1935 2457 2048; baseline 0.001 -42"><span class='ocrx_word' id='word_1_129' title='bbox 444 1946 737 2028; x_wconf 82' lang='grc' dir='ltr'><strong><em>φθῆναι,</em></strong></span> <span class='ocrx_word' id='word_1_130' title='bbox 783 1935 931 2007; x_wconf 76' lang='grc' dir='ltr'><strong><em>ἀλλ’</em></strong></span> <span class='ocrx_word' id='word_1_131' title='bbox 993 1938 1206 2020; x_wconf 86' lang='grc' dir='ltr'><strong><em>ούτως</em></strong></span> <span class='ocrx_word' id='word_1_132' title='bbox 1244 1948 1411 2047; x_wconf 78' lang='grc' dir='ltr'><strong><em>ἔχει</em></strong></span> <span class='ocrx_word' id='word_1_133' title='bbox 1434 1969 1516 2010; x_wconf 87' lang='grc' dir='ltr'><strong><em>τα</em></strong></span> <span class='ocrx_word' id='word_1_134' title='bbox 1567 1968 1700 2009; x_wconf 91' lang='grc' dir='ltr'><strong><em>των</em></strong></span> <span class='ocrx_word' id='word_1_135' title='bbox 1740 1945 2087 2048; x_wconf 80' lang='grc' dir='ltr'><strong><em>ίστοριων.</em></strong></span> <span class='ocrx_word' id='word_1_136' title='bbox 2140 1938 2282 2009; x_wconf 82' lang='grc' dir='ltr'><strong><em>Ἐπὶ</em></strong></span> <span class='ocrx_word' id='word_1_137' title='bbox 2330 1944 2457 2009; x_wconf 81' lang='grc' dir='ltr'><strong><em>τοῦ</em></strong></span> 
     </span>
     <span class='ocr_line' id='line_1_21' title="bbox 445 2020 2521 2131; baseline 0 -38"><span class='ocrx_word' id='word_1_138' title='bbox 445 2026 843 2093; x_wconf 81' lang='grc' dir='ltr'><strong><em>Φοινικικοῦ</em></strong></span> <span class='ocrx_word' id='word_1_139' title='bbox 872 2028 1192 2131; x_wconf 81' lang='grc' dir='ltr'><strong><em>πολέμου,</em></strong></span> <span class='ocrx_word' id='word_1_140' title='bbox 1237 2020 1348 2093; x_wconf 79' lang='grc' dir='ltr'><strong><em>ὅτε</em></strong></span> <span class='ocrx_word' id='word_1_141' title='bbox 1378 2021 1414 2093; x_wconf 93' lang='lat'><strong><em>6</em></strong></span> <span class='ocrx_word' id='word_1_142' title='bbox 1445 2022 1699 2130; x_wconf 83' lang='grc' dir='ltr'><strong><em>Σύφαξ</em></strong></span> <span class='ocrx_word' id='word_1_143' title='bbox 1740 2022 2013 2130; x_wconf 83' lang='grc' dir='ltr'><strong><em>Ἀννίβα</em></strong></span> <span class='ocrx_word' id='word_1_144' title='bbox 2062 2024 2521 2130; x_wconf 70' lang='grc' dir='ltr'><strong><em>συνεμαχει,ιο</em></strong></span> 
     </span>
     <span class='ocr_line' id='line_1_22' title="bbox 445 2099 2456 2212; baseline 0 -37"><span class='ocrx_word' id='word_1_145' title='bbox 445 2110 702 2193; x_wconf 85' lang='grc' dir='ltr'><strong><em>λέγεται</em></strong></span> <span class='ocrx_word' id='word_1_146' title='bbox 742 2106 948 2176; x_wconf 66' lang='grc' dir='ltr'><strong><em>Γαῖον</em></strong></span> <span class='ocrx_word' id='word_1_147' title='bbox 980 2102 1261 2176; x_wconf 81' lang='grc' dir='ltr'><strong><em>Ἰούλιον</em></strong></span> <span class='ocrx_word' id='word_1_148' title='bbox 1305 2107 1664 2212; x_wconf 82' lang='grc' dir='ltr'><strong><em>(πρόγονος</em></strong></span> <span class='ocrx_word' id='word_1_149' title='bbox 1706 2108 1780 2177; x_wconf 74' lang='grc' dir='ltr'><strong><em>δὲ</em></strong></span> <span class='ocrx_word' id='word_1_150' title='bbox 1822 2099 2021 2187; x_wconf 79' lang='grc' dir='ltr'><strong><em>οὗτος</em></strong></span> <span class='ocrx_word' id='word_1_151' title='bbox 2048 2105 2329 2189; x_wconf 82' lang='grc' dir='ltr'><strong><em>παλαιὸς</em></strong></span> <span class='ocrx_word' id='word_1_152' title='bbox 2358 2136 2456 2175; x_wconf 91' lang='grc' dir='ltr'><strong><em>τω</em></strong></span> 
     </span>
     <span class='ocr_line' id='line_1_23' title="bbox 444 2177 2457 2299; baseline -0 -39"><span class='ocrx_word' id='word_1_153' title='bbox 444 2197 756 2294; x_wconf 87' lang='grc' dir='ltr'><strong><em>Καίσαρι)</em></strong></span> <span class='ocrx_word' id='word_1_154' title='bbox 779 2193 853 2259; x_wconf 83' lang='grc' dir='ltr'><strong><em>ἐν</em></strong></span> <span class='ocrx_word' id='word_1_155' title='bbox 887 2188 1055 2283; x_wconf 77' lang='grc' dir='ltr'><strong><em>αὐτῇ</em></strong></span> <span class='ocrx_word' id='word_1_156' title='bbox 1083 2196 1163 2297; x_wconf 78' lang='grc' dir='ltr'><strong><em>τῇ</em></strong></span> <span class='ocrx_word' id='word_1_157' title='bbox 1195 2191 1553 2299; x_wconf 82' lang='grc' dir='ltr'><strong><em>παραταξει</em></strong></span> <span class='ocrx_word' id='word_1_158' title='bbox 1596 2192 1975 2280; x_wconf 85' lang='grc' dir='ltr'><strong><em>μαχόμενον</em></strong></span> <span class='ocrx_word' id='word_1_159' title='bbox 2002 2191 2336 2295; x_wconf 84' lang='grc' dir='ltr'><strong><em>τοσαύτη</em></strong></span> <span class='ocrx_word' id='word_1_160' title='bbox 2324 2177 2457 2260; x_wconf 78' lang='grc' dir='ltr'><strong><em>δυ-</em></strong></span> 
     </span>
     <span class='ocr_line' id='line_1_24' title="bbox 444 2262 2457 2381; baseline -0 -37"><span class='ocrx_word' id='word_1_161' title='bbox 444 2301 639 2377; x_wconf 91' lang='grc' dir='ltr'><strong><em>ναμει</em></strong></span> <span class='ocrx_word' id='word_1_162' title='bbox 667 2262 1040 2381; x_wconf 35' lang='lat' dir='ltr'><strong><em>&amp;amsivari</em></strong></span> <span class='ocrx_word' id='word_1_163' title='bbox 1055 2274 1130 2345; x_wconf 88' lang='grc' dir='ltr'><strong><em>τὸ</em></strong></span> <span class='ocrx_word' id='word_1_164' title='bbox 1172 2275 1337 2363; x_wconf 79' lang='grc' dir='ltr'><strong><em>δόρυ</em></strong></span> <span class='ocrx_word' id='word_1_165' title='bbox 1384 2276 1551 2345; x_wconf 79' lang='grc' dir='ltr'><strong><em>κατὰ</em></strong></span> <span class='ocrx_word' id='word_1_166' title='bbox 1580 2282 1703 2345; x_wconf 87' lang='grc' dir='ltr'><strong><em>τοῦ</em></strong></span> <span class='ocrx_word' id='word_1_167' title='bbox 1742 2282 2227 2364; x_wconf 81' lang='grc' dir='ltr'><strong><em>Μαυρουσίου,</em></strong></span> <span class='ocrx_word' id='word_1_168' title='bbox 2282 2296 2457 2343; x_wconf 87' lang='grc' dir='ltr'><strong><em>ωστε</em></strong></span> 
     </span>
     <span class='ocr_line' id='line_1_25' title="bbox 445 2356 2457 2463; baseline -0 -36"><span class='ocrx_word' id='word_1_169' title='bbox 445 2356 565 2427; x_wconf 83' lang='grc' dir='ltr'><strong><em>τὸν</em></strong></span> <span class='ocrx_word' id='word_1_170' title='bbox 612 2361 683 2426; x_wconf 82' lang='grc' dir='ltr'><strong><em>ἐλ</em></strong></span> <span class='ocrx_word' id='word_1_171' title='bbox 645 2361 940 2463; x_wconf 81' lang='grc' dir='ltr'><strong><em>λέφαντα</em></strong></span> <span class='ocrx_word' id='word_1_172' title='bbox 985 2388 1038 2429; x_wconf 87' lang='grc' dir='ltr'><strong><em>ω</em></strong></span> <span class='ocrx_word' id='word_1_173' title='bbox 1073 2362 1386 2447; x_wconf 80' lang='grc' dir='ltr'><strong><em>ἐπωχεῖτο</em></strong></span> <span class='ocrx_word' id='word_1_174' title='bbox 1430 2356 1466 2428; x_wconf 91' lang='lat'><strong><em>6</em></strong></span> <span class='ocrx_word' id='word_1_175' title='bbox 1500 2361 1811 2448; x_wconf 80' lang='grc' dir='ltr'><strong><em>πολέμιος</em></strong></span> <span class='ocrx_word' id='word_1_176' title='bbox 1851 2366 2282 2462; x_wconf 79' lang='grc' dir='ltr'><strong><em>καταβαλεῖν,</em></strong></span> <span class='ocrx_word' id='word_1_177' title='bbox 2325 2386 2457 2427; x_wconf 82' lang='grc' dir='ltr'><strong><em>κα-</em></strong></span> 
     </span>
     <span class='ocr_line' id='line_1_26' title="bbox 446 2433 2522 2553; baseline -0.002 -43"><span class='ocrx_word' id='word_1_178' title='bbox 446 2452 678 2510; x_wconf 83' lang='grc' dir='ltr'><strong><em>κεῖθεν</em></strong></span> <span class='ocrx_word' id='word_1_179' title='bbox 703 2438 827 2527; x_wconf 83' lang='grc' dir='ltr'><strong><em>τὴν</em></strong></span> <span class='ocrx_word' id='word_1_180' title='bbox 850 2433 1190 2548; x_wconf 84' lang='grc' dir='ltr'><strong><em>Καίσαρος</em></strong></span> <span class='ocrx_word' id='word_1_181' title='bbox 1217 2447 1624 2553; x_wconf 80' lang='grc' dir='ltr'><strong><em>ἐπωνυμίαν</em></strong></span> <span class='ocrx_word' id='word_1_182' title='bbox 1633 2452 1885 2531; x_wconf 81' lang='grc' dir='ltr'><strong><em>λαβεῖν,</em></strong></span> <span class='ocrx_word' id='word_1_183' title='bbox 1918 2445 2060 2511; x_wconf 78' lang='grc' dir='ltr'><strong><em>ἐπεὶ</em></strong></span> <span class='ocrx_word' id='word_1_184' title='bbox 2087 2468 2267 2529; x_wconf 87' lang='grc' dir='ltr'><strong><em>παρα</em></strong></span> <span class='ocrx_word' id='word_1_185' title='bbox 2278 2449 2522 2511; x_wconf 67' lang='grc' dir='ltr'><strong><em>Φοί-ιε</em></strong></span> 
     </span>
     <span class='ocr_line' id='line_1_27' title="bbox 444 2520 2453 2618; baseline 0 -25"><span class='ocrx_word' id='word_1_186' title='bbox 444 2520 679 2605; x_wconf 84' lang='grc' dir='ltr'>νιξιν</span> <span class='ocrx_word' id='word_1_187' title='bbox 648 2551 685 2592; x_wconf 91' lang='grc' dir='ltr'><strong><em>ο</em></strong></span> <span class='ocrx_word' id='word_1_188' title='bbox 714 2527 952 2611; x_wconf 82' lang='grc' dir='ltr'><strong><em>ἐλέφας</em></strong></span> <span class='ocrx_word' id='word_1_189' title='bbox 980 2524 1055 2595; x_wconf 83' lang='grc' dir='ltr'><strong><em>τὸ</em></strong></span> <span class='ocrx_word' id='word_1_190' title='bbox 1079 2530 1248 2618; x_wconf 79' lang='grc' dir='ltr'><strong><em>ζῷον</em></strong></span> <span class='ocrx_word' id='word_1_191' title='bbox 1274 2542 1513 2615; x_wconf 79' lang='grc' dir='ltr'><strong><em>καῐσαρ</em></strong></span> <span class='ocrx_word' id='word_1_192' title='bbox 1544 2530 1820 2614; x_wconf 82' lang='grc' dir='ltr'><strong><em>λέγεται.</em></strong></span> <span class='ocrx_word' id='word_1_193' title='bbox 1875 2532 2147 2597; x_wconf 78' lang='lat' dir='ltr'><strong>Ioannes</strong></span> <span class='ocrx_word' id='word_1_194' title='bbox 2168 2530 2453 2594; x_wconf 76' lang='lat' dir='ltr'><strong>Lauren-</strong></span> 
     </span>
     <span class='ocr_line' id='line_1_28' title="bbox 449 2598 1780 2697; baseline 0.003 -21"><span class='ocrx_word' id='word_1_195' title='bbox 449 2616 570 2677; x_wconf 76' lang='lat' dir='ltr'><strong>tius</strong></span> <span class='ocrx_word' id='word_1_196' title='bbox 601 2612 837 2694; x_wconf 72' lang='lat' dir='ltr'><strong>Lydius</strong></span> <span class='ocrx_word' id='word_1_197' title='bbox 873 2617 950 2676; x_wconf 82' lang='lat' dir='ltr'><strong>de</strong></span> <span class='ocrx_word' id='word_1_198' title='bbox 979 2598 1290 2678; x_wconf 75' lang='lat' dir='ltr'><strong>mensibus</strong></span> <span class='ocrx_word' id='word_1_199' title='bbox 1325 2628 1365 2678; x_wconf 80' lang='grc'><strong><em>4</em></strong></span> <span class='ocrx_word' id='word_1_200' title='bbox 1382 2636 1447 2697; x_wconf 83' lang='lat' dir='ltr'><strong><em>p.</em></strong></span> <span class='ocrx_word' id='word_1_201' title='bbox 1479 2626 1554 2679; x_wconf 85' lang='lat'><strong><em>95</em></strong></span> <span class='ocrx_word' id='word_1_202' title='bbox 1581 2619 1780 2681; x_wconf 81' lang='lat' dir='ltr'><strong>Bonn.</strong></span> 
     </span>
    </p>

    <p class='ocr_par' dir='ltr' id='par_1_10' title="bbox 586 2715 1910 2770">
     <span class='ocr_line' id='line_1_29' title="bbox 586 2715 1910 2770; baseline 0.002 -5"><span class='ocrx_word' id='word_1_203' title='bbox 586 2715 687 2766; x_wconf 83' lang='lat' dir='ltr'><strong>Sed</strong></span> <span class='ocrx_word' id='word_1_204' title='bbox 711 2716 841 2766; x_wconf 74' lang='lat' dir='ltr'><strong>male</strong></span> <span class='ocrx_word' id='word_1_205' title='bbox 869 2733 896 2768; x_wconf 89' lang='lat' dir='ltr'><strong>e</strong></span> <span class='ocrx_word' id='word_1_206' title='bbox 918 2717 1059 2767; x_wconf 87' lang='lat' dir='ltr'><strong>libris</strong></span> <span class='ocrx_word' id='word_1_207' title='bbox 1090 2718 1154 2768; x_wconf 87' lang='lat' dir='ltr'><strong>de</strong></span> <span class='ocrx_word' id='word_1_208' title='bbox 1179 2720 1282 2768; x_wconf 79' lang='lat' dir='ltr'><strong>vita</strong></span> <span class='ocrx_word' id='word_1_209' title='bbox 1305 2718 1579 2770; x_wconf 78' lang='lat' dir='ltr'><strong>Caesarum</strong></span> <span class='ocrx_word' id='word_1_210' title='bbox 1604 2718 1910 2767; x_wconf 59' lang='lat' dir='ltr'><strong>afferuntur</strong></span> <span class='ocrx_word' id='word_1_211' title='bbox 1898 2754 1910 2767; x_wconf 92' lang='lat'>.</span> 
     </span>
    </p>

    <p class='ocr_par' dir='ltr' id='par_1_11' title="bbox 445 2781 2525 3617">
     <span class='ocr_line' id='line_1_30' title="bbox 572 2781 2457 2865; baseline 0 -22"><span class='ocrx_word' id='word_1_212' title='bbox 572 2783 832 2845; x_wconf 83' lang='lat' dir='ltr'><strong>Adulans</strong></span> <span class='ocrx_word' id='word_1_213' title='bbox 876 2785 1126 2865; x_wconf 86' lang='lat' dir='ltr'><strong>populus</strong></span> <span class='ocrx_word' id='word_1_214' title='bbox 1157 2787 1450 2847; x_wconf 88' lang='lat' dir='ltr'><strong>Romanus</strong></span> <span class='ocrx_word' id='word_1_215' title='bbox 1496 2785 1813 2845; x_wconf 77' lang='lat' dir='ltr'><strong>Octaviano</strong></span> <span class='ocrx_word' id='word_1_216' title='bbox 1858 2787 1967 2845; x_wconf 86' lang='lat' dir='ltr'><strong>tria</strong></span> <span class='ocrx_word' id='word_1_217' title='bbox 2013 2786 2067 2843; x_wconf 88' lang='lat' dir='ltr'><strong>ei</strong></span> <span class='ocrx_word' id='word_1_218' title='bbox 2104 2781 2312 2843; x_wconf 87' lang='lat' dir='ltr'><strong>obtulit</strong></span> <span class='ocrx_word' id='word_1_219' title='bbox 2346 2801 2457 2843; x_wconf 86' lang='lat' dir='ltr'><strong>no-</strong></span> 
     </span>
     <span class='ocr_line' id='line_1_31' title="bbox 445 2868 2525 2946; baseline -0.003 -17"><span class='ocrx_word' id='word_1_220' title='bbox 445 2870 634 2945; x_wconf 85' lang='lat' dir='ltr'><strong>mina,</strong></span> <span class='ocrx_word' id='word_1_221' title='bbox 675 2878 860 2929; x_wconf 87' lang='lat' dir='ltr'><strong>utrum</strong></span> <span class='ocrx_word' id='word_1_222' title='bbox 895 2870 1083 2930; x_wconf 68' lang='lat' dir='ltr'><strong>vellet·</strong></span> <span class='ocrx_word' id='word_1_223' title='bbox 1121 2871 1393 2946; x_wconf 82' lang='lat' dir='ltr'><strong>Quirinus</strong></span> <span class='ocrx_word' id='word_1_224' title='bbox 1438 2888 1508 2930; x_wconf 84' lang='lat' dir='ltr'><strong>an</strong></span> <span class='ocrx_word' id='word_1_225' title='bbox 1534 2868 1755 2929; x_wconf 84' lang='lat' dir='ltr'><strong>Caesar</strong></span> <span class='ocrx_word' id='word_1_226' title='bbox 1793 2886 1866 2929; x_wconf 83' lang='lat' dir='ltr'><strong>an</strong></span> <span class='ocrx_word' id='word_1_227' title='bbox 1894 2868 2193 2945; x_wconf 84' lang='lat' dir='ltr'><strong>Augustus</strong></span> <span class='ocrx_word' id='word_1_228' title='bbox 2222 2870 2452 2927; x_wconf 82' lang='lat' dir='ltr'><strong>vocari.</strong></span> <span class='ocrx_word' id='word_1_229' title='bbox 2474 2882 2525 2923; x_wconf 76' lang='lat' dir='ltr'><strong><em>so</em></strong></span> 
     </span>
     <span class='ocr_line' id='line_1_32' title="bbox 446 2950 2459 3033; baseline -0.002 -20"><span class='ocrx_word' id='word_1_230' title='bbox 446 2952 592 3029; x_wconf 90' lang='lat' dir='ltr'><strong>Ille,</strong></span> <span class='ocrx_word' id='word_1_231' title='bbox 640 2971 714 3013; x_wconf 91' lang='lat' dir='ltr'><strong><em>ne</em></strong></span> <span class='ocrx_word' id='word_1_232' title='bbox 750 2972 918 3014; x_wconf 86' lang='lat' dir='ltr'><strong>unum</strong></span> <span class='ocrx_word' id='word_1_233' title='bbox 960 2954 1234 3031; x_wconf 84' lang='lat' dir='ltr'><strong>eligendo</strong></span> <span class='ocrx_word' id='word_1_234' title='bbox 1286 2963 1507 3033; x_wconf 83' lang='lat' dir='ltr'><strong>partem</strong></span> <span class='ocrx_word' id='word_1_235' title='bbox 1550 2952 1811 3013; x_wconf 78' lang='lat' dir='ltr'><strong>laederet</strong></span> <span class='ocrx_word' id='word_1_236' title='bbox 1856 2970 2006 3030; x_wconf 87' lang='lat' dir='ltr'><strong>quae</strong></span> <span class='ocrx_word' id='word_1_237' title='bbox 2050 2951 2202 3011; x_wconf 86' lang='lat' dir='ltr'><strong>aliu-d</strong></span> <span class='ocrx_word' id='word_1_238' title='bbox 2234 2950 2459 3010; x_wconf 82' lang='lat' dir='ltr'><strong>offerre</strong></span> 
     </span>
     <span class='ocr_line' id='line_1_33' title="bbox 450 3034 2457 3117; baseline -0.001 -22"><span class='ocrx_word' id='word_1_239' title='bbox 450 3037 754 3116; x_wconf 78' lang='lat' dir='ltr'><strong>cupiebat,</strong></span> <span class='ocrx_word' id='word_1_240' title='bbox 801 3038 1036 3099; x_wconf 86' lang='lat' dir='ltr'><strong>diverso</strong></span> <span class='ocrx_word' id='word_1_241' title='bbox 1069 3048 1336 3117; x_wconf 84' lang='lat' dir='ltr'><strong>tempore</strong></span> <span class='ocrx_word' id='word_1_242' title='bbox 1377 3038 1639 3099; x_wconf 83' lang='lat' dir='ltr'><strong>omnibus</strong></span> <span class='ocrx_word' id='word_1_243' title='bbox 1668 3054 1805 3096; x_wconf 85' lang='lat' dir='ltr'><strong>usus</strong></span> <span class='ocrx_word' id='word_1_244' title='bbox 1838 3044 1955 3113; x_wconf 87' lang='lat' dir='ltr'><strong>est,</strong></span> <span class='ocrx_word' id='word_1_245' title='bbox 2000 3044 2061 3094; x_wconf 88' lang='lat' dir='ltr'><strong>et</strong></span> <span class='ocrx_word' id='word_1_246' title='bbox 2091 3037 2276 3114; x_wconf 85' lang='lat' dir='ltr'><strong>primo</strong></span> <span class='ocrx_word' id='word_1_247' title='bbox 2314 3034 2457 3109; x_wconf 81' lang='lat' dir='ltr'><strong>Qui·</strong></span> 
     </span>
     <span class='ocr_line' id='line_1_34' title="bbox 448 3117 2457 3217; baseline -0.001 -38"><span class='ocrx_word' id='word_1_248' title='bbox 448 3121 608 3180; x_wconf 88' lang='lat' dir='ltr'><strong>rinus</strong></span> <span class='ocrx_word' id='word_1_249' title='bbox 637 3122 826 3182; x_wconf 84' lang='lat' dir='ltr'><strong>dictus</strong></span> <span class='ocrx_word' id='word_1_250' title='bbox 865 3130 982 3199; x_wconf 87' lang='lat' dir='ltr'><strong>est,</strong></span> <span class='ocrx_word' id='word_1_251' title='bbox 1017 3123 1148 3183; x_wconf 88' lang='lat' dir='ltr'><strong>inde</strong></span> <span class='ocrx_word' id='word_1_252' title='bbox 1181 3121 1431 3198; x_wconf 84' lang='lat' dir='ltr'><strong>Caesar,</strong></span> <span class='ocrx_word' id='word_1_253' title='bbox 1464 3130 1521 3181; x_wconf 86' lang='lat' dir='ltr'><strong>et</strong></span> <span class='ocrx_word' id='word_1_254' title='bbox 1550 3128 1720 3200; x_wconf 87' lang='lat' dir='ltr'><strong>post,</strong></span> <span class='ocrx_word' id='word_1_255' title='bbox 1744 3120 1908 3217; x_wconf 83' lang='lat' dir='ltr'><strong>quod</strong></span> <span class='ocrx_word' id='word_1_256' title='bbox 1938 3128 1999 3179; x_wconf 84' lang='lat' dir='ltr'><strong>et</strong></span> <span class='ocrx_word' id='word_1_257' title='bbox 2026 3118 2299 3193; x_wconf 84' lang='lat' dir='ltr'><strong>obtinuit,</strong></span> <span class='ocrx_word' id='word_1_258' title='bbox 2334 3117 2457 3177; x_wconf 88' lang='lat' dir='ltr'><strong>Au·</strong></span> 
     </span>
     <span class='ocr_line' id='line_1_35' title="bbox 446 3200 2453 3284; baseline -0.001 -20"><span class='ocrx_word' id='word_1_259' title='bbox 446 3214 687 3282; x_wconf 81' lang='lat' dir='ltr'><strong>gustus,</strong></span> <span class='ocrx_word' id='word_1_260' title='bbox 734 3208 885 3265; x_wconf 85' lang='lat' dir='ltr'><strong>sieut</strong></span> <span class='ocrx_word' id='word_1_261' title='bbox 932 3206 1242 3268; x_wconf 82' lang='lat' dir='ltr'><strong>Suetonius</strong></span> <span class='ocrx_word' id='word_1_262' title='bbox 1283 3206 1513 3284; x_wconf 87' lang='lat' dir='ltr'><strong>probat.</strong></span> <span class='ocrx_word' id='word_1_263' title='bbox 1573 3204 1831 3265; x_wconf 77' lang='lat' dir='ltr'><strong>Servius</strong></span> <span class='ocrx_word' id='word_1_264' title='bbox 1875 3204 1965 3264; x_wconf 80' lang='lat' dir='ltr'><strong><em>ad</em></strong></span> <span class='ocrx_word' id='word_1_265' title='bbox 1998 3202 2172 3281; x_wconf 77' lang='lat' dir='ltr'><strong>Ver-9.</strong></span> <span class='ocrx_word' id='word_1_266' title='bbox 2205 3200 2359 3262; x_wconf 81' lang='lat' dir='ltr'><strong>Aen.</strong></span> <span class='ocrx_word' id='word_1_267' title='bbox 2397 3212 2453 3277; x_wconf 91' lang='lat'><strong><em>1,</em></strong></span> 
     </span>
     <span class='ocr_line' id='line_1_36' title="bbox 451 3285 2525 3369; baseline 0.001 -24"><span class='ocrx_word' id='word_1_268' title='bbox 451 3294 581 3347; x_wconf 83' lang='lat'><strong><em>292.</em></strong></span> <span class='ocrx_word' id='word_1_269' title='bbox 647 3290 730 3349; x_wconf 88' lang='lat' dir='ltr'><strong><em>Ut</em></strong></span> <span class='ocrx_word' id='word_1_270' title='bbox 773 3290 941 3349; x_wconf 84' lang='lat' dir='ltr'><strong>etiam</strong></span> <span class='ocrx_word' id='word_1_271' title='bbox 977 3292 1035 3349; x_wconf 90' lang='lat' dir='ltr'><strong>in</strong></span> <span class='ocrx_word' id='word_1_272' title='bbox 1064 3292 1250 3369; x_wconf 85' lang='lat' dir='ltr'><strong>primo</strong></span> <span class='ocrx_word' id='word_1_273' title='bbox 1280 3288 1577 3351; x_wconf 80' lang='lat' dir='ltr'><strong>Aeneidos</strong></span> <span class='ocrx_word' id='word_1_274' title='bbox 1618 3288 1896 3359; x_wconf 80' lang='lat' dir='ltr'><strong>diximus,</strong></span> <span class='ocrx_word' id='word_1_275' title='bbox 1934 3287 2245 3349; x_wconf 75' lang='lat' dir='ltr'><strong>Suetonius</strong></span> <span class='ocrx_word' id='word_1_276' title='bbox 2269 3285 2453 3345; x_wconf 87' lang='lat' dir='ltr'><strong>Tran-</strong></span> <span class='ocrx_word' id='word_1_277' title='bbox 2473 3307 2525 3348; x_wconf 76' lang='lat'><strong><em>35</em></strong></span> 
     </span>
     <span class='ocr_line' id='line_1_37' title="bbox 451 3333 2455 3450; baseline 0 -22"><span class='ocrx_word' id='word_1_278' title='bbox 451 3370 662 3447; x_wconf 85' lang='lat' dir='ltr'><strong>quillus</strong></span> <span class='ocrx_word' id='word_1_279' title='bbox 685 3370 803 3432; x_wconf 85' lang='lat' dir='ltr'><strong>hoe</strong></span> <span class='ocrx_word' id='word_1_280' title='bbox 839 3374 911 3432; x_wconf 91' lang='lat' dir='ltr'><strong>de</strong></span> <span class='ocrx_word' id='word_1_281' title='bbox 945 3373 1214 3450; x_wconf 84' lang='lat' dir='ltr'><strong>Augusto</strong></span> <span class='ocrx_word' id='word_1_282' title='bbox 1258 3380 1695 3447; x_wconf 76' lang='lat' dir='ltr'><strong>commemorat,</strong></span> <span class='ocrx_word' id='word_1_283' title='bbox 1740 3333 1985 3449; x_wconf 60' lang='lat' dir='ltr'><strong>quod&#39;am</strong></span> <span class='ocrx_word' id='word_1_284' title='bbox 2032 3378 2300 3447; x_wconf 80' lang='lat' dir='ltr'><strong>tempore</strong></span> <span class='ocrx_word' id='word_1_285' title='bbox 2328 3378 2455 3429; x_wconf 81' lang='lat' dir='ltr'><strong>tres</strong></span> 
     </span>
     <span class='ocr_line' id='line_1_38' title="bbox 450 3453 2454 3533; baseline 0 -22"><span class='ocrx_word' id='word_1_286' title='bbox 450 3462 648 3530; x_wconf 87' lang='lat' dir='ltr'><strong>partes</strong></span> <span class='ocrx_word' id='word_1_287' title='bbox 697 3456 901 3533; x_wconf 87' lang='lat' dir='ltr'><strong>populi</strong></span> <span class='ocrx_word' id='word_1_288' title='bbox 955 3458 1357 3518; x_wconf 82' lang='lat' dir='ltr'><strong>consentiente</strong></span> <span class='ocrx_word' id='word_1_289' title='bbox 1402 3464 1602 3516; x_wconf 82' lang='lat' dir='ltr'><strong>senatu</strong></span> <span class='ocrx_word' id='word_1_290' title='bbox 1644 3454 1925 3514; x_wconf 87' lang='lat' dir='ltr'><strong>obtulisse</strong></span> <span class='ocrx_word' id='word_1_291' title='bbox 1972 3455 2025 3513; x_wconf 88' lang='lat' dir='ltr'><strong>ei</strong></span> <span class='ocrx_word' id='word_1_292' title='bbox 2068 3454 2177 3513; x_wconf 86' lang='lat' dir='ltr'><strong>tria</strong></span> <span class='ocrx_word' id='word_1_293' title='bbox 2221 3453 2454 3512; x_wconf 85' lang='lat' dir='ltr'><strong>nomina</strong></span> 
     </span>
     <span class='ocr_line' id='line_1_39' title="bbox 453 3535 2452 3617; baseline 0.001 -24"><span class='ocrx_word' id='word_1_294' title='bbox 453 3535 706 3615; x_wconf 77' lang='lat' dir='ltr'><strong>QuIrini,</strong></span> <span class='ocrx_word' id='word_1_295' title='bbox 754 3537 1039 3617; x_wconf 80' lang='lat' dir='ltr'><strong>Augusti,</strong></span> <span class='ocrx_word' id='word_1_296' title='bbox 1086 3538 1376 3600; x_wconf 81' lang='lat' dir='ltr'><strong>Caesaris.</strong></span> <span class='ocrx_word' id='word_1_297' title='bbox 1428 3539 1539 3599; x_wconf 90' lang='lat' dir='ltr'><strong>Ille</strong></span> <span class='ocrx_word' id='word_1_298' title='bbox 1579 3557 1653 3597; x_wconf 88' lang='lat' dir='ltr'><strong><em>ne</em></strong></span> <span class='ocrx_word' id='word_1_299' title='bbox 1681 3556 1849 3598; x_wconf 90' lang='lat' dir='ltr'><strong>unum</strong></span> <span class='ocrx_word' id='word_1_300' title='bbox 1882 3536 2155 3615; x_wconf 85' lang='lat' dir='ltr'><strong>eligendo</strong></span> <span class='ocrx_word' id='word_1_301' title='bbox 2186 3537 2330 3596; x_wconf 83' lang='lat' dir='ltr'><strong>alias</strong></span> <span class='ocrx_word' id='word_1_302' title='bbox 2358 3536 2452 3597; x_wconf 78' lang='lat' dir='ltr'><strong><em>of·</em></strong></span> 
     </span>
    </p>
   </div>
   <div class='ocr_carea' id='block_1_9' title="bbox 2641 586 2646 1143">
    <p class='ocr_par' dir='ltr' id='par_1_12' title="bbox 2641 586 2646 1143">
     <span class='ocr_line' id='line_1_40' title="bbox 2641 586 2646 1143; baseline 0 0"><span class='ocrx_word' id='word_1_303' title='bbox 2641 586 2646 1143; x_wconf 95' lang='lat' dir='ltr'><strong><em> </em></strong></span> 
     </span>
    </p>
   </div>
   <div class='ocr_carea' id='block_1_10' title="bbox 2641 3434 2646 4188">
    <p class='ocr_par' dir='ltr' id='par_1_13' title="bbox 2641 3434 2646 4188">
     <span class='ocr_line' id='line_1_41' title="bbox 2641 3434 2646 4188; baseline 0 0"><span class='ocrx_word' id='word_1_304' title='bbox 2641 3434 2646 4188; x_wconf 95' lang='lat' dir='ltr'><strong><em> </em></strong></span> 
     </span>
    </p>
   </div>
  </div>
 </body>
</html>
