2700 4234
944 345 1122 391 PRAE
1129 346 1360 397 luno.
1842 351 2049 401 xxvn

233 509 286 559 ut
313 518 486 574 saepe
520 518 625 573 per
654 502 847 557 decem
875 502 966 557 vel
998 503 1290 561 duodecim
1320 505 1587 579 deinceps
1621 508 1802 580 capita
1830 524 1901 564 ne
1931 526 2039 567 una

231 586 444 657 quidem
477 584 719 641 varietas
750 585 1088 657 proferatur,
1121 587 1178 642 in
1202 589 1453 645 secundo
1483 596 1541 644 et
1568 592 1737 646 tertio
1767 592 1915 648 libro
1952 592 2039 648 in-

229 676 418 740 tegrae
453 685 507 740 p.
542 674 764 728 59-85
795 672 852 723 ct
873 686 934 741 p·
975 677 1262 731 llo—118
1289 671 1517 728 silentio
1548 678 1921 744 transeantur,
1954 681 2039 732 ta-

226 768 340 807 men
373 752 463 807 vel
510 751 570 806 in
609 750 698 806 his
735 750 956 807 miseris
998 754 1397 824 speciminibus
1434 756 1675 826 vestigia
1708 759 2039 828 praeclarae

226 834 425 891 indolis
460 834 654 889 insunt
679 834 992 891 manifesta.
1081 837 1179 892 Sic
1207 854 1261 907 p.
1293 843 1397 907 38,
1432 844 1497 897 16
1528 845 1586 893 et
1612 844 1679 898 25
1706 856 1907 912 mayno
1950 844 2033 895 in-

225 919 439 973 tervallo
463 932 578 988 per
609 923 667 973 et
693 918 918 973 Aemilio
949 920 1107 991 Papo
1137 920 1292 975 solus
1334 926 1623 991 utrumque
1652 928 1808 978 recte
1835 925 2034 990 babet3

226 1001 456 1057 omnium
488 1002 784 1057 maximum
814 1000 912 1065 sit,
953 1003 1099 1075 quod
1129 1021 1180 1074 p.
1218 1008 1301 1072 12,
1338 1012 1368 1063 1
1406 1003 1655 1060 lacunam
1687 1006 1917 1077 explere
1946 1009 2035 1063 vi-

228 1085 381 1140 detur
413 1100 646 1140 numero
687 1083 862 1141 0000
900 1085 1086 1142 addito
1107 1128 1124 1156 ‚
1170 1086 1264 1157 qui
1296 1092 1354 1141 et
1382 1086 1507 1158 ipse
1540 1088 1683 1159 apud
1713 1087 2035 1161 Eutropium

228 1174 416 1223 exstat.
466 1167 691 1240 Operae
721 1166 895 1237 igitur
925 1170 1159 1240 pretium
1193 1169 1407 1224 faceret
1428 1169 1521 1239 qui
1552 1171 2034 1228 huchaticanum

227 1251 470 1307 codicem
502 1250 822 1322 requireret
853 1251 1174 1324 inventique
1208 1253 1399 1325 apices
1436 1267 1627 1308 omnes
1660 1255 1953 1310 rimaretur
1982 1263 2038 1312 et

233 1350 348 1387 cum
394 1335 636 1405 vulgatis
687 1342 1062 1405 componeret.
1152 1336 1537 1393 Bibliothecae
1584 1337 1888 1394 Vaticanae
1934 1356 2037 1394 nu-

226 1417 361 1472 meri
395 1418 464 1473 ad
499 1417 826 1474 Suetonium
855 1424 1174 1490 spectantes
1205 1418 1261 1474 hi
1291 1424 1446 1473 sunt:
1491 1424 1642 1480 1860.
1676 1426 2033 1482 1904-1915.

223 1506 372 1560 2966.
409 1507 563 1561 3335.
601 1506 759 1561 3336·

335 1584 560 1640 Interim
595 1600 708 1639 nou
735 1584 1130 1655 negligendum
1160 1593 1246 1640 est
1289 1585 1513 1641 tertium
1549 1585 1802 1642 codicum
1835 1602 2033 1657 genus,
2054 1582 2203 1673 0323
2227 1583 2337 1675 &¹²¹2

225 1667 288 1721 ad
325 1668 471 1738 quod
517 1667 807 1723 referendi
847 1674 976 1723 sunt
1011 1667 1195 1724 codex
1229 1669 1607 1725 Parisinus
1654 1674 1827 1727 6116
1866 1686 1897 1724 a
1946 1685 2033 1723 me
2080 1682 2257 1741 eiusque
2280 1685 2338 1727 ιι-

222 1750 516 1820 diligenter
577 1750 921 1805 examinatus
968 1756 1024 1805 et
1064 1751 1435 1807 Mediceus
1480 1751 1845 1807 secundus
1889 1752 2034 1822 apud
2139 1732 2280 1776 ''¹¹¹²“

221 1831 705 1905 Oudendorpium,
749 1838 865 1889 tum·
899 1834 1149 1890 incertae
1196 1834 1435 1905 originis
1479 1840 1832 1906 excerpta
1878 1834 2031 1888 Lis-

219 1916 509 1987 laeana‚
542 1915 974 1987 Cuiaciana,
1007 1918 1534 1987 Bougarsiana‚
1565 1911 2028 1991 Vossiana¹⁶).

348 2070 438 2143 16)
485 2080 669 2131 Codex
697 2078 958 2129 Parisinus
1008 2092 1216 2130 numero
1255 2094 1390 2129 nunc
1432 2079 1605 2136 6116,
1660 2080 1712 2129 in
1746 2077 1844 2129 XII
1876 2079 2032 2130 libros

216 2148 403 2199 divisus
420 2186 436 2211 ‚
475 2147 637 2198 nullis
671 2148 891 2212 capitum
921 2147 1228 2209 intervallis,
1272 2148 1521 2213 incipiens
1554 2148 1656 2197 sic:
1692 2146 1811 2197 Gaii
1847 2146 2030 2199 Sueto-

215 2220 281 2268 nii
311 2217 581 2283 tranquilli
609 2218 674 2266 de
707 2217 812 2265 vita
841 2232 1067 2266 cesarum
1094 2216 1177 2267 lib.
1198 2215 1244 2265 Ι.
1291 2216 1483 2279 Incipit
1506 2217 1647 2267 divus
1682 2214 1860 2265 Iulius.
1922 2215 2032 2263 An-

215 2302 316 2336 num
349 2302 508 2351 ayens
536 2299 709 2346 cesar,
739 2283 792 2333 in
828 2285 928 2334 fine
948 2283 1144 2336 Sidonii
1170 2283 1231 2349 (i.
1265 2300 1310 2334 e.
1335 2282 1582 2348 Ausonii)
1617 2297 1809 2333 versus.
1876 2282 2031 2333 Cesa-

215 2370 328 2405 reos
359 2365 452 2404 etc.
488 2354 790 2411 continens,
825 2354 1028 2403 saeculo
1057 2352 1157 2403 XII
1200 2353 1420 2417 scriptus
1440 2389 1454 2414 ‚
1497 2364 1655 2417 supra
1683 2365 1861 2400 versus
1900 2358 1949 2400 et
1978 2352 2032 2401 in

214 2424 527 2489 marginibus
573 2420 800 2471 secunda
843 2428 1010 2471 manu·
1030 2420 1359 2471 multifariam
1387 2427 1671 2482 correctus,
1722 2419 1788 2468 ad
1824 2432 2031 2469 manum

215 2492 368 2541 fuisse
397 2492 604 2541 videtur
636 2490 736 2539 iam
771 2488 1026 2555 Stephano
1069 2504 1116 2540 a.
1158 2488 1291 2540 1543
1325 2496 1376 2538 et
1406 2488 1641 2539 Turnebo
1676 2488 1763 2551 qui
1793 2502 1886 2553 per
1926 2495 2031 2539 tota

214 2560 520 2609 Adversaria
567 2558 728 2607 multa
757 2558 876 2608 inde
904 2558 1140 2623 protulit,
1175 2564 1309 2607 certe
1341 2558 1662 2617 casaubono,
1699 2557 1786 2621 qui
1818 2556 1883 2605 ad
1916 2556 2031 2606 Divi

214 2628 321 2678 Iulii
351 2642 464 2693 cap.
499 2626 573 2678 78
607 2627 962 2691 perantiquum
991 2626 1282 2692 appellavit.
1355 2625 1554 2677 Contuli
1586 2639 1683 2690 ego
1715 2638 1890 2674 mense
1923 2627 2029 2674 Au·
2122 2662 2131 2669 .

215 2702 358 2761 gusto
393 2696 530 2747 1855
545 2732 564 2757 ,
611 2708 725 2743 cum
760 2694 824 2743 de
869 2694 1228 2745 vetustioribus
1270 2694 1515 2744 Parisinis
1556 2692 1694 2742 hunc
1727 2693 2028 2743 Memmiana

214 2763 610 2814 dissimillimum
638 2776 752 2812 esse
784 2772 1022 2829 expertus
1057 2777 1244 2814 essem.
1279 2788 1348 2800 —
1378 2762 1611 2813 codicem
1640 2760 1918 2810 Mediceum
1947 2774 2030 2810 se-

215 2832 448 2895 cundum,
480 2832 651 2899 plutei
681 2830 749 2881 64
779 2846 988 2881 numero
1011 2830 1062 2896 8,
1097 2830 1340 2881 foliorum
1370 2830 1801 2895 quaternas-iorum
1822 2831 1906 2889 72,·
1940 2842 2030 2876 va·

215 2899 301 2949 riis
346 2900 657 2950 lectionibus
707 2901 1071 2965 marginalibus
1123 2898 1415 2965 oppletum,
1469 2911 1603 2947 saec.
1658 2895 1777 2947 XIII
1824 2897 2029 2945 ineunte

215 2968 478 3033 scriptum,
514 2967 732 3019 Iacobus
765 2966 1046 3019 Gronovius
1075 2967 1310 3026 contulit,
1360 2965 1589 3017 adhibuit
1618 2964 2025 3031 Oudendorpius.

215 3065 278 3075 —
313 3037 387 3086 De
429 3036 704 3101 Excerptis
746 3036 988 3102 impedita
1019 3052 1100 3087 res
1143 3044 1238 3085 est.
1310 3036 1535 3086 Primum
1576 3034 1911 3085 nominandus
1950 3039 2029 3082 est

215 3101 345 3153 Hier.
381 3103 671 3157 Groslotius
703 3104 934 3154 Lislaeus
962 3105 1363 3163 Aurelianensis.
1437 3104 1485 3153 ls
1534 3103 1690 3167 igitur
1730 3108 1967 3167 excerpta
1999 3113 2028 3149 e

216 3171 383 3223 codice
414 3175 590 3239 aliquo
622 3172 690 3221 ad
717 3173 946 3239 Lipsinm
975 3173 1220 3223 mittenda
1247 3172 1459 3233 curavit,
1492 3184 1621 3234 quae
1651 3170 1736 3221 ille
1768 3169 2028 3234 accepisse

219 3244 419 3307 negavit
455 3257 504 3293 a.
543 3240 697 3303 1587,
731 3242 848 3291 vide
875 3240 1116 3307 Syllogen
1148 3239 1571 3291 Burmannianam
1611 3240 1632 3290 I
1664 3254 1716 3304 p.
1750 3236 1868 3287 347.
1904 3236 2027 3287 359.

219 3308 350 3359 Idem
381 3311 689 3361 casaubono
723 3324 772 3359 a.
807 3309 938 3362 1595
979 3308 1193 3360 schedas
1226 3309 1461 3367 tradidit,
1498 3322 1562 3356 ex
1592 3307 1768 3357 eodem
1801 3312 1857 3355 ut
1888 3304 2029 3354 vide-

219 3386 296 3426 tur
326 3387 499 3429 vetere
532 3378 706 3429 codice
735 3379 1016 3444 decerptas.
1089 3378 1216 3427 Eum
1247 3378 1470 3427 codicem
1500 3375 1826 3426 Guiaciannm
1864 3371 2029 3423 fuisse
2076 3412 2087 3421 .

221 3452 267 3493 et
296 3460 325 3493 a
351 3447 639 3513 Bongarsio
671 3447 921 3508 collatum,
956 3447 1104 3496 certis
1141 3446 1454 3512 argumentis
1481 3444 1687 3510 probari
1720 3457 1875 3509 posse
1906 3454 2029 3491 con-

222 3510 337 3561 fido.
407 3514 615 3581 Lipsius
657 3515 791 3565 enim
832 3517 886 3564 in
933 3514 1183 3564 adnotatis
1225 3515 1290 3564 ad
1331 3512 1625 3564 Suetonium
1668 3526 1700 3561 a
1736 3511 2026 3562 Burmanno

223 3578 365 3631 editis
409 3582 602 3633 Guiacii
649 3582 751 3633 MS.
803 3584 1005 3650 saepius
1055 3588 1414 3633 commemorat
1461 3588 1511 3631 et
1552 3588 1784 3646 superest
1824 3581 1878 3630 in
1914 3576 2031 3626 Lel-
