2700 4234
898 322 1105 369 mVUs
1153 322 1536 371 AUGUSTUS.
2137 312 2212 373 41

225 492 347 541 tem.
394 479 730 540 Profectum
762 495 899 538 mox
946 477 1288 537 avunculum
1322 479 1380 536 in
1413 478 1720 557 Hispanias
1768 479 2048 540 adversus
2101 478 2220 541 CN.

223 565 453 643 Pompei
503 562 757 638 liberOS,
802 561 1033 621 vixdum
1082 563 1275 621 firmus
1317 580 1349 621 a
1394 566 1559 639 gravi
1609 563 1946 639 valitudine,
2002 582 2110 641 per
2139 566 2220 625 in·

222 651 392 709 festas
438 645 704 707 hostibus
752 647 876 705 vias
924 648 1286 724 paucissimis
1336 646 1641 706 comitibus
1687 648 1992 723 naufragio
2054 649 2224 707 etiam

222 734 369 793 sacto
438 730 819 806 subsecutuS,
900 748 1259 808 magnopere
1326 728 1638 806 demeruit,
1717 730 2040 810 approbata
2107 734 2222 791 cito

184 818 385 876 :setiam
420 832 643 875 morum
678 813 875 873 indole
910 832 1089 893 super
1120 814 1343 873 itineris
1377 812 1728 873 industriam.

340 898 595 959 Caesare
628 906 765 977 post
807 906 1082 976 receptas
1123 897 1430 975 Hispanias
1459 898 1892 977 expeditionem
1931 902 1991 958 in
2028 900 2224 961 Dacos

222 993 275 1043 et
299 982 433 1043 inde
460 986 517 1042 in
536 982 781 1043 Parthos
806 981 1163 1058 destinante,
1208 982 1559 1059 praemissus
1594 982 1968 1061 Apolloniam
2024 984 2226 1043 studiis

222 1069 463 1129 vacavit.
508 1068 703 1144 thue
730 1067 971 1144 primum
1005 1068 1262 1126 occisum
1296 1082 1426 1124 eum
1461 1065 1853 1145 heredemque
1889 1086 1958 1127 se
1990 1086 2223 1147 compe-

217 1154 318 1227 rit,
366 1150 463 1210 diu
507 1158 805 1210 cunctatus
845 1168 915 1211 an
953 1150 1250 1229 proximas
1286 1148 1559 1226 legiones
1595 1151 1968 1230 imploraret,
2008 1152 2066 1213 id
2104 1153 2224 1231 qui-

158 1244 201 1285 10
218 1236 346 1295 dem
370 1234 671 1293 consilium
694 1241 754 1292 ut
776 1251 1067 1313 praeceps
1082 1236 1533 1313 inmaturumque
1552 1237 1764 1311 omisit,
1799 1242 2057 1295 ceterum
2081 1235 2224 1295 urbe

217 1320 467 1396 repetita
520 1316 899 1377 hereditatem
955 1318 1117 1393 adiit,
1198 1316 1493 1377 dubitante
1547 1328 1762 1397 matre,
1823 1319 2032 1380 vitrico
2079 1336 2222 1380 vero

215 1402 436 1461 Marcio
461 1401 728 1481 Philippo
757 1401 1049 1463 consulari
1091 1401 1328 1463 multum
1359 1400 1748 1465 dissuadente.
1811 1402 2005 1483 Atque
2040 1404 2112 1465 ab
2151 1420 2224 1463 eo

216 1495 481 1565 tempore
518 1485 875 1546 exercitibus
912 1487 1264 1565 comparatis
1297 1488 1539 1564 primum
1585 1505 1712 1546 cum
1741 1486 1820 1547 Μ.
1853 1487 2108 1549 Antonio
2147 1487 2222 1549 M.

218 1588 325 1647 que
368 1568 593 1648 Lepido
636 1568 843 1631 deinde
882 1579 1095 1633 tantum
1146 1588 1275 1629 cum
1315 1569 1572 1630 Antonio
1609 1590 1717 1649 per
1759 1570 2064 1631 duodecim
2099 1572 2228 1631 fere

150 1663 196 1705 15
217 1672 430 1730 annos,
472 1654 791 1713 novissime
829 1674 937 1735 per
978 1661 1249 1734 quattuor
1292 1662 1351 1712 et
1385 1653 1762 1732 quadraginta
1805 1655 1968 1714 solus
2007 1673 2130 1714 rem
2167 1674 2225 1734 p.

215 1740 410 1798 tenuit.

342 1820 655 1901 Proposita
695 1824 847 1882 vitae
894 1823 1019 1881 eius
1044 1823 1205 1883 velut
1256 1839 1500 1899 summa,
1543 1831 1741 1901 partes
1766 1822 2100 1900 singillatim
2123 1842 2219 1883 ne·
2243 1832 2278 1887 9

215 1922 325 1982 que
374 1924 485 1984 per
520 1914 783 1984 tempora
819 1904 924 1965 sed
959 1924 1069 1984 per
1110 1907 1342 1985 species
1381 1924 1703 1984 exsequar,
1754 1924 1868 1987 quo
1907 1906 2226 1967 distinctius

216 1987 598 2050 demonstrari
630 1990 1033 2068 cognoscique
1063 1990 1309 2069 possint.

146 2082 195 2121 20
338 2071 506 2132 Bella
559 2072 751 2133 civilia
802 2075 1053 2153 quinque
1100 2075 1315 2152 gessit:
1387 2074 1742 2150 Mutinense,
1829 2074 2225 2155 Philippense,

214 2156 587 2235 Perusinum,
636 2155 921 2234 Siculum,
967 2157 1307 2227 Actiacum;
1346 2176 1380 2217 e
1416 2157 1620 2236 quibus
1657 2158 1898 2236 primum
1935 2177 2006 2218 ac
2033 2161 2225 2218 novis-

213 2241 410 2299 simum
451 2238 738 2300 adversus
774 2238 851 2300 M.
893 2240 1235 2318 Antonium,
1296 2241 1611 2301 secundum
1665 2240 1946 2301 adversus
1995 2242 2227 2303 Brutum

214 2332 269 2382 et
294 2322 591 2400 Cassium,
630 2326 860 2384 tertium
884 2324 1165 2385 adversus
1198 2326 1260 2385 L.
1294 2324 1604 2385 Antonium
1643 2326 1922 2384 triumviri
1967 2325 2224 2402 fratrem,

214 2416 474 2485 quartum
516 2407 799 2469 adversus
840 2408 1077 2469 Sextum
1110 2410 1446 2489 Pompeium
1473 2408 1594 2470 CN.
1625 2407 1692 2468 F.
1753 2408 2012 2468 Omnium
2038 2408 2221 2468 bello·
2247 2418 2312 2469 lo

147 2508 195 2547 25
213 2509 335 2549 rum
376 2492 598 2553 initium
629 2502 686 2551 et
728 2510 957 2553 causam
988 2494 1121 2554 hinc
1171 2495 1442 2572 sumpsit:
1483 2492 1620 2553 nihil
1655 2494 2093 2553 convenientius
2129 2493 2226 2552 du-

217 2593 351 2634 cens
396 2594 570 2656 quam
614 2594 820 2636 necem
865 2577 1133 2637 avunculi
1168 2578 1464 2638 vindicare
1509 2579 1772 2657 tuerique
1819 2585 1976 2655 acta,
2030 2577 2226 2638 confe-

214 2659 341 2718 stim
378 2669 437 2719 ut
474 2659 797 2740 Apollonia
827 2661 1028 2740 rediit,
1078 2662 1313 2727 Brutum
1364 2661 1741 2741 Cassiumque
1789 2670 1849 2721 et
1899 2664 1954 2721 vi
1989 2662 2227 2740 necopi-

214 2743 396 2801 nantis
432 2753 491 2805 et
528 2746 697 2825 (quia
732 2747 1028 2823 provisum
1078 2745 1402 2825 periculum
1449 2745 1956 2823 subterfugerant)
1994 2744 2228 2822 legibus

216 2825 456 2901 adgredi
502 2845 762 2907 reosque
802 2829 998 2889 caedis
1044 2830 1300 2891 absentis
1342 2829 1576 2890 deferre
1630 2830 1842 2889 statuit.
1903 2828 2094 2887 Ludos
2131 2846 2225 2887 au-

144 2930 191 2971 30
214 2917 330 2967 tem
368 2910 655 2972 victorIae
692 2910 997 2990 Caesaris,
1046 2932 1160 2973 non
1205 2914 1551 2973 audentibus
1594 2913 1794 2973 facere
1843 2911 2048 2991 quibus
2079 2912 2228 2990 opti·

210 3002 379 3069 gerat
406 2993 463 3054 id
487 3012 727 3073 munUS,
780 2997 911 3075 ipse
940 2997 1139 3057 edidit.
1184 2998 1261 3057 Et
1290 3015 1406 3076 quo
1453 2997 1812 3058 constantius
1853 3003 2050 3055 cetera
2087 3012 2227 3073 quo-

211 3094 321 3154 que
352 3087 782 3158 exequeretur,
830 3082 888 3139 in
932 3081 1123 3142 locum
1151 3082 1269 3142 TR.
1309 3081 1416 3142 PL.
1458 3082 1612 3142 forte
1647 3080 1929 3140 demortui
1963 3077 2226 3139 candida-

210 3167 323 3218 tum
360 3180 427 3221 se
473 3162 762 3241 ostendit,
816 3176 1137 3245 quanquam
1176 3166 1456 3244 patricius
1497 3164 1743 3225 necdum
1783 3171 2038 3223 senator.
2109 3161 2228 3222 Sed

211 3242 562 3306 adversante
624 3247 925 3307 conatibus
979 3253 1097 3309 suis
1148 3248 1226 3309 Μ.
1268 3248 1521 3309 Antonio
1583 3248 1853 3325 consule,
1915 3264 2084 3327 quem
2130 3246 2226 3305 vel

145 3350 192 3391 35
214 3330 599 3409 praecipuum
636 3330 957 3391 adiutorem
1008 3342 1380 3411 speraverat,
1441 3352 1511 3393 ac
1553 3351 1626 3392 ne
1662 3331 1954 3411 publicum
1998 3330 2226 3410 quidem

213 3419 272 3467 et
314 3414 720 3473 translativum
754 3416 845 3474 ius
878 3414 997 3475 ulla
1040 3418 1098 3474 in
1128 3436 1193 3476 re
1226 3417 1335 3476 sibi
1371 3418 1498 3476 sine
1539 3417 1812 3497 pactione
1845 3416 2226 3494 gravissimae

210 3495 499 3556 mercedis
535 3499 938 3576 impertiente,
993 3499 1065 3559 ad
1095 3500 1404 3578 optimates
1442 3518 1506 3559 se
1549 3499 1822 3577 contulit,
1862 3499 2068 3577 quibus
2099 3514 2226 3557 eum

210 3576 453 3637 invisum
498 3580 825 3659 sentiebat,
872 3586 1119 3643 maxime
1158 3584 1312 3663 quod
1344 3584 1416 3643 D.
1455 3583 1692 3644 Brutum
1729 3583 2034 3644 obsessum
2062 3580 2226 3641 Muti-
