2700 4234
547 282 664 347 314
1091 294 1153 342 c.
1198 290 1525 343 sunroun
1560 290 1991 350 TRANQUILLI

668 450 891 526 Status,
939 446 1206 525 statutus]
1255 453 1495 505 statutus
1538 453 1629 505 est
1671 444 2029 519 collocatus,
2084 451 2267 503 status
2308 443 2525 506 habitus

547 532 791 593 stantis.-

669 614 926 693 Accidit‚
972 614 1246 691 contigit,
1278 613 1504 690 evenit,
1550 609 1770 690 incidit]
1802 609 2011 670 accidit
2040 626 2223 687 grave
2257 616 2314 668 et
2341 614 2523 677 triste;

549 699 790 778 contigit
818 697 972 778 quod
1005 699 1244 777 petitum
1273 704 1332 755 et
1360 694 1573 755 bouum
1603 702 1721 770 est,
1765 694 1927 772 quasi
1958 694 2289 769 contiguum
2333 692 2526 753 labore

547 793 708 853 acto;
752 782 947 843 evenit
979 779 1133 860 quod
1164 780 1326 859 quasi
1358 786 1523 838 extra
1552 777 1740 854 venit,
1785 775 1844 836 id
1872 785 1962 836 est
1991 775 2144 856 quod
2173 793 2285 835 nec
2319 777 2524 853 cogita·
2546 796 2571 837 ⁵

544 868 726 927 vimus
759 883 870 926 nec
899 863 1204 944 petivimus
1247 880 1359 921 nec
1388 862 1703 931 timuimusg
1742 859 1941 920 incidit
1969 861 2064 939 qui
2096 859 2155 917 in
2186 876 2308 918 rem
2343 862 2527 939 inspe-

541 957 722 1010 ratam
755 947 984 1009 cecidit.

658 1031 777 1111 Ad]
804 1046 1221 1108 nonnumquam
1241 1028 1376 1088 loco
1414 1027 1703 1101 convenit,
1733 1042 2151 1103 nonnumquam
2182 1043 2487 1104 personae.

659 1114 817 1176 Inter
847 1113 1001 1194 apud
1033 1122 1091 1172 et
1120 1111 1328 1190 penes]
1369 1108 1520 1188 apud
1551 1126 1861 1188 personam
1890 1108 2179 1187 significat
2206 1109 2239 1150 *
2271 1108 2303 1150 *

1317 1208 1350 1249 *
1522 1207 1554 1247 ιιι
1724 1207 1756 1247 ιιι
2547 1222 2590 1263 10

665 1290 1055 1354 Innocentem
1093 1298 1152 1351 et
1198 1286 1549 1375 innocuum]
1583 1290 1875 1351 innocens
1920 1289 2253 1351 sanctitate
2298 1307 2529 1351 morum

540 1376 936 1452 intellegitur,
973 1376 1256 1437 innocuus
1288 1374 1385 1453 qui
1411 1390 1527 1435 non
1554 1373 1729 1435 habet
1759 1376 1874 1433 vim
1901 1372 2171 1434 nocendi.

660 1472 692 1514 *
738 1470 986 1533 nimbum
1019 1481 1078 1533 et
1121 1472 1397 1553 pluviam]
1431 1473 1464 1514 *
1494 1473 1527 1514 *
1574 1472 1765 1552 pluvia
1796 1480 1888 1532 est
1927 1488 2095 1551 quam
2127 1472 2185 1531 vi
2230 1480 2527 1533 ventorum

537 1556 722 1617 nubes
765 1556 1008 1636 pluvere
1055 1565 1365 1634 coguntur,
1413 1554 1471 1615 id
1500 1564 1590 1615 est
1620 1555 1788 1635 pulsu
1828 1555 2089 1615 violente
2130 1557 2455 1635 exprimunt
2496 1574 2527 1617 e

536 1640 782 1700 nubibus
813 1640 998 1710 venti;
1029 1640 1250 1699 nimbus
1281 1638 1564 1699 interdum
1596 1640 1841 1718 erumpit
1865 1648 1927 1699 ut
1956 1638 2206 1717 aliquam
2233 1640 2382 1700 caeli
2402 1658 2524 1719 par-
2544 1657 2585 1698 ιε

536 1733 651 1784 tem
681 1725 957 1784 minorem
989 1731 1271 1802 occupet,
1315 1724 1592 1783 maiorem
1622 1739 1886 1783 serenam
1919 1721 2225 1801 relinquat.

665 1806 816 1867 Iram
841 1814 898 1867 et
925 1806 1300 1885 iracundiam]
1342 1806 1427 1865 ira
1460 1824 1536 1865 ex
1560 1824 1731 1867 causa
1760 1806 2033 1883 nascitur,
2080 1806 2377 1867 iracundia
2400 1825 2523 1887 per-

535 1900 768 1969 petuum
790 1889 986 1949 vitium
1013 1892 1217 1949 mentis
1249 1898 1308 1948 et
1337 1892 1597 1967 pectoris
1626 1898 1735 1949 est.

658 1972 956 2033 Iuventam
998 1974 1348 2032 iuventutem
1395 1981 1453 2032 et
1494 1973 1881 2052 iuventatem]
1939 1974 2204 2034 iuventus
2255 1981 2347 2033 eet
2389 1972 2522 2033 mul·

533 2054 712 2115 titudo
756 2055 1054 2132 iuvenum,
1098 2054 1337 2115 Iuventa
1370 2054 1477 2117 dea
1516 2056 1819 2116 iuvenibus
1848 2057 2220 2137 praesidem,
2266 2058 2524 2117 iuventas
2539 2076 2582 2117 κο

532 2139 660 2218 ipsa
695 2136 875 2199 aetas‘.

661 2220 967 2282 immolare
1003 2231 1062 2282 et
1103 2222 1381 2301 mactare]
1418 2221 1699 2283 immolari
1728 2223 1936 2284 dicitur
1964 2222 2186 2301 hostia,
2221 2222 2527 2285 cum‘mola

535 2306 688 2367 salsa
717 2307 774 2364 in
807 2313 981 2384 caput
1011 2304 1238 2366 adiecta
1270 2314 1389 2375 θεῖς
1433 2314 1736 2367 mactatum
1778 2315 1967 2367 autem
1999 2308 2163 2386 quasi
2207 2309 2395 2386 magis
2434 2318 2528 2367 au·

535 2397 714 2465 ctum,
759 2388 815 2449 id
846 2397 936 2448 est
975 2389 1322 2467 ampliatum.

648 2484 768 2546 Iter
801 2494 858 2543 et
886 2486 1081 2565 itiner]
1113 2488 1224 2546 iter
1256 2504 1369 2565 quo
1400 2486 1536 2564 quid
1568 2488 1789 2565 agitur,
1830 2489 1999 2549 itiner
2026 2490 2121 2550 via
2151 2488 2374 2551 dicitur.
2546 2509 2592 2549 25

651 2580 877 2642 Initium
910 2591 968 2641 et
995 2584 1337 2662 principium
1369 2583 1484 2644 hoc
1507 2583 1721 2664 differt]
1755 2586 2098 2665 principium
2122 2587 2297 2647 totius
2330 2587 2532 2665 operis

533 2665 943 2745 cuiuscumque
959 2660 1012 2742 *‚
1053 2667 1216 2744 quasi
1262 2668 1501 2747 primum
1533 2670 1733 2748 operis
1780 2678 1979 2748 caput;
2012 2671 2227 2730 initium
2252 2670 2531 2750 frequen-

528 2748 641 2810 tius
668 2748 1089 2828 intellegimus,
1120 2758 1180 2810 et
1209 2751 1385 2811 toties
1418 2752 1729 2830 accipimus
1761 2753 1988 2831 quoties
2017 2770 2269 2834 persona
2300 2762 2399 2814 aut
2434 2771 2532 2815 res

527 2841 801 2910 mutatur,
864 2834 1028 2911 quasi
1061 2834 1234 2893 initus
1272 2835 1330 2893 in
1364 2833 1600 2899 alteram
1642 2852 1799 2903 rem:
1846 2845 1905 2896 et
1937 2838 2277 2916 principium
2322 2837 2530 2911 semel,

526 2917 745 2977 initium
773 2918 1040 2996 saepiam
1073 2918 1417 2996 principium
1452 2926 1511 2978 ut
1532 2914 1731 2979 Arma
1752 2918 2073 2999 virumque
2098 2937 2281 2997 cano,
2310 2922 2592 2981 initium&

527 2998 714 3061 Musa
737 2999 888 3062 mihi
923 3016 1159 3062 causas
1189 3018 1479 3063 memora.
1538 3002 1907 3063 Inveniuntur
1935 3013 2124 3065 tamen
2154 3004 2311 3065 initia
2330 3050 2347 3081 ‚
2380 3022 2535 3084 quae

527 3092 728 3145 natura
761 3086 848 3144 sui
882 3093 1082 3145 carent
1115 3093 1175 3145 et
1204 3086 1462 3163 speciem
1496 3088 1765 3166 principii
1808 3086 2056 3163 habent,
2101 3097 2161 3148 ut
2191 3083 2275 3149 At
2306 3089 2535 3168 regina

521 3167 712 3247 yram·
760 3166 888 3228 iam
929 3166 1159 3229 dudum
1208 3168 1435 3231 saucia
1498 3187 1654 3231 cura
1701 3179 1757 3230 et
1811 3168 1921 3231 Sic
1966 3168 2147 3249 fatur
2186 3170 2538 3233 lacrimans

527 3248 840 3330 classique
868 3251 1134 3329 immittit,
1159 3251 1461 3313 habenas.

646 3346 896 3426 Invium‚
932 3348 1188 3427 devium,
1225 3351 1443 3428 avium,
1476 3350 1762 3430 pervium]
1792 3349 2006 3411 invium
2029 3351 2153 3411 sine
2184 3354 2309 3431 via,
2340 3353 2535 3412 avium
2553 3352 2597 3394 ³⁵

524 3428 876 3509 flexuosum,
922 3430 1151 3493 devium
1192 3431 1459 3495 desertus
1500 3434 1701 3514 leena,
1746 3434 2007 3513 pervium
2038 3452 2145 3515 per
2184 3435 2341 3515 quod
2372 3452 2537 3495 com·

522 3520 764 3573 meatur.
1900 3542 1921 3555 “

2678 966 2681 1033 i

2678 1038 2681 1093 Ι
