2700 4234
479 284 556 347 18
645 295 707 344 ο.
741 294 1043 343 ammom
1079 293 1336 353 TRANQ.
1374 293 1469 339 m:
1501 293 1665 340 vrrs
1698 292 2072 340 CAESARUM
2100 293 2242 341 ΜΒ.
2276 295 2323 341 1.

476 451 767 532 equitibus
797 448 932 508 hinc
975 455 1032 507 et
1063 447 1195 508 inde
1229 448 1573 508 commissis.
1647 447 1793 508 Nam
1828 462 1943 526 quo
1973 446 2161 508 laxius
2192 447 2495 509 dimicare-

475 546 600 614 tur,
644 532 911 596 sublatae·
939 541 1128 592 metae
1163 531 1336 610 inque
1370 550 1565 592 earum
1594 531 1788 590 locum
1818 530 1951 590 bina
1986 541 2176 592 castra
2210 531 2493 593 exadver-

463 627 600 680 'sum
647 619 954 678 constituta
1003 625 1184 676 erant.
1274 615 1583 691 Athletae,
1631 615 1815 675 stadio
1852 614 1924 675 ad
1967 624 2195 695 tempus
2228 623 2498 676 extructo

475 704 722 780 regione
752 701 920 762 Marti
954 701 1169 778 campi,
1205 707 1575 759 certaverunt
1611 717 1719 777 per
1756 698 2022 760 triduum.
2081 699 2288 760 Navali
2323 718 2494 779 proe-

477 787 575 864 lio,
605 786 663 846 in
702 787 923 845 minore
958 781 1181 844 Codeta
1220 783 1463 844 defosso
1496 784 1625 843 lacu
1660 783 1911 842 biremes
1955 801 2027 844 ac
2055 785 2323 845 triremes
2356 801 2491 862 qua·
2514 800 2542 839 s

477 872 874 947 driremesque
908 867 1120 942 Tyriae
1165 877 1224 926 et
1259 867 1592 958 Aegyptiae
1626 867 1835 928 classis
1863 885 2075 945 magno
2107 877 2495 947 pugnatorum

475 971 714 1015 numero
749 951 1150 1012 conflixerunt.
1239 951 1332 1010 Ad
1406 969 1512 1011 uae
1547 954 1736 1010 omnia
1767 953 2109 1030 spectacula
2138 960 2353 1012 tautum
2394 970 2493 1010 un-

477 1039 650 1117 dique
683 1037 960 1098 confluxit
987 1034 1306 1112 hominum,
1337 1054 1373 1094 u
1429 1035 1696 1114 plerique
1728 1035 1991 1097 advenae
2020 1044 2117 1098 aut
2146 1038 2298 1095 inter
2325 1037 2495 1095 vicos

477 1131 572 1184 aut
607 1123 758 1181 inter
797 1121 924 1182 vias
962 1119 1355 1180 tabernaculis
1398 1119 1605 1198 positis
1644 1128 1972 1189 manerent;
2020 1138 2093 1180 ac
2135 1137 2319 1199 saepe
2350 1137 2492 1197 prae

477 1205 644 1266 turba
678 1205 806 1264 elisi
839 1204 1262 1282 exanimatique
1311 1204 1425 1262 sint
1458 1204 1685 1280 plurimi
1715 1212 1773 1263 et
1806 1205 1864 1262 in
1894 1203 1983 1263 his
2017 1203 2130 1264 duo
2164 1212 2490 1263 senatores,
2515 1222 2569 1262 ιο

387 1304 462 1357 40
611 1287 948 1348 Conversus
978 1287 1112 1347 hinc
1134 1286 1206 1347 ad
1231 1286 1607 1346 ordinandum
1634 1288 1721 1346 rei
1749 1286 2020 1366 publicae
2052 1297 2279 1363 statum,
2306 1287 2491 1346 fastos
2532 1323 2539 1328 -

487 1373 779 1448 correxit,
819 1375 929 1432 iam
962 1370 1182 1450 pridem
1214 1372 1355 1430 vitio
1387 1371 1721 1449 pontificum
1762 1389 1870 1450 per
1904 1370 2278 1432 intercalandi
2313 1370 2491 1431 licen-

477 1459 611 1518 tiam
645 1455 796 1516 adeo
839 1454 1136 1532 turbatos,
1179 1466 1240 1514 ut
1279 1472 1475 1533 neque
1509 1457 1780 1514 messium
1819 1455 2001 1515 feriae
2046 1463 2266 1514 aestate
2300 1471 2495 1532 neque

476 1540 889 1601 vindemiarum
920 1547 1187 1599 autumno
1225 1547 1641 1617 conpeterent;
1680 1557 2002 1618 annumque
2037 1537 2109 1598 ad
2141 1555 2370 1598 cursum
2394 1554 2492 1596 so·

477 1626 550 1685 lis
577 1623 1070 1700 accommodavit,
1120 1633 1177 1682 ut
1211 1631 1605 1682 trecentorum
1652 1625 1955 1699 sexaginta
1987 1623 2239 1700 quinque
2272 1621 2492 1680 dierum
2518 1645 2569 1686 ιε,

481 1716 658 1784 esset,
691 1717 749 1767 et
780 1706 1151 1767 intercalario
1181 1724 1385 1766 mense
1414 1706 1645 1766 sublato
1683 1725 1828 1767 unus
1860 1706 1985 1766 dies
2017 1714 2224 1785 quarto
2257 1723 2492 1785 quoque

480 1808 631 1852 anno
676 1790 1138 1851 intercalaretur.
1209 1792 1340 1865 Quo
1386 1799 1574 1850 autem
1614 1791 1801 1867 magis
1844 1792 1899 1849 in
1938 1801 2235 1870 posterum
2277 1809 2352 1849 ex
2378 1789 2492 1849 Ka·
2596 1851 2607 1878 ·

479 1874 669 1934 lendis
697 1873 981 1933 Ianuariis
1013 1874 1185 1934 novis
1220 1884 1545 1953 temporum
1577 1877 1725 1934 ratio
1764 1883 2153 1952 congrueret,
2197 1875 2345 1933 inter
2372 1872 2491 1933 No-

478 1957 776 2018 vembrem
819 1975 890 2017 ac
917 1956 1304 2018 Decembrem
1332 1976 1589 2017 mensem
1628 1959 1916 2018 interiecit
1957 1959 2105 2018 duos
2136 1958 2313 2019 alios:
2363 1957 2490 2016 tuit-

481 2058 594 2120 que
625 2041 676 2100 is
708 2059 922 2118 annus,
958 2058 1072 2119 quo
1107 2042 1257 2102 haec
1289 2041 1814 2119 constituebantur,
1854 2042 2182 2121 quindecim
2211 2041 2491 2101 mensium
2512 2063 2569 2104 20

485 2143 612 2184 cum
646 2125 1060 2202 intercalario,
1110 2128 1206 2204 qui
1237 2145 1313 2185 ex
1345 2126 1765 2186 consuetudine
1790 2128 1847 2185 in
1879 2145 2008 2186 eum
2040 2144 2245 2186 annum
2274 2123 2491 2184 incide-

393 2227 459 2278 41
484 2216 591 2269 rat.
659 2209 932 2269 Senatum
965 2210 1289 2288 supplevit,
1343 2211 1625 2287 patricios
1669 2210 1924 2287 adlegit,
1972 2219 2302 2288 praetorum
2337 2207 2492 2269 aedi-

480 2293 618 2354 lium
673 2302 1072 2370 quaestorum,
1145 2295 1429 2354 minorum
1496 2295 1665 2353 etiam
1714 2295 2145 2371 magistratuum
2198 2309 2493 2352 numerum

484 2376 808 2454 ampliavit;
852 2377 1098 2437 nudatos
1141 2395 1326 2457 opere
1370 2378 1640 2438 censorio
1675 2387 1771 2437 aut
1813 2378 2098 2438 sententia
2122 2377 2370 2437 iudicum
2413 2374 2489 2435 de

483 2459 696 2520 ambitu
731 2459 1148 2522 condemnatos
1192 2461 1459 2521 restituit.
1514 2459 1756 2521 Comitia
1806 2479 1932 2520 cum
1974 2461 2196 2539 populo
2246 2461 2493 2540 partitus
2512 2479 2567 2518 25

482 2552 574 2603 est
603 2551 697 2618 ut,
735 2546 1004 2622 exceptis
1029 2545 1363 2606 consulatus
1390 2545 1882 2624 conpetitoribus,
1916 2545 1988 2604 de
2020 2553 2219 2605 cetero
2252 2561 2491 2604 numero

483 2625 915 2687 candidatorum
950 2645 1058 2707 pro
1097 2638 1260 2707 parte
1293 2629 1521 2688 dimidia
1564 2646 1713 2707 quos
1746 2629 1999 2708 populus
2028 2629 2211 2688 vellet
2243 2645 2491 2707 pronun-

479 2711 792 2788 tiarentur,
836 2728 946 2789 pro
990 2721 1156 2790 parte
1203 2712 1389 2773 altera
1429 2729 1577 2791 quos
1620 2713 1750 2791 ipse
1796 2713 2091 2773 edidisset.
2164 2712 2241 2772 Et
2282 2711 2493 2772 edebat

481 2813 588 2872 per
617 2794 856 2856 libellos
889 2797 1104 2856 circum
1149 2796 1358 2856 tribum
1397 2798 1610 2857 missos
1653 2798 1943 2875 scriptura
1978 2796 2180 2857 brevi:
2248 2795 2493 2858 Cacsar

481 2877 753 2940 dictator
799 2878 896 2940 itte·
936 2879 1146 2942 tribui.
1223 2879 1593 2942 Commendo
1634 2879 1815 2942 vobis
1856 2881 2029 2942 illum
2069 2885 2129 2940 et
2177 2881 2383 2956 illum,
2426 2884 2498 2939 ut
2512 2891 2571 2932 30
2658 2937 2669 2944 .

479 2967 686 3022 vestro
717 2960 1022 3043 suffr-(1960
1053 2981 1234 3025 suam
1264 2964 1622 3043 diqnitatcm
1662 2970 1926 3026 teneant.
1985 2963 2233 3025 Admisit
2277 2964 2348 3025 ad
2388 2962 2492 3022 ho-

480 3063 664 3106 nores
695 3055 754 3106 et
783 3049 1251 3127 proscriptorum
1282 3049 1524 3109 liberos.
1598 3047 1817 3109 Iudicia
1853 3048 1925 3108 ad
1956 3048 2069 3108 duo
2101 3067 2322 3126 genera
2353 3045 2495 3108 iudi-

482 3148 609 3190 cum
631 3130 892 3208 redegit,
919 3134 1210 3210 equestris
1244 3132 1461 3193 ordinis
1488 3150 1558 3193 ac
1582 3132 1859 3193 senatorii
1874 3155 1889 3204 3
1918 3132 2181 3193 tribunos
2207 3132 2490 3209 aerarios,

481 3213 635 3290 quod
667 3224 793 3275 erat
824 3218 1080 3294 tertium,
1113 3216 1361 3276 sustulit.

609 3297 939 3362 Recensum
979 3301 1182 3379 populi
1211 3319 1324 3360 nec
1359 3318 1522 3361 more
1552 3319 1665 3362 nec
1695 3301 1833 3363 loco
1868 3300 2080 3379 solito,
2127 3299 2233 3360 sed
2262 3298 2494 3360 vicatim
2515 3316 2573 3359 as

483 3397 592 3454 per
633 3379 904 3442 dominos
948 3385 1260 3446 insularum
1303 3387 1451 3462 egit,
1497 3393 1671 3464 atque
1715 3404 1790 3445 ex
1840 3385 2045 3463 viginti
2093 3384 2496 3462 trecentisque

477 3463 708 3524 milibus
755 3470 1163 3546 accipientium
1204 3469 1547 3528 frumentum
1588 3487 1622 3529 e
1667 3468 1905 3548 publico
1954 3468 2026 3530 ad
2071 3477 2297 3529 centum
2332 3467 2496 3545 quin-

479 3549 759 3625 quaginta
804 3555 1081 3622 retraxit;
1129 3569 1201 3612 ac
1235 3569 1309 3612 ne
1353 3552 1449 3631 qui
1479 3555 1617 3613 novi
1662 3562 1871 3614 coetus
1909 3552 2276 3614 recensionis
2319 3567 2497 3611 causa
