2700 4234
502 301 1062 351 Dsrnnmcromm
1103 302 1471 351 mmmmm
1515 300 1919 363 ammonuit.
2096 292 2219 355 309

206 459 573 535 rediguntur,
627 456 872 517 sublatis
934 457 1020 532 ia,
1069 456 1335 535 adposita
1378 474 1413 516 e
1441 456 1669 532 littera,
1727 457 2003 535 quidquid
2042 458 2219 519 fuerit

207 540 723 621 respondebimus,
769 549 831 600 ut
858 540 1192 619 specularia
1223 540 1557 619 speculare,
1612 540 1889 601 cocliaria
1936 541 2213 603 cocliare.

326 626 484 685 Inter
510 624 627 685 hoc
658 633 718 685 et
748 624 899 703 huc]
935 623 1052 684 hoc
1085 641 1411 702 pronomen
1441 624 1744 685 masculini
1786 634 1845 685 et
1896 627 2083 686 neutri
2111 644 2214 703 ge-

207 712 364 771 neris
398 726 569 769 casus
603 707 919 784 ablativus,
951 706 1066 767 buc
1097 707 1436 769 adverbium
1468 716 1559 768 est
1587 708 1724 768 loci.
1801 709 1921 769 Sed
1950 709 2218 770 videntur

157 811 185 851 5
208 811 406 855 errare
437 792 534 871 qui
562 791 678 851 boc
707 790 1046 851 adverbium
1076 791 1194 851 loci
1219 800 1421 870 putant
1440 810 1596 872 esse,
1612 792 1980 871 [quamquam
2004 792 2217 853 dixerit

203 874 514 954 Virgilius:
567 874 688 937 huc
725 876 874 936 illuc
918 875 1261 936 vinclorum
1302 876 1569 937 inmissa
1609 875 1927 937 volumina
1952 878 2214 955 versat]

207 960 430 1035 Quodsi
459 959 576 1021 boc
603 958 940 1020 adverbium
968 967 1059 1018 est
1087 960 1244 1036 loci,
1276 958 1548 1020 dicimus:
1586 959 1741 1040 quod
1773 970 1863 1020 est
1892 977 2215 1038 pronomen

206 1046 263 1105 id
300 1044 412 1104 erit
439 1042 792 1105 adverbium.
1311 1100 1315 1104 ,

334 1128 494 1187 Inter
523 1126 806 1186 offensam
836 1134 896 1185 et
925 1124 1330 1205 offensionem]
1376 1126 1597 1188 offensa
1625 1144 1837 1189 nomen
1868 1138 1958 1187 est
1988 1128 2094 1203 rei,
2127 1127 2215 1188 of-

133 1237 187 1280 ιο
207 1211 400 1273 fensio
434 1209 675 1288 culpae,
706 1219 991 1287 tamquam
1018 1218 1155 1270 nota
1185 1220 1244 1271 et
1273 1211 1521 1280 notatim
1555 1219 1691 1271 nota
1715 1213 1864 1271 enim
1895 1229 2103 1273 nomen
2129 1212 2215 1271 rei

207 1304 334 1372 est,
365 1295 584 1354 notatio
621 1295 774 1353 actio
805 1294 1076 1354 notantis.

333 1377 491 1439 Inter
530 1384 756 1455 patrem
796 1385 857 1437 et
897 1378 1221 1456 parentem]
1286 1386 1456 1456 pater
1505 1387 1597 1438 est
1636 1378 1877 1439 alicuius
1910 1378 1969 1455 ³¹²,
2002 1395 2215 1457 parens

205 1463 307 1524 vel
335 1461 627 1521 masculus
675 1461 773 1521 vel
814 1460 1056 1530 feminam
1103 1462 1259 1539 quod
1290 1463 1443 1521 inter
1482 1463 1789 1539 coniugem
1820 1472 1879 1523 et
1918 1463 2103 1522 virum
2132 1462 2214 1522 in-

205 1555 425 1620 terest,
457 1545 572 1605 hoc
599 1545 750 1605 inter
793 1554 1095 1622 parentem
1141 1554 1200 1605 et
1233 1554 1498 1623 patrem:
1538 1547 1752 1606 coniux
1790 1554 2035 1623 uterque
2074 1546 2213 1606 dici-

133 1651 187 1691 15
207 1641 300 1691 tur
321 1677 338 1708 ,
371 1630 462 1688 vir
490 1629 586 1708 qui
614 1629 848 1689 maritus
879 1637 989 1688 est.
1087 1628 1172 1689 lta
1217 1638 1276 1689 et
1313 1647 1529 1707 parens
1562 1639 1807 1708 uterque
1827 1673 1844 1704 ‚
1876 1627 2026 1688 alter
2058 1629 2221 1707 quod.

209 1731 385 1775 causa
415 1714 486 1773 sit
511 1722 748 1792 partus,
782 1712 932 1773 alter
963 1713 1121 1793 quod
1151 1713 1417 1791 pariendi
1445 1712 1658 1773 babeat
1680 1714 1996 1773 materiam.

332 1796 490 1857 Inter
545 1795 704 1856 velle
769 1804 828 1857 et
885 1797 1126 1875 cupere]
1178 1798 1275 1875 qui
1315 1796 1441 1857 vult
1482 1814 1599 1856 non
1652 1797 1848 1875 cupit,
1916 1796 2013 1874 qui
2056 1797 2215 1874 cupit

209 1881 383 1942 etiam
411 1880 554 1939 vult.
1662 1926 1667 1933 .

331 1962 441 2022 Hic
483 1980 556 2023 an
605 1961 756 2022 baec
785 1962 969 2041 grex]
1020 1979 1423 2043 quaecumque
1469 1963 1876 2040 monosyllaba
1934 1972 2214 2039 correpta

129 2068 186 2111 20
205 2048 475 2107 liniuntur
501 2064 540 2106 x
587 2045 816 2122 littera,
859 2046 1130 2107 feminina
1163 2056 1293 2107 sunt
1324 2056 1415 2107 ut:
1453 2049 1554 2112 nix
1582 2049 1682 2127 pix
1712 2068 1828 2108 nux
1874 2065 2016 2108 crux
2044 2066 2210 2125 grex.

333 2128 642 2209 Conplicui
673 2146 745 2189 an
779 2129 1148 2209 conplicavi]
1184 2130 1475 2208 triplicavi
1507 2140 1567 2191 et
1593 2130 2032 2210 quadruplicavi
2054 2178 2069 2203 ,
2099 2148 2214 2190 non

205 2214 458 2292 triplicui
491 2222 548 2273 et
577 2213 978 2291 quadruplicui
1022 2231 1134 2272 uec
1171 2214 1497 2292 conplicui,
1550 2224 1609 2274 et
1650 2233 1765 2274 nec
1794 2214 2033 2274 dicimus
2074 2231 2213 2274 con-

203 2298 372 2376 plicit
400 2296 508 2357 sed
539 2296 848 2375 conplicat.
2024 2292 2039 2301 ”

336 2379 576 2440 Duobus
611 2388 671 2439 et
699 2377 1005 2455 ambobus]
1054 2377 1235 2439 ambis
1265 2381 1314 2438 si
1345 2379 1690 2456 dixerimus,
1721 2379 1985 2457 ambigua
2016 2389 2108 2439 est
2138 2380 2213 2439 si·

133 2482 190 2523 25
209 2463 535 2542 gnificati03
568 2462 696 2525 duis
729 2480 919 2541 aeque
952 2461 1106 2522 aliud
1134 2462 1484 2539 significabit
1512 2464 1668 2542 quod
1709 2472 1799 2524 est
1830 2463 1903 2523 de
1943 2464 2084 2531 situ:
2126 2464 2213 2524 fu-

209 2546 480 2625 giendum
522 2545 694 2607 nobis
737 2553 829 2605 est
871 2545 988 2606 hoc
1027 2545 1222 2605 vitium
1252 2546 1657 2625 ambiguitatis.
1712 2545 1877 2607 Nunc
1912 2548 2083 2607 etiam
2111 2566 2213 2608 ne-

210 2649 385 2691 cesse
432 2639 522 2691 est
545 2629 713 2690 nobis
757 2637 818 2688 ut
858 2628 1112 2689 dicamus
1147 2629 1255 2690 hos
1287 2631 1437 2706 duc,
1478 2632 1611 2709 quia
1640 2632 1691 2691 si
1724 2630 2035 2691 dixerimus
2068 2631 2215 2691 duos

207 2714 380 2775 locos
409 2714 592 2791 talos,
624 2728 875 2773 necesse
904 2720 994 2772 est
1023 2712 1222 2773 dicere
1251 2714 1379 2774 duis
1411 2723 1471 2774 et
1498 2713 1647 2774 ambi
1680 2724 1738 2775 ut
1770 2715 1933 2785 mali;
1977 2715 2065 2774 sic
2095 2716 2212 2775 adi-

209 2800 430 2858 ciemus
473 2797 586 2858 duo
631 2806 690 2856 et
732 2794 934 2873 ambo,
971 2806 1032 2856 ut
1060 2796 1174 2857 duo
1205 2796 1431 2857 duobus
1463 2806 1522 2858 et
1551 2797 1720 2857 ambo
1755 2796 2057 2858 ainbobus.

133 2896 188 2938 ao
335 2880 510 2941 Ficus
542 2898 614 2941 an
642 2880 813 2959 ficos]
850 2879 994 2940 licus
1037 2880 1316 2958 arbores,
1339 2880 1507 2941 ‘ficos
1545 2897 1715 2959 poma
1758 2881 2031 2958 dicimus,
2070 2881 2215 2942 [icus

205 2974 498 3043 tamquam
525 2980 723 3023 manus
751 2981 892 3023 anus
911 3008 929 3039 ,
972 2962 1118 3024 ficos
1146 2973 1436 3043 tamquam
1466 2965 1654 3025 favos.

337 3046 610 3109 Decurrit
639 3065 712 3108 an
743 3046 1071 3107 decucurrit
1095 3057 1261 3109 recte
1289 3049 1584 3128 dicamus}
1599 3067 1669 3109 ea
1694 3066 1845 3129 quae
1872 3048 2215 3125 geminanda

210 3140 380 3192 erunt
392 3130 576 3191 verba
608 3132 890 3210 temporis
915 3132 1264 3209 praesentis,
1299 3133 1617 3211 praeterito
1633 3142 1901 3211 tempore
1914 3150 2081 3192 unam
2094 3132 2212 3209 syl-

207 3214 402 3275 labam
431 3215 741 3293 accipient,
772 3222 1057 3293 tamquam
1087 3217 1264 3276 currit
1289 3217 1561 3293 cucurrit,
1593 3216 1844 3296 spondet
1872 3216 2208 3295 spopondit.

131 3306 188 3349 ³⁵
211 3298 292 3359 At
321 3316 449 3358 cum
491 3297 850 3377 praepositio
881 3300 1237 3376 accesserit,
1280 3300 1531 3378 perdent
1572 3299 1889 3377 syllabam,
1925 3310 2211 3380 tamquam

211 3381 597 3443 decurritnon
623 3380 973 3458 decucurrit,
990 3391 1048 3443 et
1068 3382 1382 3461 despondit
1408 3401 1524 3444 non
1541 3384 1951 3464 despopondit.
1984 3382 2111 3446 Hoc
2133 3386 2211 3444 ita

209 3484 412 3526 verum
441 3467 572 3541 erit,
602 3465 791 3525 sinon
820 3465 954 3543 plus
969 3465 1220 3544 quamv.
1237 3468 1529 3545 accipient
1558 3469 2056 3547 praepositiones;
2081 3484 2211 3527 nam

211 3566 341 3607 cum
371 3550 445 3609 sit
471 3548 730 3625 mordet,
783 3558 844 3608 et
868 3548 1010 3609 facit
1037 3549 1346 3611 momordit
1378 3568 1491 3629 nec
1516 3560 1707 3613 tamen
1737 3552 1876 3613 facit
1904 3549 2209 3611 demordit.
