2700 4234
469 311 591 374 200
636 324 697 372 c.
731 322 1030 372 sumom
1066 322 1321 383 TRANQ.
1357 323 1452 369 DE
1485 323 1648 370 vrrs
1680 321 2051 371 cassanum
2079 323 2219 371 mn.
2253 325 2374 372 vn.

468 479 661 540 miliae
684 478 942 538 breviter
964 479 1255 555 attingam.
1331 477 1443 552 Qui
1473 478 1688 576 prImus
1713 477 2102 556 Sulpiciorum
2129 493 2455 554 cognomen

470 562 689 626 Galbae
712 561 838 621 tulit
862 579 965 621 cur
987 571 1082 620 aut
1105 561 1253 621 unde
1278 562 1538 637 traxerit,
1565 561 1891 639 ambigitur.
1961 560 2204 635 Quidam
2239 567 2454 639 putant,

470 646 626 726 quod
650 645 927 724 oppidum
942 645 1253 722 Hispaniae
1276 645 1488 705 frustra
1513 645 1607 704 diu
1631 645 2217 723 oppugnatuminlitis
2232 643 2456 703 demum

468 730 721 810 galbano
744 729 973 790 facibus
997 727 1393 798 succenderit;
1419 729 1516 788 alii
1532 726 1775 807 ,’quod
1758 746 1814 788 m
1850 727 2110 788 diuturna
2147 725 2456 788 valitudine

467 812 720 893 galbeo,
744 811 804 872 id
826 821 917 872 est
937 811 1211 872 remediis
1232 811 1362 872 lana
1389 812 1700 889 involutis,
1727 811 1958 872 assidue
1993 821 2278 880 uteretur;
2316 827 2456 870 non·
2479 823 2504 859 ἰ

469 898 631 975 ιιιιΙΙί,
658 895 815 975 quod
832 897 1211 975 praepinguis
1224 895 1398 955 fuerit
1407 897 1583 973 visus,
1608 914 1780 975 quem
1803 895 2036 973 galbam
2051 894 2284 956 Galhvo
2293 901 2457 962 cent,

470 981 565 1041 vel
598 989 822 1057 contra,
848 979 1006 1058 quod
1029 988 1142 1039 tam
1158 978 1350 1055 exilis,
1377 996 1544 1057 quam
1565 989 1696 1039 sunt
1722 978 1988 1039 animalia
2007 995 2155 1056 quae
2174 979 2231 1038 in
2253 993 2456 1038 aescu-

470 1065 542 1125 lis
566 1072 875 1124 nascuntur
898 1063 1382 1142 appellanturque
1408 1064 1639 1140 galbae.
1681 1062 1980 1126 Familiam
2003 1062 2310 1123 illustravit
2323 1060 2456 1120 Ser-

469 1151 597 1208 vius
624 1146 804 1208 Galba
827 1147 1183 1222 consularis,
1206 1154 1530 1224 temporum
1565 1161 1797 1207 suorum
1834 1155 1892 1205 et
1929 1145 2456 1224 eloquentissimus,

472 1250 642 1312 quem
668 1229 893 1291 tradunt
913 1228 1247 1308 Hispaniam
1274 1247 1351 1289 ex
1382 1239 1654 1308 praetura
1680 1231 2068 1310 eminentem,
2091 1229 2328 1306 triginta
2348 1226 2456 1286 Lu-
2477 1245 2527 1286 ιο

470 1317 782 1375 sitanorum
805 1313 1034 1372 milibus
1060 1312 1301 1392 perfidia
1340 1313 1665 1391 trucidatis,
1702 1313 2006 1374 Viriathini
2053 1312 2194 1373 belli
2228 1328 2460 1372 causam

470 1399 750 1459 extitisse.
837 1396 977 1457 Eius
1014 1414 1203 1476 nepos
1242 1395 1318 1456 ob
1354 1398 1645 1476 repulsam
1678 1397 2010 1458 consulatus
2032 1397 2291 1456 infensus
2313 1393 2458 1454 Iulio

470 1480 731 1558 Caesari,
762 1483 920 1552 cuius
944 1481 1173 1558 legatus
1196 1481 1254 1539 in
1270 1479 1455 1541 Gallia
1475 1483 1686 1559 fuerat,
1713 1481 2072 1560 conspiravit
2097 1497 2223 1540 cum
2249 1476 2458 1540 Cassio

470 1576 529 1627 et
550 1567 750 1643 Bruto,
777 1573 1020 1664 propter
1042 1564 1198 1643 quod
1225 1562 1404 1624 Pedia
1427 1564 1562 1641 lege
1585 1565 1881 1626 damnatus
1905 1572 2012 1624 est.
2049 1563 2142 1625 Ab
2177 1562 2295 1623 hoc
2330 1569 2463 1621 sunt

468 1650 838 1730 imperatoris
876 1647 1094 1710 Galbae
1126 1666 1267 1708 avus
1300 1665 1369 1708 ac
1405 1658 1599 1727 pater.
1635 1667 1776 1710 avus
1815 1647 2028 1709 clarior
2063 1645 2264 1708 studiis
2291 1663 2461 1724 quam
2482 1663 2533 1704 ιε

472 1734 750 1812 dignitate
777 1735 924 1813 (non
948 1733 1099 1792 enim
1130 1750 1411 1808 egressus
1434 1742 1743 1811 praeturae
1778 1730 2052 1810 gradum)
2085 1729 2463 1809 multiplicem

470 1836 583 1878 nec
598 1819 943 1876 incuriosam
955 1814 1254 1875 historiam
1270 1815 1475 1886 edidit;
1495 1825 1662 1894 pater
1679 1815 1979 1876 consulatu
1992 1815 2242 1890 functus,
2265 1831 2459 1893 quam·

475 1919 642 1980 quam
664 1899 828 1958 brevi
851 1915 1123 1976 corpore,
1148 1907 1319 1977 atque
1346 1902 1516 1959 etiarn
1537 1899 1764 1977 gibber,
1788 1899 2211 1978 modicaeque'
2195 1917 2252 1957 ιιι
2267 1897 2458 1958 dicen

472 1985 545 2044 do
572 1982 886 2058 facultatis,
913 1999 1117 2041 causas
1140 1981 1418 2041 industrie
1453 1987 1726 2044 actitavit.
1782 1984 2017 2044 Uxores
2050 1981 2248 2042 habuit
2281 1981 2458 2041 Mum-

469 2068 636 2127 miam
659 2065 995 2142 Achaicam,
1019 2073 1252 2143 neptem
1279 2063 1468 2126 Catuli
1497 2076 1962 2145 proneptemque
1993 2066 2055 2126 L.
2087 2065 2336 2142 Mummi,
2361 2064 2459 2141 qui
2478 2077 2533 2117 20

472 2149 807 2213 Corinthum
832 2149 1073 2217 excidit;
1108 2151 1244 2209 item
1278 2150 1496 2210 Liviam
1531 2151 1848 2211 Ocellinam
1875 2148 2050 2210 ditem
2073 2149 2374 2209 admodum
2404 2155 2461 2206 et

470 2234 787 2314 pulchram,
816 2251 847 2293 a
874 2251 986 2312 qua
1007 2242 1197 2293 tamen
1223 2233 1540 2295 nobilitatis
1566 2252 1737 2295 causa
1763 2235 2057 2313 appetitus
2083 2233 2236 2293 ultro
2263 2231 2459 2292 existi-

472 2327 674 2396 matur,
708 2327 765 2377 et
788 2317 1084 2395 aliquanto
1112 2319 1336 2377 enixius
1361 2327 1494 2397 post
1523 2337 1690 2398 quam
1725 2317 1967 2378 subinde
2001 2317 2233 2377 instanti
2266 2317 2458 2375 vitium

475 2402 743 2481 corporis
768 2410 999 2460 secreto
1025 2402 1213 2479 posita
1239 2411 1406 2462 veste
1431 2401 1668 2479 detexit,
1693 2421 1764 2462 ne
1790 2403 1952 2480 quasi
1975 2402 2233 2479 ignaram
2251 2399 2458 2461 fallere

474 2485 787 2546 videretur.
842 2483 936 2542 Ex
954 2483 1213 2544 Achaica
1238 2485 1460 2546 liberos
1486 2485 1682 2546 Gaium
1712 2494 1769 2546 et
1804 2486 2067 2545 Servium
2101 2484 2456 2564 procreavit,
2475 2495 2528 2536 25

475 2585 715 2648 quorum
738 2567 921 2627 maior
952 2566 1125 2627 Gaius
1150 2570 1356 2628 attritis
1379 2569 1746 2630 facultatibus
1773 2569 1916 2631 urbe
1953 2569 2162 2645 cessit,
2205 2565 2456 2646 prohibi·

474 2662 681 2730 tusque
719 2669 757 2793 ῗ)
790 2649 1025 2711 Tiberio
1056 2651 1254 2711 sortiri
1288 2670 1439 2714 anno
1477 2671 1582 2713 suo
1619 2652 2091 2733 proconsulatum
2136 2650 2458 2713 voluntaria
2616 2638 2629 2735 f

472 2743 657 2796 morte
682 2751 717 2794 o
761 2734 843 2793 iit.
2617 2758 2625 2767 ·

417 2831 451 2885 4
594 2819 721 2878 Ser.
759 2817 941 2879 Galba
971 2817 1117 2898 Imp.
1153 2819 1230 2880 Μ.
1265 2821 1506 2902 Valerio
1545 2819 1830 2899 Messala,
1870 2819 1990 2883 CN.
2024 2820 2268 2880 Lentulo
2294 2835 2456 2879 cons.

472 2912 639 2964 natus
674 2911 765 2962 est
787 2901 972 2963 v1111.
1005 2901 1099 2963 Kl.
1124 2902 1245 2964 Ian.
1274 2905 1332 2963 in
1358 2905 1493 2965 villa
1520 2903 1659 2963 colli
1686 2906 2057 2983 superposita
2095 2921 2285 2983 prope
2317 2901 2455 2962 Ter·
2477 2907 2531 2950 30

473 2988 754 3063 racinam,
791 2988 1159 3047 sinistrorsus
1183 2986 1418 3048 Fundos
1445 2987 1804 3067 petentibus,
1842 2988 2265 3067 adoptatusque
2297 3005 2330 3046 a
2357 3002 2458 3047 no-

472 3089 649 3132 verca
673 3087 777 3130 sua
798 3069 920 3131 Livi
937 3088 1146 3131 nomen
1171 3080 1227 3131 et
1250 3071 1491 3131 Ocellae
1517 3088 1842 3149 cognomen
1869 3073 2207 3151 assumpsit,
2245 3079 2459 3131 mutato

475 3155 881 3253 praenomine3
912 3171 1043 3215 nam
1072 3154 1308 3215 Lucium
1338 3171 1477 3214 mox
1515 3172 1624 3234 pro
1662 3156 1869 3216 Servio
1903 3173 2087 3235 usque
2126 3155 2198 3216 ad
2231 3165 2460 3232 tempus

472 3238 699 3317 imperii
735 3241 1052 3316 usurpavit.
1114 3236 1358 3299 Constat
1380 3237 1701 3316 Augustum
1735 3257 1918 3319 puero
1955 3239 2159 3316 adhuc,
2192 3238 2460 3300 salutanti

474 3338 540 3380 se
570 3321 720 3379 inter
728 3337 813 3412 „ae
894 3322 1053 3400 ales,
1065 3323 1457 3420 apprehensa
1489 3321 1738 3383 buccula
1776 3323 2026 3384 dixisse.
2061 3315 2197 3384 Καὶ
2228 3311 2316 3380 σύ
2350 3315 2534 3382 τέ-εο

476 3421 643 3463 κνον
676 3399 790 3500 τῇς
866 3401 1025 3484 ῼκῆς
1036 3368 1234 3485 ἡμῶν
1270 3396 1685 3488 napae-9639.
1754 3407 1871 3467 Sed
1912 3417 1970 3467 et
1999 3406 2290 3483 Tiberius,
2331 3423 2460 3464 cum

477 3486 861 3563 comperisset
884 3489 1289 3567 imperaturum
1314 3508 1443 3550 eum
1465 3497 1665 3550 verun'i
1687 3491 1744 3549 in
1779 3500 2034 3568 senecta,
2069 3489 2256 3550 Vivat
2281 3505 2456 3565 sane,

476 3567 583 3644 ait,
617 3568 867 3646 quando
892 3570 961 3629 id
982 3569 1071 3630 ad
1093 3589 1209 3632 nos
1237 3572 1394 3632 nihil
1406 3574 1700 3650 pertinet.
1693 3575 1710 3616 '
1762 3573 1894 3634 Avo
1927 3591 2160 3653 quoque
2191 3575 2317 3634 eius
2351 3572 2435 3632 ful
