2700 4234
522 845 715 945 DE
814 773 1914 945 GRAMMATICIS.

1030 1093 1410 1102 Ἣ

347 1305 727 1368 Grammatica
758 1306 981 1366 Romae
1012 1322 1085 1363 ne
1112 1305 1169 1362 in
1192 1321 1298 1364 usu
1328 1302 1559 1381 quidem
1575 1301 1720 1378 *olim
1740 1349 1757 1381 ,
1794 1305 2002 1371 nedum
2033 1307 2090 1366 in
2121 1306 2220 1366 ho-
2251 1309 2278 1360 1

216 1408 360 1452 nore
404 1391 525 1451 ullo
559 1399 714 1466 erat,
759 1388 883 1450 rudi
919 1389 1147 1448 scilicet
1180 1405 1251 1447 ac
1280 1386 1567 1448 bellicosa
1599 1390 1771 1448 etiam
1816 1398 1934 1450 tum
1967 1391 2222 1467 civitate,

219 1474 461 1536 necdum
500 1491 863 1553 magnopere
916 1471 1257 1532 liberalibus
1296 1469 1620 1551 disciplinis
1661 1483 1928 1534 vacante.
2002 1474 2226 1534 Initium

170 1584 197 1624 s
222 1576 451 1640 quoque
477 1561 600 1620 eius
622 1559 922 1619 mediocre
952 1559 1158 1635 extitit,
1188 1555 1472 1634 siquidem
1495 1557 1872 1635 antiquissimi
1897 1558 2222 1636 doctorum,

219 1645 312 1722 qui
344 1643 515 1704 iidem
546 1652 605 1704 et
640 1651 853 1722 poetae
882 1651 943 1701 et
972 1642 1323 1718 semigraeci
1357 1647 1554 1717 erant,
1607 1637 1852 1723 (Livium
1893 1652 1951 1702 et
1979 1641 2224 1704 Ennium

220 1727 381 1804 dico,
413 1744 561 1805 quos
588 1735 831 1805 utraque
864 1726 1063 1803 lingua
1090 1725 1244 1784 domi
1284 1725 1548 1802 forisque
1583 1724 1858 1786 docuisse
1895 1726 2224 1787 adnotatum

220 1810 342 1888 est)
371 1810 509 1870 nihil
538 1811 781 1888 amplius
811 1827 979 1909 quoam
1010 1809 1271 1871 Graecos
1308 1808 1856 1886 interpretabantur,
1894 1819 1988 1870 aut
2011 1812 2057 1870 si
2091 1810 2224 1890 quid

218 1897 332 1974 ipsi
359 1893 557 1956 Latine
592 1895 1059 1972 composuissent
1093 1892 1536 1971 praelegebant.
1602 1892 1746 1953 Nam
1775 1893 1931 1971 quod
1961 1894 2224 1956 nonnulli

150 1977 445 2039 10tradunt
490 1977 635 2038 duos
682 1977 864 2038 libros
910 1977 998 2038 de
1055 1976 1270 2054 littef:
1285 1978 1345 2037 is
1393 1976 1905 2055 syllabisque,
1959 1979 2095 2038 item
2141 1979 2224 2038 de

216 2063 467 2122 metris
510 2061 582 2123 ab
629 2061 837 2123 eodem
880 2061 1067 2122 Ennio
1113 2037 1337 2137 editoS,
1394 2062 1518 2120 iure
1561 2064 1751 2139 arguit
1779 2059 1840 2121 L.
1887 2060 2060 2123 Cotta
2107 2080 2225 2123 non

217 2155 429 2226 poetae
468 2145 577 2206 sed
622 2147 971 2225 posterioris
1017 2145 1187 2206 Ennii
1230 2163 1394 2222 esse,
1442 2145 1604 2206 cuius
1646 2147 1816 2205 etiam
1861 2145 1943 2206 de
2001 2164 2221 2224 augu-

212 2229 419 2291 randi
466 2230 876 2310 disciplina
906 2229 1199 2297 volumina
1232 2230 1510 2290 ferantur.

342 2313 565 2375 Primus
599 2317 806 2392 igitur,
855 2323 1125 2394 quantum
1158 2316 1492 2394 opinamur,
1537 2313 1783 2374 studium
1811 2316 2222 2391 grammaticae
2247 2323 2282 2375 2

146 2400 275 2458 uin
322 2398 525 2459 urbem
565 2399 751 2458 intulit
796 2397 1003 2460 Crates
1046 2399 1358 2476 Mallotes,
1411 2397 1736 2458 Aristarchi
1778 2398 2073 2476 aequalis,
2125 2401 2223 2477 qui

215 2484 427 2542 missus
456 2482 529 2542 ad
560 2491 819 2542 senatum
856 2483 928 2544 ab
958 2481 1155 2544 Attalo
1186 2499 1332 2559 rege
1365 2483 1514 2543 inter
1547 2482 1859 2544 secundum
1893 2501 1961 2542 ac
1993 2483 2224 2542 tertium

215 2566 491 2626 Punicum
528 2565 747 2626 bellum
777 2566 883 2626 sub
919 2567 1103 2646 ipsam
1134 2567 1304 2628 Ennii
1333 2574 1614 2644 mortem,
1663 2585 1790 2627 cum
1824 2567 2073 2644 regione
2119 2565 2222 2627 Pa-

213 2649 339 2710 latii
375 2649 733 2729 prolapsus·
716 2669 773 2710 m
805 2649 1049 2712 cloacae
1086 2652 1351 2712 foramen
1395 2669 1529 2728 crus
1558 2613 1868 2728 fregisset,
1915 2669 2034 2752 per·
2053 2669 2222 2711 omne

212 2732 525 2811 legationis
554 2735 719 2795 simul
774 2743 832 2794 et
870 2735 1197 2795 valitudinis
1230 2745 1458 2814 tempus
1495 2733 1770 2814 plurimas
1805 2736 2066 2796 acroasis
2092 2741 2220 2796 sub-

138 2816 348 2878 201nde
392 2819 533 2879 fecit
582 2819 929 2898 assidueque
971 2817 1274 2895 disseruit,
1332 2837 1403 2880 ac
1448 2821 1663 2879 nostris
1695 2819 1970 2899 exemplo
2013 2820 2119 2880 fuit
2153 2819 2224 2880 ad

208 2900 556 2964 imitandum.
618 2901 913 2962 Hactenus
944 2911 1132 2962 tamen
1170 2904 1395 2980 imitati,
1429 2912 1490 2963 ut
1523 2906 1774 2964 carmina
1808 2921 2008 2983 parum
2038 2902 2224 2964 adhuc

210 2985 510 3064 divulgata
547 2987 643 3047 vel
684 2985 1087 3047 defunctorum
1120 2989 1433 3048 amicorum
1473 2988 1569 3047 vel
1623 2990 1672 3048 si
1708 3004 1950 3066 quorum
1979 2987 2223 3048 aliorum

206 3069 599 3150 probassent,
644 3070 978 3148 diligentius
1006 3080 1393 3132 retractarent
1432 3090 1503 3132 ac
1545 3072 1800 3150 legendo
1835 3079 2219 3132 commentan-

214 3154 409 3234 doque
440 3157 615 3215 etiam
660 3157 875 3215 ceteris
905 3163 1039 3216 nota
1069 3155 1364 3226 facerent;
1398 3165 1458 3216 ut
1499 3151 1565 3216 G.
1601 3156 1878 3216 Octavius
1904 3153 2220 3232 Lampadio

137 3249 192 3290 2⁵
212 3237 423 3299 Naevii
464 3239 740 3300 Punicum
782 3237 1031 3315 bellum,
1087 3240 1243 3318 quod
1284 3256 1400 3300 uno
1447 3241 1738 3300 volumine
1794 3249 1854 3300 et
1905 3239 2224 3300 continenti

212 3323 505 3401 scriptura
557 3323 891 3402 expositum
932 3323 1125 3384 divisit
1164 3325 1222 3384 in
1263 3333 1492 3424 septem
1532 3324 1744 3393 libros;
1793 3333 1852 3384 ut
1894 3331 2100 3403 postea
2146 3322 2220 3397 Q.

212 3407 609 3484 Vargunteius
640 3406 880 3468 annales
910 3406 1112 3483 Ennii,
1152 3425 1299 3486 quos
1332 3409 1510 3469 certis
1541 3408 1799 3470 diebus
1781 3427 1838 3469 ιιι
1859 3424 2067 3484 magna
2104 3406 2220 3465 fre-

213 3491 449 3568 quentia
492 3490 929 3571 pronuntiabat;
975 3500 1035 3552 ut
1073 3491 1304 3552 Laelius
1333 3491 1660 3554 Archelaus
1703 3493 2048 3572 Vettiusque
2092 3489 2220 3549 Phi-

213 3572 481 3635 locomus
514 3573 715 3636 Lucilii
748 3585 974 3652 satyras
1013 3575 1311 3636 familiaris
1342 3577 1464 3654 sui,
1511 3595 1655 3656 quas
1695 3577 1915 3656 legisse
1955 3591 2022 3636 se
2067 3571 2222 3651 apud

320 3677 625 3720 sun-remus.
1834 3660 1910 3721 17
