2700 4234
831 745 1446 830 o.s1]EToN1
1491 741 2176 832 TRANQUffl

529 919 769 1022 DE
874 913 1335 1015 VITA
1429 907 2460 1012 CAESARUM

1219 1111 1548 1214 LrBER
1573 1111 1764 1176 vm.

630 1287 919 1362 mvus
968 1283 1644 1358 musalms.
1745 1283 2036 1356 1)st
2075 1279 2367 1356 mus,

1178 1401 1800 1476 murmanus.

1107 1735 1329 1790 arvus
1374 1731 1908 1808 vesrAs14unS.

452 1908 483 1960 1
620 1894 969 1958 Rebellione
998 1895 1165 1954 trium
1199 1893 1525 1972 principum
1556 1900 1613 1950 et
1645 1890 1824 1951 caede
1850 1892 2132 1951 incertum
2156 1891 2251 1951 diu
2275 1900 2334 1951 et
2359 1911 2492 1972 qua-

505 1979 555 2039 si
593 1996 804 2056 vagum
854 1977 1155 2054 imperium
1215 1977 1476 2055 suscepit
1512 1976 1876 2054 firmavitque
1913 1974 2141 2035 tandem
2175 1994 2326 2053 gens
2364 1977 2491 2036 Fla-

506 2065 631 2139 via,
673 2060 924 2120 obscura
950 2060 1049 2121 illa
1085 2059 1314 2139 quidem
1341 2077 1414 2119 ac
1461 2061 1585 2117 sine
1629 2059 1763 2118 ullis
1809 2059 2087 2119 maiorum
2126 2061 2490 2136 imaginibus,

504 2145 611 2206 sed
636 2153 825 2205 tamen
854 2144 940 2204 rei
964 2161 1021 2223 p.
1055 2160 1419 2222 nequaquam
1443 2141 1817 2221 paenitenda;
1861 2152 2089 2202 constet
2112 2143 2270 2219 licet,
2299 2143 2492 2204 Domi-

503 2232 715 2290 tianum
752 2227 1078 2308 cupiditatis
1105 2246 1175 2288 ac
1206 2227 1485 2287 saevitiae
1519 2228 1724 2286 merito
1759 2244 1983 2305 poenas
2012 2227 2212 2287 luisse.
2515 2239 2542 2279 ⁵

630 2312 698 2374 T.
735 2311 971 2372 Flavius
999 2311 1206 2389 Petro,
1246 2311 1548 2388 municeps
1580 2310 1885 2387 Reatinus,
1934 2309 2094 2370 bello
2132 2311 2287 2370 civili
2329 2310 2495 2371 Pom-

505 2399 838 2477 peianarum
871 2395 1113 2473 partium
1152 2395 1414 2454 centurio
1451 2411 1522 2454 an
1559 2402 1875 2469 evocatus,
1923 2395 2183 2473 profugit
2217 2413 2293 2454 ex
2322 2394 2494 2455 Phar-

506 2481 684 2540 salica
714 2479 841 2538 acie
873 2477 1216 2556 domumque
1248 2496 1313 2538 se
1357 2477 1628 2553 contulit,
1671 2477 1767 2536 ubi
1812 2477 2020 2537 deinde
2062 2479 2230 2538 venia
2275 2487 2333 2538 et
2364 2480 2497 2538 mis-

506 2565 671 2624 sione
723 2563 1029 2639 impetrata
1089 2563 1430 2621 coactiones
1487 2563 1848 2638 argentarias
1906 2562 2208 2621 factitavit.
2317 2561 2498 2623 Huius

506 2647 677 2721 filius,
712 2644 1060 2721 cognomine
1093 2644 1373 2721 Sabinus,
1409 2663 1626 2722 expers
1657 2644 1891 2706 militiae
1935 2646 2077 2724 (etsi
2109 2645 2337 2723 quidam
2369 2662 2568 2706 eumin

507 2727 949 2809 primipilarem,
984 2727 1274 2805 nonnulli,
1308 2746 1436 2788 cum
1471 2727 1659 2788 adhuc
1702 2728 1936 2788 ordines
1980 2727 2252 2806 duceret,
2304 2747 2498 2790 sacra-

505 2821 699 2873 mento
730 2811 977 2876 solutum
1014 2829 1121 2890 per
1146 2829 1377 2872 causam
1402 2810 1728 2872 valitudinis
1755 2811 2013 2890 tradunt)
2040 2812 2333 2891 publicum
2359 2831 2500 2892 qua-

430 2901 438 2912 ‘
506 2897 872 2975 dragesimae
901 2896 956 2954 in
989 2896 1131 2955 Asia
1163 2897 1315 2973 egit;
1346 2895 1769 2974 manebantque
1796 2897 2080 2973 imagines
2111 2915 2145 2956 a
2173 2897 2503 2957 civitatibus

506 2983 557 3042 ei
584 2982 813 3059 positae
845 2979 949 3038 sub
981 2979 1097 3040 hoc
1127 2979 1320 3040 titulo:
1355 2975 1594 3050 Καλῶς
1625 2971 2095 3057 τελωνήσαντι.
2128 2980 2344 3042 Postea
2373 2981 2500 3041 fae·

505 3083 611 3125 nus
646 3063 797 3144 apud
824 3063 1128 3123 Helvetios
1160 3064 1426 3123 exercuit
1457 3062 1654 3141 ibique
1685 3063 1834 3123 diem
1876 3063 2049 3141 obiit,
2081 3064 2502 3143 superstitibus
2525 3083 2579 3124 15

503 3166 688 3209 uxore
720 3147 1012 3225 Vespasia
1043 3146 1209 3208 Polla
1240 3155 1300 3206 et
1327 3144 1554 3207 duobus
1588 3165 1663 3206 ex
1693 3165 1762 3206 ea
1785 3147 2008 3224 liberis,
2043 3165 2284 3226 quorum
2311 3149 2506 3209 maior

505 3231 751 3292 Sabinus
782 3230 853 3291 ad
898 3230 1324 3310 praefecturam
1357 3230 1546 3307 urbis,
1585 3232 1773 3291 minor
1803 3232 2196 3310 Vespasianus
2239 3231 2311 3292 ad
2341 3233 2505 3311 prin·

504 3315 749 3393 cipetum
776 3332 957 3392 usque
983 3315 1293 3393 processit.
1342 3313 1528 3389 Polla,
1554 3313 1801 3375 Nursiae
1825 3314 2072 3376 honesto
2095 3333 2318 3392 genere
2347 3324 2505 3393 orta,

504 3406 723 3476 patrem
766 3396 962 3456 habuit
1004 3399 1350 3476 Vespasium
1393 3397 1752 3474 Pollionem,
1801 3407 1892 3458 ter
1929 3396 2213 3458 tribunum
2257 3399 2509 3460 militum

504 3480 979 3558 praefectumque
1010 3490 1359 3558 castrorum,
1405 3481 1642 3541 fratrem
1682 3491 2006 3543 senatorem
2049 3485 2382 3561 praetoriae
2417 3483 2508 3544 di·
2528 3502 2587 3542 20

503 3562 753 3638 gnitatis.
817 3561 1005 3621 Locus
1038 3564 1215 3623 etiam
1255 3563 1328 3625 ad
1374 3573 1597 3626 sextum
1638 3566 1937 3626 miliarium
1979 3583 2010 3626 a
2039 3565 2253 3626 Nursia
2287 3564 2511 3642 Spole-
