2700 4234
919 374 1333 424 PRAEFATIO.
1571 346 1576 351 ’
1839 372 2010 421 xc1x

320 540 451 603 309,
497 540 530 592 5
572 534 669 605 qui
690 526 823 587 'huc
871 524 885 609 Ι
920 538 949 592 7
984 532 1189 601 Quodsi
1233 532 1343 587 huc
1389 524 1402 609 Ι
1441 538 1502 592 17
1549 530 1706 587 Inter
1743 534 1940 587 vellere
1995 524 2008 613 Ι

210 625 270 677 24
296 618 521 683 Duobus
548 632 623 671 an
646 614 671 687 Ἰ
708 620 775 676 27
807 615 905 671 hos
934 617 1071 671 duos
1107 612 1115 692 Ι
1153 622 1223 675 28
1249 616 1402 671 locus
1437 608 1448 693 Ι
1485 623 1545 671 ut
1576 615 1722 671 ambi
1753 613 1765 688 Ι
1802 622 1872 676 29
1903 617 2010 672 duo

210 709 261 757 ut
283 702 439 757 ambo
477 694 484 776 Ι
524 706 593 760 32
626 699 813 755 Currit
832 715 907 753 an
944 691 956 777 Ι
992 714 1163 771 eaque
1186 714 1333 755 nunc
1361 700 1496 755 audi
1516 700 1610 754 vol
1647 713 1822 771 eaque
1865 716 2006 755 nun-

208 785 385 841 ciandi
417 776 429 861 Ι
468 790 537 843 33
568 780 634 853 Ῑῐῐ
663 778 773 852 ίῖὴ
815 782 958 837 Nam
998 776 1006 859 Ι
1044 786 1110 842 37
1143 782 1366 839 verbum
1393 785 1515 837 erit.

316 875 441 937 310,
466 872 499 923 2
527 866 837 921 saturnah‘e
859 865 1007 937 facit
1034 871 1095 921 ut
1126 864 1373 921 subsellis
1411 860 1420 939 Ι
1460 872 1495 926 3
1513 866 1644 937 fieri
1665 868 2005 933 saturnalio!

206 958 236 1011 6
266 950 423 1007 Inter
460 966 697 1021 ynavum
742 954 795 1003 et
828 951 1085 1021 iqnarum
1124 956 1175 1004 et
1204 965 1444 1020 ynarum
1481 944 1491 1024 Ι
1541 953 1609 1009 16
1649 964 1752 1005 nec
1783 952 1892 1005 latc
1919 946 2007 1006 inf

204 1037 376 1091 littera
414 1026 427 1111 Ι
462 1039 533 1091 24
562 1030 785 1087 Rursus
814 1027 889 1087 an
926 1028 937 1109 Ι
984 1039 1048 1093 31
1087 1033 1375 1088 tribunalis
1412 1026 1422 1109 Ι
1461 1034 1712 1087 animalis
1749 1028 1760 1111 Ι
1798 1040 1866 1094 32
1893 1050 2007 1090 mo-

204 1120 534 1190 nosyioabam
576 1118 633 1170 in
681 1110 694 1194 Ι
745 1116 988 1172 fortasse
1020 1118 1149 1187 quia
1180 1118 1269 1170 sal
1295 1116 1387 1171 vel
1421 1117 1550 1187 quia
1583 1117 1664 1171 sol
1709 1107 1722 1193 Ι
1770 1122 1840 1177 38
1867 1118 2008 1173 enim

201 1202 471 1274 phyteton.

328 1291 461 1353 311,
508 1290 543 1343 3
580 1276 757 1355 Puy‘il.
794 1284 955 1355 puyil
1001 1299 1076 1337 an
1117 1284 1426 1355 puyillares
1453 1298 1529 1337 an
1570 1284 1857 1353 puyilaria
1907 1298 2010 1339 nec

203 1367 443 1439 pupillar
474 1367 583 1421 dici
616 1362 627 1441 Ι
664 1372 697 1423 4
738 1367 1059 1421 neutraliter
1100 1366 1337 1438 suppleo
1387 1358 1398 1444 Ι
1449 1366 1650 1421 codicis
1699 1359 1708 1442 Ι
1761 1371 1829 1426 16
1855 1374 1906 1421 et
1941 1368 2010 1421 de

205 1450 309 1505 boc
418 1452 545 1521 quia
589 1452 793 1521 inteyer
826 1464 911 1504 em
954 1449 1057 1505 hoc
1088 1464 1245 1521 pane
1273 1452 1406 1520 quia
1444 1465 1568 1504 cum
1605 1448 1836 1521 fractur
1871 1450 2008 1505 dici—

200 1549 321 1589 mus
418 1540 485 1593 19
524 1532 832 1589 Plurimum
873 1549 948 1587 an
986 1526 995 1610 Ι
1034 1539 1105 1591 20
1146 1533 1452 1602 plurimum
1489 1532 1678 1587 deberi
1710 1524 1722 1609 Ι
1757 1538 1826 1591 22
1865 1550 1980 1605 pro

200 1619 333 1673 dunt
366 1610 379 1695 Ι
418 1617 612 1671 debere
640 1616 699 1671 di
732 1616 741 1687 Ι
779 1621 846 1677 27
880 1615 1329 1688 Huiusquemodi,
1361 1632 1582 1687 semper
1611 1616 1696 1671 sio
1733 1608 1745 1693 Ι
1783 1622 1852 1675 34
1879 1618 1980 1671 dix

201 1706 365 1757 erunt
402 1718 513 1772 qua
553 1698 563 1771 Ι
601 1706 667 1761 37
692 1702 1007 1755 caeruleum
1039 1706 1136 1755 est.

324 1790 447 1853 312,
486 1789 519 1843 7
550 1785 743 1839 eniena
768 1784 998 1856 fruenta
1039 1778 1062 1860 Ι
1085 1790 1120 1843 8
1147 1783 1305 1839 Inter
1332 1785 1577 1838 timorem
1611 1788 1811 1837 metum
1831 1799 1978 1853 pavo

199 1883 314 1923 rem
344 1874 397 1923 et
421 1867 809 1939 formidinem:
854 1870 1013 1923 timor
1044 1868 1280 1940 suppleo
1320 1860 1329 1944 Ι
1367 1873 1402 1926 9
1441 1868 1656 1921 animus
1691 1856 1704 1943 Ι
1745 1873 1811 1925 10
1850 1880 2010 1937 sepes

199 1954 316 2005 sine
352 1946 363 2028 Ι
402 1957 462 2009 11
500 1953 628 2007 etei
654 1966 829 2024 equus
863 1945 875 2029 Ι
926 1956 995 2010 13
1031 1954 1249 2005 animus
1285 1944 1295 2027 Ι
1348 1956 1416 2009 16
1454 1964 1662 2005 summe
1699 1944 1708 2027 Ι
1758 1956 1826 2008 22
1861 1956 2010 2005 terre

204 2036 409 2088 minuat
443 2029 452 2108 Ι
489 2040 559 2094 23
592 2036 747 2089 circa
780 2050 945 2107 quam
998 2027 1007 2110 Ι
1058 2039 1126 2093 26
1154 2048 1403 2089 seorsum
1432 2035 1712 2104 seponitur
1741 2038 1775 2091 2
1802 2049 1963 2089 manu
1997 2024 2007 2109 Ι

201 2122 270 2177 29
286 2117 523 2173 fortasse
535 2120 798 2188 pertinet,
840 2133 951 2173 non
980 2116 1057 2171 ad
1084 2131 1201 2171 rem
1240 2112 1249 2191 Ι
1286 2123 1356 2177 33
1382 2116 1548 2172 horat
1581 2114 1591 2187 Ι
1629 2123 1695 2176 35
1709 2118 2006 2183 rationem}

198 2206 267 2260 37
302 2200 451 2272 quod
478 2198 566 2255 d'o
606 2198 615 2277 Ι
652 2208 721 2261 38
753 2202 1015 2273 pullicus.

320 2290 457 2352 313,
486 2289 521 2340 2
560 2290 615 2339 οι
650 2285 731 2339 ειιι·
759 2284 851 2340 vel
889 2270 954 2339 e‘t
988 2284 1067 2337 ειιι·
1099 2279 1110 2360 Ι
1146 2283 1438 2339 vindentur
1473 2278 1486 2361 Ι
1521 2288 1556 2341 3
1593 2283 1726 2337 locis
1761 2275 1772 2357 Ι
1812 2287 1846 2340 6
1881 2286 2011 2336 trau

198 2365 421 2423 additur
452 2371 585 2437 post
620 2367 835 2421 arbitrii
880 2360 891 2443 Ι
940 2372 973 2426 9
1000 2367 1223 2438 aliquod
1268 2358 1279 2443 Ι
1329 2364 1552 2437 aliquod
1599 2357 1609 2442 Ι
1661 2372 1731 2424 10
1755 2366 1917 2419 veluti
1937 2381 2010 2436 p,-

196 2451 432 2504 merium
522 2450 588 2505 11
636 2463 746 2519 pus
786 2464 1003 2505 murum
1040 2440 1053 2526 Ι
1094 2454 1159 2507 14
1216 2451 1517 2511 inicientem
1553 2438 1566 2525 Ι
1604 2453 1669 2507 16
1730 2448 1956 2503 iniciens
1996 2450 2006 2514 Ι

195 2538 265 2594 2ο
300 2534 429 2586 etim
519 2534 584 2587 21
607 2530 754 2603 quod
780 2532 869 2586 iab
904 2526 915 2608 Ι
953 2538 1022 2588 22
1044 2531 1191 2603 quod
1218 2532 1294 2587 ad
1322 2533 1513 2602 lanuyi
1531 2538 1584 2587 et
1611 2532 1758 2603 quod
1793 2532 1806 2607 Ι
1839 2536 1907 2590 25
1930 2536 2012 2585 est

194 2616 324 2686 quia
373 2614 513 2669 licito
551 2604 563 2691 Ι
600 2618 671 2673 28
696 2613 965 2669 inlicitatis
1006 2617 1231 2686 saepius
1266 2606 1277 2691 Ι
1315 2620 1383 2675 29
1427 2615 1670 2671 fortasse
1701 2614 1811 2669 dici
1835 2616 2008 2669 inlici-

198 2704 406 2752 latores
442 2691 455 2775 Ι
491 2702 560 2757 34
587 2711 774 2752 noxae
810 2692 819 2773 Ι
858 2700 925 2757 37
955 2697 1199 2753 fortasse
1229 2699 1530 2752 comminus
1556 2700 1811 2754 duorum.

324 2784 458 2849 314,
504 2786 539 2839 3
588 2783 733 2836 venit
765 2772 777 2857 Ι
826 2786 861 2838 4
923 2782 1102 2851 coyitit
1134 2773 1147 2857 Ι
1194 2780 1455 2837 laborare
1491 2774 1502 2857 Ι
1539 2788 1572 2840 5
1619 2781 1761 2835 idem
1811 2781 1958 2851 quod
1995 2783 2006 2848 Ι

195 2869 233 2923 8
262 2864 439 2917 locum
478 2855 489 2941 Ι
526 2878 779 2934 persona
816 2856 826 2941 Ι
866 2869 934 2923 13
973 2864 1211 2920 Imbrem
1242 2870 1299 2919 et
1341 2863 1514 2918 imber
1551 2864 1788 2935 suppleo
1827 2855 1836 2940 Ι
1873 2865 1954 2919 vis
1995 2865 2008 2929 Ι

198 2952 269 3003 14
294 2946 434 3000 idem
457 2948 620 3017 pulso
659 2939 669 3024 Ι
708 2964 745 3001 a
782 2946 1015 3002 nubibus
1048 2940 1059 3024 Ι
1100 2954 1164 3005 15
1196 2948 1382 3019 aliqua
1421 2938 1430 3023 Ι
1470 2953 1536 3007 16
1575 2960 1775 3002 serena
1812 2938 1822 3022 Ι
1863 2952 1929 3005 18
1961 2950 2016 3001 et

188 3032 506 3100 peccatoris
552 3021 565 3107 Ι
614 3036 684 3088 20
721 3030 789 3085 de
822 3045 889 3084 ea
938 3022 947 3097 Ι
1006 3036 1073 3089 25
1106 3028 1266 3085 Inter
1299 3035 1354 3085 et
1398 3034 1573 3085 itener
1619 3033 1630 3099 1
1677 3029 1824 3103 quod
1863 3031 1956 3101 qui
1995 3022 2008 3107 Ι

194 3118 265 3171 27
296 3130 467 3168 unum
496 3120 579 3169 est
615 3114 852 3185 suppleo
890 3106 901 3187 Ι
939 3120 1009 3173 28
1038 3116 1197 3169 totius
1232 3106 1244 3190 Ι
1281 3121 1347 3174 31
1379 3112 1666 3170 Invenitur
1702 3106 1716 3193 Ι
1753 3119 1820 3173 32
1846 3118 2008 3169 natu-

194 3212 325 3250 ram
362 3190 373 3273 Ι
413 3197 657 3253 fortasse
692 3202 875 3251 tamen
891 3190 1264 3269 principiaet
1290 3199 1524 3269 speciem
1546 3198 1700 3252 initii.

326 3286 463 3352 315,
498 3286 533 3339 3
567 3277 805 3334 Inducia
845 3272 854 3357 Ι
892 3282 1107 3336 inducie
1132 3283 1347 3335 nomine
1375 3296 1598 3337 nomer-o
1635 3273 1648 3355 Ι
1683 3287 1716 3339 5
1757 3292 1962 3351 pacem
1999 3274 2015 3351 Ι

184 3365 537 3435 pepiqessem
574 3354 587 3443 Ι
624 3368 657 3422 6
689 3368 751 3419 ut
780 3364 839 3417 in
877 3356 887 3439 Ι
922 3369 955 3424 'l
985 3364 1382 3421 imbecilliorem
1411 3366 1583 3420 altero
1620 3356 1632 3441 Ι
1670 3370 1732 3423 11
1767 3360 1972 3418 (arian
1995 3402 2009 3416 .

191 3461 325 3500 cum
383 3446 723 3502 membratim
782 3448 1043 3520 discerpit
1084 3441 1097 3527 Ι
1151 3455 1218 3508 18
1280 3449 1340 3502 id
1395 3446 1552 3504 Hand
1605 3462 1708 3519 pro
1762 3460 1826 3501 tw
1889 3444 1942 3501 ul
1999 3462 2014 3521 Ι

188 3534 265 3588 20
322 3544 551 3587 numero
606 3531 881 3601 sinyulari
936 3526 945 3608 Ι
996 3538 1063 3589 22
1108 3546 1293 3587 omnes
1330 3531 1658 3586 conditiones
1703 3523 1714 3606 Ι
1765 3536 1831 3589 25
1881 3532 1951 3585 iu·

184 3628 302 3683 que
360 3618 589 3687 reperta
626 3605 639 3689 Ι
674 3620 744 3673 28
804 3618 981 3671 artius
1038 3616 1214 3687 leyent
1245 3606 1255 3692 Ι
1292 3621 1364 3674 30
1415 3616 1656 3670 fortasse
1715 3612 1803 3729 Ϊῑ
1843 3612 1945 3668 Do
1998 3672 2011 3689 ⁸

1534 3719 1538 3723 ·
1664 3712 1702 3755 a
