2700 4234
473 262 597 325 270
967 271 1027 319 c.
1061 270 1451 320 sumonms
1488 270 1975 331 TRANQUILLUs

415 440 448 495 2
595 427 656 488 L.
689 426 912 488 Plotius
939 426 1155 489 Gallus.
1213 426 1304 486 De
1337 425 1454 486 hoc
1486 424 1697 487 Cicero
1725 427 1781 486 in
1812 425 2064 505 epistola
2096 425 2165 485 ad
2195 426 2272 487 M.
2305 426 2475 487 Titin-

467 515 616 573 nium
654 513 742 573 sic
768 512 978 571 refert:
1011 509 1316 591 Equidem
1335 514 1631 571 memoria
1660 515 1863 585 teneo,
1889 510 2109 587 pneris
2135 508 2318 571 nobis
2340 512 2472 588 pri-

467 612 630 658 mum
655 592 878 655 Latine
916 594 1140 656 docere
1176 595 1457 673 coepisse
1484 593 1749 655 Plotium
1776 591 2098 673 quendam.
2174 591 2278 653 Ad
2307 612 2476 673 quem

471 698 606 742 cam
639 679 816 757 fieret
853 696 1223 755 concursus,
1279 678 1447 758 quod
1487 676 1981 739 studiosissimus
2014 677 2273 758 quisque
2310 679 2481 756 apud

471 782 605 825 eum
639 768 1067 839 exerceretur,
1099 762 1383 825 dolebam
1412 762 1561 823 mihi
1584 760 1744 822 idem
1770 780 1895 823 non
1923 762 2126 822 licere.
2190 759 2471 822 Contine-
2490 783 2517 823 5

472 847 593 908 bar
630 852 832 907 autem
863 845 1359 907 doctissimorum
1397 844 1703 906 hominum
1748 846 2151 921 auctoritate,
2203 846 2311 923 qui
2348 848 2473 906 ecci-

469 928 806 992 stimabant
825 928 1089 990 Graecis
1121 927 1667 991 exercitationibus
1690 929 1781 989 ali
1800 929 2017 989 melius
2047 930 2299 1008 inqenia
2328 947 2473 1007 pos-

469 1032 556 1075 se.
630 1013 794 1073 Hunc
838 1012 1080 1073 eundem
1125 1016 1285 1093 (nam
1327 1014 1645 1073 diutissime
1675 1012 1853 1091 vixit)
1884 1012 1960 1073 Μ.
1998 1011 2237 1073 Coelius
2267 1014 2326 1072 in
2352 1028 2480 1073 ora:

469 1101 662 1175 tione,
711 1114 878 1176 quam
925 1114 1031 1176 pro
1073 1116 1140 1156 se
1187 1096 1259 1156 de
1303 1098 1362 1156 vi
1408 1095 1632 1174 habuit,
1686 1098 1977 1173 significat
2018 1096 2271 1157 dictasse
2308 1099 2473 1156 Atra-

471 1184 627 1257 tino,
667 1182 991 1240 accusatori
1024 1198 1159 1255 suo,
1191 1182 1508 1249 actionem3
1554 1180 1969 1259 subtractoque
1991 1182 2251 1257 nomine,
2295 1179 2471 1241 orde·
2496 1196 2545 1237 ιο

473 1265 675 1325 arium
705 1280 832 1323 eum
871 1262 1176 1324 rhetorem
1210 1263 1505 1342 appellat,
1552 1263 1823 1324 deridens
1872 1273 1931 1323 ut
1971 1262 2248 1341 inflatum
2280 1280 2361 1323 ac
2390 1262 2449 1324 le

469 1366 602 1407 vem
631 1352 692 1407 et
715 1345 1054 1407 sordidum.
1167 1360 1174 1367 ·

409 1446 443 1501 3
596 1430 658 1490 L.
693 1429 1040 1490 Voltacilius
1081 1429 1300 1490 Pilutus
1343 1432 1603 1492 servisse
1632 1431 1840 1492 dicitur
1882 1440 2054 1511 atque
2098 1433 2267 1491 etiam
2306 1433 2477 1492 ostia-

469 1516 590 1574 rius
619 1522 823 1573 vetere
852 1530 1012 1573 more
1040 1516 1099 1575 in
1130 1524 1334 1575 catena
1363 1514 1579 1592 fuisse,
1620 1515 1808 1575 donec
1838 1514 1913 1575 ob
1946 1516 2235 1593 ingenium
2266 1532 2337 1575 ae
2367 1524 2478 1574 stu·

472 1598 622 1658 dium
660 1597 983 1658 litterarum
1021 1600 1432 1675 manumissus,
1480 1601 2060 1678 accusantipatrono
2109 1597 2473 1677 subscripsit.
2500 1618 2548 1662 ιε

470 1681 696 1742 Deinde
724 1679 1073 1741 rhetoricam
1097 1682 1431 1761 professus,
1466 1680 1945 1761 CN.'Pompeium
1967 1682 2239 1760 Magnum
2263 1682 2479 1758 docuit,

471 1768 772 1845 patrisque
803 1768 928 1825 eius
961 1783 1060 1825 res
1089 1774 1324 1842 gestas,
1372 1783 1482 1826 nec
1514 1768 1699 1825 minus
1727 1768 1943 1844 ipsiuS,
1992 1766 2387 1845 compluribus
2417 1766 2479 1825 li-

473 1850 594 1909 brIs
637 1851 940 1926 exposuit;
980 1849 1224 1926 primus
1266 1849 1529 1910 omnium
1569 1848 2020 1926 libertinorum,
2072 1859 2131 1909 ut
2175 1848 2482 1909 Cornelius

472 1932 678 2011 Nepos
722 1932 1016 2009 opinatur,
1062 1932 1340 1993 scribere
1370 1932 1695 1995 historiam
1724 1951 1938 2009 orsus,
1990 1934 2242 1993 nonnisi
2267 1933 2349 1994 ab
2378 1934 2479 1993 ho-

470 2013 820 2076 nestissimo
849 2031 1086 2094 quoque
1113 2014 1310 2076 scribi
1334 2016 1583 2077 solitam
1612 2017 1699 2077 ad
1725 2018 1793 2077 id
1822 2022 2074 2095 tempus.
2498 2036 2550 2077 20

418 2106 451 2155 4
597 2098 675 2159 Μ.
709 2096 980 2177 Epidius,
1015 2097 1296 2159 calumnia
1327 2108 1591 2176 notatus,
1636 2098 1832 2161 ludum
1863 2100 2092 2161 dicendi
2124 2102 2352 2182 aperuit
2382 2102 2484 2161 do·

473 2184 706 2262 cuitque
731 2185 880 2242 inter
905 2192 1136 2243 ceteros
1157 2182 1232 2244 Μ.
1264 2182 1575 2244 Antonium
1598 2194 1655 2243 et
1678 2185 2027 2262 Augustum
2068 2185 2275 2264 quibus
2303 2203 2482 2263 quon-

473 2265 602 2327 dam
651 2264 716 2327 C.
759 2265 1102 2343 Cannutius,
1148 2267 1557 2328 obiicientibus
1600 2267 1709 2327 sibi
1758 2267 1913 2347 quod
1954 2270 2011 2327 in
2052 2288 2117 2329 re
2147 2288 2205 2351 p.
2249 2268 2483 2330 admini-

474 2349 706 2410 stranda
760 2351 1114 2430 potissimum
1161 2350 1484 2411 consularis
1535 2351 1776 2412 Isaurici
1833 2360 2051 2411 sectam
2111 2362 2483 2430 sequeretur,

471 2433 658 2493 malle
699 2434 1000 2512 respondit
1042 2431 1316 2495 Isaurici
1345 2452 1483 2495 esse
1520 2434 1888 2514 discipulum
1929 2453 2113 2515 quam
2140 2434 2335 2514 Epidi
2373 2453 2483 2497 ca·
2505 2456 2551 2494 aa

469 2516 880 2582 lumniatoris.
941 2516 1050 2578 Hic
1087 2516 1328 2597 Epidius
1354 2528 1539 2579 ortum
1564 2538 1629 2579 se
1650 2517 1725 2580 ab
1753 2518 1965 2598 Epidio
1988 2518 2281 2580 Nucerino
2318 2539 2485 2600 prae·

471 2603 732 2681 dicabat,
777 2621 948 2684 quem
989 2601 1180 2663 ferunt
1225 2601 1363 2662 olim
1393 2605 1834 2681 praecipitatum
1879 2605 1938 2663 in
1979 2603 2194 2664 fontem
2236 2605 2490 2665 fluminis

470 2689 673 2764 Sarni,
705 2688 880 2767 paulo
912 2696 1046 2767 post
1076 2705 1202 2748 cum
1236 2685 1511 2747 cornibus
1546 2688 1842 2765 extitisse,
1874 2704 1944 2746 ac
1968 2690 2157 2747 statim
2187 2704 2302 2747 non
2327 2705 2486 2747 com-

472 2772 735 2854 paruisse
763 2772 822 2831 in
853 2788 1206 2851 numeroque
1240 2771 1475 2831 deorum
1507 2770 1775 2831 habitum.
2052 2812 2065 2816 -

415 2876 446 2931 5
597 2856 810 2917 Sextus
845 2854 1117 2934 ClodiuS,
1152 2875 1187 2915 e
1217 2856 1445 2933 Sicilia,
1478 2854 1713 2917 Latinae
1750 2853 1916 2937 simul
1949 2852 2326 2933 Graecaeque
2358 2856 2483 2915 elo·
2508 2872 2561 2913 30

404 2994 410 2999 .
471 2942 742 3021 quentiae
773 2939 1108 3019 professor,
1141 2939 1291 3000 male
1324 2940 1587 3001 oculatus
1616 2946 1675 2997 et
1699 2938 1897 3015 dicax,
1922 2955 2051 3015 par
2078 2938 2399 2999 oculorum
2423 2940 2493 2999 in
2606 2943 2611 2947 “

473 3024 750 3086 amicitia
789 3022 874 3085 M.
904 3022 1158 3085 Antonii
1199 3022 1507 3084 triumviri
1543 3022 1807 3083 extr-isse
1846 3039 1915 3081 se
1957 3021 2177 3091 aiebat;
2224 3022 2491 3081 eiusdem

469 3127 710 3171 uxorem
751 3107 1040 3185 Fulviam,
1074 3110 1166 3167 cui
1195 3106 1379 3168 altera
1402 3107 1585 3167 bucca
1612 3106 1862 3166 inflatior
1892 3116 2047 3181 erat,
2082 3122 2341 3167 acumen
2358 3106 2498 3167 stili

474 3200 714 3254 tentare
743 3191 916 3270 dixit,
960 3210 1073 3252 uec
1095 3208 1168 3253 eo
1197 3192 1415 3267 minus,
1445 3193 1616 3250 immo
1638 3189 1732 3249 vel
1763 3192 1949 3266 magis
1982 3189 2055 3249 ob
2080 3188 2198 3249 hoc
2224 3191 2491 3250 Antonio

473 3285 690 3353 gratus·
760 3275 822 3341 A,
848 3292 964 3353 quo
996 3293 1129 3336 mox
1173 3272 1415 3335 consule
1453 3277 1661 3351 ingens
1705 3275 1875 3333 etiam
1915 3275 2271 3349 congiarium
2312 3291 2488 3335 acce·
2512 3293 2563 3335 ³⁵

476 3362 586 3437 pit,
635 3369 696 3420 ut
727 3362 780 3419 ei
821 3362 876 3418 in
910 3359 1252 3438 Philippicis
1289 3356 1501 3419 Cicero
1536 3356 1764 3417 obiicit:
1809 3354 2085 3416 Adhibes
2117 3357 2243 3417 ioci
2282 3374 2494 3417 causa

470 3441 866 3521 maqistrnm,
897 3438 1200 3521 suffrayio
1225 3446 1328 3503 tao
1355 3448 1417 3502 et
1441 3446 1860 3519 compotorum
1886 3447 2128 3503 tuorum
2155 3440 2489 3517 rhetorem,

474 3526 576 3584 cui
611 3524 974 3585 concessisti
997 3531 1066 3584 ut
1092 3523 1156 3584 in
1185 3531 1242 3584 te
1270 3541 1431 3605 quae
1457 3524 1637 3585 vellet
1665 3522 1929 3601 diceret,
1965 3524 2203 3585 salsum
2242 3524 2490 3587 omnino
