2700 4234
949 318 1407 378 Dom'rnums'.
2062 316 2181 379 241

183 484 397 546 nullam
427 482 727 559 habuisse,
773 490 1084 560 persancte
1113 480 1361 541 Domitia
1389 479 1647 541 iurabatz
1693 480 1843 541 haud
1884 492 2185 561 negatura,

182 570 230 631 si
263 586 375 647 qua
403 568 635 629 omnino
669 566 896 641 fuisset,
932 566 1105 624 immo
1142 565 1310 625 etiam
1338 564 1678 642 gloriatura,
1712 563 1867 645 quod
1890 564 1971 625 illi
1995 582 2187 645 prom-

177 654 498 733 ptissimum
528 659 654 711 erat
683 650 741 709 in
771 647 1033 709 omnibus
1064 646 1316 727 probris.
2116 708 2122 713 ‚

308 734 586 797 Excessit
625 736 683 793 in
720 732 924 793 eadem
970 748 1080 811 qua
1123 740 1292 811 pater
1319 732 1460 792 villa
1496 732 1581 791 Id.
1618 732 1823 811 Septb.
1857 742 1992 813 post
2024 734 2263 795 bien-11

19 849 21 860 ·
120 838 150 879 s
177 821 334 879 nium
371 836 442 879 ac
473 834 707 877 menses
753 816 899 876 duos
945 815 1185 894 diesque
1228 814 1359 876 XX.
1401 834 1567 896 quam
1607 826 1981 878 successerat
2013 820 2184 898 patri,

19 893 22 910 ’
177 903 367 964 altero
399 911 458 962 et
493 901 938 980 quadragesimo
979 900 1186 959 aetatis
1223 916 1392 959 anno.
1462 899 1632 975 Quod
1658 908 1721 960 ut
1753 900 1943 981 palam
1972 901 2185 963 factum

175 995 293 1063 est,
323 1003 442 1046 non
473 1003 646 1045 secus
679 993 852 1063 atque
886 986 943 1043 in
977 982 1302 1044 domestico
1336 983 1497 1044 luctu
1526 984 1918 1046 maerentibus
1948 985 2185 1065 publice

177 1072 436 1147 cunctis,
480 1077 714 1129 senatus
755 1070 914 1146 prius
956 1080 1126 1146 quam
1167 1066 1361 1128 edicto
1404 1077 1829 1129 convocaretur
1864 1068 1937 1129 ad
1971 1071 2183 1131 curiam

177 1154 498 1229 concurrit,
534 1151 936 1230 obseratisque
965 1150 1151 1212 adhuc
1177 1150 1435 1229 foribus,
1466 1150 1673 1211 deinde
1704 1152 1957 1231 apertis,
1996 1162 2187 1214 tantas

99 1258 156 1301 ιο
173 1244 404 1297 mortuo
436 1236 654 1316 gratias
685 1235 806 1313 egit
836 1234 1152 1314 laudesque
1185 1236 1506 1313 congessit,
1541 1245 1782 1315 quantas
1804 1254 1878 1297 ne
1900 1238 2039 1299 vivo
2064 1238 2183 1317 qui-

173 1321 310 1381 dem
337 1337 602 1398 umquam
635 1328 808 1398 atque
841 1319 1154 1398 praesenti.

992 1598 1401 1609 ——m-——n—

824 1877 826 1879 ν
902 1838 1450 1895 commanus.

299 1997 657 2058 Domitianus
702 2003 868 2055 natus
919 2005 1011 2055 est
1052 1994 1238 2056 VIIII.
1283 1995 1378 2057 Kl.
1408 1995 1463 2057 N
1468 1994 1694 2058 ovemb.
1743 2003 1908 2074 patre
1942 1994 2231 2064 consule]

173 2081 482 2159 designato
519 2081 844 2157 inituroque
872 2096 1072 2139 mense
1103 2080 1429 2159 insequenti
1463 2080 1779 2157 honorem,
1816 2079 2063 2157 regione
2090 2096 2181 2138 ur-

173 2165 270 2226 bis
299 2174 466 2225 sexta
489 2163 561 2225 ad
587 2160 798 2225 Malum
825 2162 1126 2239 Punicum,
1163 2162 1334 2223 domo
1368 2179 1535 2243 quam
1566 2172 1775 2242 postea
1810 2164 1869 2222 in
1909 2161 2185 2241 templum

98 2266 150 2308 ιε
168 2251 370 2329 gentis
397 2246 636 2308 Flaviae
667 2248 972 2307 convertit.
1035 2245 1363 2307 Pubertatis
1391 2266 1459 2309 ac
1488 2250 1707 2327 primae
1750 2244 2183 2307 adulescentiae

163 2343 401 2411 tempus
433 2339 589 2393 tanta
617 2331 817 2409 inopia
845 2338 1120 2409 tantaque
1154 2330 1387 2391 infamia
1416 2332 1677 2410 gessisse
1708 2330 1924 2406 fertur,
1966 2338 2025 2389 ut
2060 2328 2181 2389 nul.-

163 2418 290 2477 lum
330 2423 670 2492 argenteum
712 2431 818 2473 vas
861 2416 919 2473 in
960 2431 1068 2474 usu
1107 2412 1371 2475 haberet.
1474 2414 1743 2493 Satisque
1789 2421 2015 2475 constat
2046 2411 2181 2474 Clo-

165 2500 327 2561 dium
353 2497 678 2559 Pollionem
707 2498 1062 2575 praetorium
1095 2500 1296 2575 virum,
1335 2500 1393 2559 in
1424 2517 1595 2578 quem
1625 2507 1715 2559 est
1752 2515 1965 2579 poema
1994 2495 2182 2557 Nero-

163 2584 266 2643 nis
297 2580 452 2660 quod
483 2580 816 2642 inscribitur
843 2579 1056 2642 Luscio
1075 2627 1094 2659 ,
1129 2582 1581 2662 chirographum
1623 2586 1749 2644 eius
1792 2599 2183 2643 conservasse

88 2674 232 2727 zoet
273 2683 694 2744 nonnumquam
734 2664 1050 2743 protulisse
1095 2675 1328 2727 noctem
1374 2667 1483 2728 sibi
1526 2668 1889 2747 pollicentis;
1932 2684 2043 2726 nec
2085 2664 2181 2724 de-

159 2750 402 2811 fuerunt
444 2748 539 2827 qui
592 2749 974 2824 affirmarent,
1021 2760 1351 2829 corruptum
1385 2750 1769 2811 Domitianum
1812 2759 1872 2810 et
1913 2768 1946 2811 a
1987 2749 2181 2809 Nerva

161 2848 522 2895 successore
563 2850 702 2893 mox
743 2848 871 2891 suo.
960 2830 1130 2894 Bello
1174 2834 1495 2896 Vitelliano
1536 2834 1799 2911 confugit
1842 2834 1901 2893 in
1946 2830 2181 2911 Capito·

160 2918 309 2977 lium
341 2933 469 2976 cum
499 2924 708 2993 patruo
741 2914 956 2976 Sabino
991 2934 1062 2975 ac
1093 2927 1258 2997 parte
1290 2918 1680 2998 praesentium
1712 2915 2042 2994 copiarum,
2078 2914 2183 2975 sed

162 2998 624 3078 irrumpentibus
654 2997 1007 3059 adversariis
1037 3008 1096 3059 et
1137 3002 1377 3062 ardente
1430 3001 1651 3081 templo
1699 2998 1852 3080 apud
1894 2998 2183 3059 aedituum

87 3098 142 3140 τε
166 3084 322 3145 clam
353 3082 744 3163 pernoctavit,
777 3100 848 3143 ac
875 3100 1042 3143 mane
1073 3082 1248 3145 Isiaci
1291 3085 1515 3147 celatus
1556 3084 1752 3145 habitu
1795 3085 2059 3162 interque
2093 3100 2180 3143 sa·

166 3166 470 3228 crificnlos
500 3183 688 3226 vanae
721 3166 1174 3246 superstitionis,
1211 3189 1338 3230 oum
1370 3188 1435 3229 se
1469 3178 1626 3229 trans
1653 3166 1905 3229 Tiberim
1932 3164 2005 3227 ad
2044 3182 2181 3227 con.-

163 3249 442 3329 discipuli
471 3250 558 3309 sui
591 3257 832 3311 matrem
869 3250 1078 3310 comite
1105 3270 1218 3315 uno
1243 3252 1603 3331 contulisset,
1634 3254 1712 3311 ita
1733 3251 1913 3329 latuit,
1937 3258 1997 3311 ut
2020 3268 2178 3311 scru-

161 3334 424 3395 tantibus
454 3336 550 3413 qui
585 3334 833 3410 vestigia
863 3332 1160 3396 subsecuti
1191 3346 1387 3414 erant,
1432 3334 1789 3417 deprehen-di
1836 3352 1951 3397 non
1974 3342 2177 3415 potue-

157 3418 259 3478 rit.
349 3417 492 3477 Post
519 3418 819 3477 victoriam
849 3416 1072 3477 demum
1102 3438 1457 3500 progressus
1500 3429 1559 3481 et
1590 3418 1810 3481 Caesar
1856 3420 2177 3481 consaluta-

79 3514 140 3556 so
163 3510 280 3577 tus,
314 3500 597 3561 honorem
631 3510 940 3578 praeturae
971 3502 1229 3565 urbanae
1265 3504 1559 3565 consulari
1591 3512 1879 3583 potestate
1919 3502 2180 3579 suscepit

161 3584 336 3645 titulo
401 3593 607 3661 tenus,
655 3585 816 3665 (nam
855 3584 997 3643 iuris
1033 3586 1344 3649 dictionem
1398 3588 1471 3649 ad
1518 3588 1837 3729 collegar1n6
1855 3585 2181 3665 proximum

273 3690 583 3730 svrrnnms.
