<?xml version="1.0" encoding="UTF-8"?>
<!DOCTYPE html PUBLIC "-//W3C//DTD XHTML 1.0 Transitional//EN"
    "http://www.w3.org/TR/xhtml1/DTD/xhtml1-transitional.dtd">
<html xmlns="http://www.w3.org/1999/xhtml" xml:lang="en" lang="en">
 <head>
  <title>
</title>
<meta http-equiv="Content-Type" content="text/html;charset=utf-8" />
  <meta name='ocr-system' content='tesseract 3.04.00' />
  <meta name='ocr-capabilities' content='ocr_page ocr_carea ocr_par ocr_line ocrx_word'/>
</head>
<body>
  <div class='ocr_page' id='page_1' title='image "./csuetonitranqui05rothgoog_0296.png"; bbox 0 0 2700 4234; ppageno 0'>
   <div class='ocr_carea' id='block_1_1' title="bbox 518 235 2446 302">
    <p class='ocr_par' dir='ltr' id='par_1_1' title="bbox 518 235 2446 302">
     <span class='ocr_line' id='line_1_1' title="bbox 518 235 2446 302; baseline -0.003 -5"><span class='ocrx_word' id='word_1_1' title='bbox 518 235 641 298; x_wconf 81' lang='lat'><strong>186</strong></span> <span class='ocrx_word' id='word_1_2' title='bbox 728 245 791 294; x_wconf 91' lang='lat' dir='ltr'><strong>c.</strong></span> <span class='ocrx_word' id='word_1_3' title='bbox 822 244 1125 293; x_wconf 73' lang='lat' dir='ltr'><strong>summu</strong></span> <span class='ocrx_word' id='word_1_4' title='bbox 1154 242 1413 302; x_wconf 72' lang='lat' dir='ltr'><strong>TRANQ.</strong></span> <span class='ocrx_word' id='word_1_5' title='bbox 1448 243 1543 288; x_wconf 77' lang='lat' dir='ltr'><strong>nn</strong></span> <span class='ocrx_word' id='word_1_6' title='bbox 1577 241 1748 289; x_wconf 69' lang='lat' dir='ltr'><strong>vin</strong></span> <span class='ocrx_word' id='word_1_7' title='bbox 1788 240 2165 290; x_wconf 63' lang='lat' dir='ltr'><strong>causarum</strong></span> <span class='ocrx_word' id='word_1_8' title='bbox 2187 241 2327 294; x_wconf 78' lang='lat' dir='ltr'><strong>mn.</strong></span> <span class='ocrx_word' id='word_1_9' title='bbox 2351 243 2446 292; x_wconf 88' lang='lat' dir='ltr'><strong>v1.</strong></span> 
     </span>
    </p>
   </div>
   <div class='ocr_carea' id='block_1_2' title="bbox 514 395 2609 3582">
    <p class='ocr_par' dir='ltr' id='par_1_2' title="bbox 514 395 2609 3406">
     <span class='ocr_line' id='line_1_2' title="bbox 514 395 2528 481; baseline -0.001 -19"><span class='ocrx_word' id='word_1_10' title='bbox 514 401 839 481; x_wconf 72' lang='lat' dir='ltr'><strong>rigentem,</strong></span> <span class='ocrx_word' id='word_1_11' title='bbox 893 398 1175 459; x_wconf 82' lang='lat' dir='ltr'><strong>hactenus</strong></span> <span class='ocrx_word' id='word_1_12' title='bbox 1219 397 1408 477; x_wconf 86' lang='lat' dir='ltr'><strong>primo</strong></span> <span class='ocrx_word' id='word_1_13' title='bbox 1460 395 1814 473; x_wconf 85' lang='lat' dir='ltr'><strong>gravabatur</strong></span> <span class='ocrx_word' id='word_1_14' title='bbox 1857 404 1917 455; x_wconf 83' lang='lat' dir='ltr'><strong>ut</strong></span> <span class='ocrx_word' id='word_1_15' title='bbox 1957 395 2170 456; x_wconf 84' lang='lat' dir='ltr'><strong>invidia</strong></span> <span class='ocrx_word' id='word_1_16' title='bbox 2220 396 2528 476; x_wconf 81' lang='lat' dir='ltr'><strong>identidem</strong></span> 
     </span>
     <span class='ocr_line' id='line_1_3' title="bbox 520 477 2528 562; baseline -0.001 -16"><span class='ocrx_word' id='word_1_17' title='bbox 520 493 834 560; x_wconf 81' lang='lat' dir='ltr'><strong>oneraret,</strong></span> <span class='ocrx_word' id='word_1_18' title='bbox 869 485 1033 562; x_wconf 87' lang='lat' dir='ltr'><strong>quasi</strong></span> <span class='ocrx_word' id='word_1_19' title='bbox 1064 499 1337 541; x_wconf 87' lang='lat' dir='ltr'><strong>cessurus</strong></span> <span class='ocrx_word' id='word_1_20' title='bbox 1369 481 1614 558; x_wconf 89' lang='lat' dir='ltr'><strong>imperio</strong></span> <span class='ocrx_word' id='word_1_21' title='bbox 1645 477 2026 557; x_wconf 81' lang='lat' dir='ltr'><strong>Rhodumque</strong></span> <span class='ocrx_word' id='word_1_22' title='bbox 2055 479 2346 558; x_wconf 84' lang='lat' dir='ltr'><strong>abiturus,</strong></span> <span class='ocrx_word' id='word_1_23' title='bbox 2394 501 2528 545; x_wconf 87' lang='lat' dir='ltr'><strong>mox</strong></span> 
     </span>
     <span class='ocr_line' id='line_1_4' title="bbox 521 561 2526 645; baseline -0.001 -16"><span class='ocrx_word' id='word_1_24' title='bbox 521 579 581 630; x_wconf 91' lang='lat' dir='ltr'><strong>et</strong></span> <span class='ocrx_word' id='word_1_25' title='bbox 628 569 855 629; x_wconf 89' lang='lat' dir='ltr'><strong>honore</strong></span> <span class='ocrx_word' id='word_1_26' title='bbox 898 566 1051 626; x_wconf 89' lang='lat' dir='ltr'><strong>omui</strong></span> <span class='ocrx_word' id='word_1_27' title='bbox 1087 573 1145 626; x_wconf 88' lang='lat' dir='ltr'><strong>et</strong></span> <span class='ocrx_word' id='word_1_28' title='bbox 1166 573 1471 645; x_wconf 32' lang='lat' dir='ltr'><strong>„potestate</strong></span> <span class='ocrx_word' id='word_1_29' title='bbox 1500 563 1767 642; x_wconf 85' lang='lat' dir='ltr'><strong>privavit,</strong></span> <span class='ocrx_word' id='word_1_30' title='bbox 1800 561 2165 642; x_wconf 86' lang='lat' dir='ltr'><strong>abductaque</strong></span> <span class='ocrx_word' id='word_1_31' title='bbox 2197 565 2435 626; x_wconf 88' lang='lat' dir='ltr'><strong>militum</strong></span> <span class='ocrx_word' id='word_1_32' title='bbox 2471 577 2526 626; x_wconf 89' lang='lat' dir='ltr'><strong>et</strong></span> 
     </span>
     <span class='ocr_line' id='line_1_5' title="bbox 524 647 2523 731; baseline -0.002 -16"><span class='ocrx_word' id='word_1_33' title='bbox 524 653 939 715; x_wconf 86' lang='lat' dir='ltr'><strong>Germanorum</strong></span> <span class='ocrx_word' id='word_1_34' title='bbox 973 651 1252 727; x_wconf 87' lang='lat' dir='ltr'><strong>statione,</strong></span> <span class='ocrx_word' id='word_1_35' title='bbox 1300 647 1684 709; x_wconf 89' lang='lat' dir='ltr'><strong>contubernio</strong></span> <span class='ocrx_word' id='word_1_36' title='bbox 1721 663 1953 726; x_wconf 90' lang='lat' dir='ltr'><strong>quoque</strong></span> <span class='ocrx_word' id='word_1_37' title='bbox 1990 665 2059 707; x_wconf 92' lang='lat' dir='ltr'><strong>ac</strong></span> <span class='ocrx_word' id='word_1_38' title='bbox 2091 648 2315 710; x_wconf 85' lang='lat' dir='ltr'><strong>Palatio</strong></span> <span class='ocrx_word' id='word_1_39' title='bbox 2349 669 2523 731; x_wconf 83' lang='lat' dir='ltr'><strong>expu-</strong></span> 
     </span>
     <span class='ocr_line' id='line_1_6' title="bbox 520 731 2568 814; baseline -0.002 -18"><span class='ocrx_word' id='word_1_40' title='bbox 520 737 615 806; x_wconf 85' lang='lat' dir='ltr'><strong>lit;</strong></span> <span class='ocrx_word' id='word_1_41' title='bbox 665 753 858 814; x_wconf 90' lang='lat' dir='ltr'><strong>neque</strong></span> <span class='ocrx_word' id='word_1_42' title='bbox 906 735 963 792; x_wconf 91' lang='lat' dir='ltr'><strong>in</strong></span> <span class='ocrx_word' id='word_1_43' title='bbox 1008 732 1331 793; x_wconf 84' lang='lat' dir='ltr'><strong>divexanda</strong></span> <span class='ocrx_word' id='word_1_44' title='bbox 1375 733 1682 812; x_wconf 89' lang='lat' dir='ltr'><strong>quicquam</strong></span> <span class='ocrx_word' id='word_1_45' title='bbox 1727 733 1894 811; x_wconf 89' lang='lat' dir='ltr'><strong>pensi</strong></span> <span class='ocrx_word' id='word_1_46' title='bbox 1938 731 2166 808; x_wconf 85' lang='lat' dir='ltr'><strong>babuit,</strong></span> <span class='ocrx_word' id='word_1_47' title='bbox 2213 735 2568 799; x_wconf 83' lang='lat' dir='ltr'><strong>summissis5</strong></span> 
     </span>
     <span class='ocr_line' id='line_1_7' title="bbox 525 815 2526 901; baseline -0.002 -21"><span class='ocrx_word' id='word_1_48' title='bbox 525 823 622 901; x_wconf 92' lang='lat' dir='ltr'><strong>qui</strong></span> <span class='ocrx_word' id='word_1_49' title='bbox 655 829 713 880; x_wconf 93' lang='lat' dir='ltr'><strong>et</strong></span> <span class='ocrx_word' id='word_1_50' title='bbox 733 819 956 879; x_wconf 88' lang='lat' dir='ltr'><strong>Romae</strong></span> <span class='ocrx_word' id='word_1_51' title='bbox 988 826 1306 878; x_wconf 73' lang='lat' dir='ltr'><strong>morantem</strong></span> <span class='ocrx_word' id='word_1_52' title='bbox 1333 815 1530 876; x_wconf 87' lang='lat' dir='ltr'><strong>litibus</strong></span> <span class='ocrx_word' id='word_1_53' title='bbox 1558 825 1616 874; x_wconf 87' lang='lat' dir='ltr'><strong>et</strong></span> <span class='ocrx_word' id='word_1_54' title='bbox 1643 817 1699 874; x_wconf 91' lang='lat' dir='ltr'><strong>in</strong></span> <span class='ocrx_word' id='word_1_55' title='bbox 1726 833 1969 876; x_wconf 87' lang='lat' dir='ltr'><strong>secessu</strong></span> <span class='ocrx_word' id='word_1_56' title='bbox 1992 817 2391 894; x_wconf 82' lang='lat' dir='ltr'><strong>quiescentem</strong></span> <span class='ocrx_word' id='word_1_57' title='bbox 2419 837 2526 898; x_wconf 88' lang='lat' dir='ltr'><strong>per</strong></span> 
     </span>
     <span class='ocr_line' id='line_1_8' title="bbox 528 899 2523 979; baseline -0.003 -14"><span class='ocrx_word' id='word_1_58' title='bbox 528 905 793 965; x_wconf 85' lang='lat' dir='ltr'><strong>convicia</strong></span> <span class='ocrx_word' id='word_1_59' title='bbox 824 911 883 962; x_wconf 90' lang='lat' dir='ltr'><strong>et</strong></span> <span class='ocrx_word' id='word_1_60' title='bbox 913 902 1082 962; x_wconf 85' lang='lat' dir='ltr'><strong>iocos</strong></span> <span class='ocrx_word' id='word_1_61' title='bbox 1110 911 1267 962; x_wconf 87' lang='lat' dir='ltr'><strong>terra</strong></span> <span class='ocrx_word' id='word_1_62' title='bbox 1294 900 1553 978; x_wconf 88' lang='lat' dir='ltr'><strong>marique</strong></span> <span class='ocrx_word' id='word_1_63' title='bbox 1577 899 2100 978; x_wconf 86' lang='lat' dir='ltr'><strong>praetervehentes</strong></span> <span class='ocrx_word' id='word_1_64' title='bbox 2123 901 2523 979; x_wconf 71' lang='lat' dir='ltr'><strong>inquietarent.</strong></span> 
     </span>
     <span class='ocr_line' id='line_1_9' title="bbox 524 979 2526 1062; baseline -0.003 -13"><span class='ocrx_word' id='word_1_65' title='bbox 524 989 742 1049; x_wconf 87' lang='lat' dir='ltr'><strong>Verum</strong></span> <span class='ocrx_word' id='word_1_66' title='bbox 772 987 939 1046; x_wconf 91' lang='lat' dir='ltr'><strong>minis</strong></span> <span class='ocrx_word' id='word_1_67' title='bbox 970 979 1095 1045; x_wconf 81' lang='lat' dir='ltr'><strong>eius</strong></span> <span class='ocrx_word' id='word_1_68' title='bbox 1123 1001 1193 1044; x_wconf 87' lang='lat' dir='ltr'><strong>ac</strong></span> <span class='ocrx_word' id='word_1_69' title='bbox 1228 983 1504 1044; x_wconf 84' lang='lat' dir='ltr'><strong>violentia</strong></span> <span class='ocrx_word' id='word_1_70' title='bbox 1531 985 1766 1042; x_wconf 89' lang='lat' dir='ltr'><strong>territus</strong></span> <span class='ocrx_word' id='word_1_71' title='bbox 1791 983 2043 1062; x_wconf 83' lang='lat' dir='ltr'><strong>perdere</strong></span> <span class='ocrx_word' id='word_1_72' title='bbox 2067 987 2283 1054; x_wconf 87' lang='lat' dir='ltr'><strong>statuit;</strong></span> <span class='ocrx_word' id='word_1_73' title='bbox 2314 994 2526 1045; x_wconf 88' lang='lat' dir='ltr'><strong>etcum</strong></span> 
     </span>
     <span class='ocr_line' id='line_1_10' title="bbox 524 1066 2523 1148; baseline -0.003 -15"><span class='ocrx_word' id='word_1_74' title='bbox 524 1083 616 1133; x_wconf 89' lang='lat' dir='ltr'><strong>ter</strong></span> <span class='ocrx_word' id='word_1_75' title='bbox 668 1086 898 1131; x_wconf 88' lang='lat' dir='ltr'><strong>veneno</strong></span> <span class='ocrx_word' id='word_1_76' title='bbox 954 1077 1297 1148; x_wconf 73' lang='lat' dir='ltr'><strong>temptasset</strong></span> <span class='ocrx_word' id='word_1_77' title='bbox 1347 1069 1706 1146; x_wconf 83' lang='lat' dir='ltr'><strong>sentiretque</strong></span> <span class='ocrx_word' id='word_1_78' title='bbox 1769 1066 2039 1128; x_wconf 88' lang='lat' dir='ltr'><strong>antidotis</strong></span> <span class='ocrx_word' id='word_1_79' title='bbox 2090 1070 2523 1148; x_wconf 75' lang='lat' dir='ltr'><strong>praemunitam,</strong></span> 
     </span>
     <span class='ocr_line' id='line_1_11' title="bbox 526 1151 2596 1231; baseline -0.002 -14"><span class='ocrx_word' id='word_1_80' title='bbox 526 1156 851 1231; x_wconf 82' lang='lat' dir='ltr'><strong>lacunaria,</strong></span> <span class='ocrx_word' id='word_1_81' title='bbox 885 1170 1035 1231; x_wconf 91' lang='lat' dir='ltr'><strong>quae</strong></span> <span class='ocrx_word' id='word_1_82' title='bbox 1072 1161 1249 1212; x_wconf 88' lang='lat' dir='ltr'><strong>noctu</strong></span> <span class='ocrx_word' id='word_1_83' title='bbox 1286 1169 1466 1231; x_wconf 89' lang='lat' dir='ltr'><strong>super</strong></span> <span class='ocrx_word' id='word_1_84' title='bbox 1495 1151 1871 1210; x_wconf 87' lang='lat' dir='ltr'><strong>dormientem</strong></span> <span class='ocrx_word' id='word_1_85' title='bbox 1903 1151 2094 1212; x_wconf 85' lang='lat' dir='ltr'><strong>laxata</strong></span> <span class='ocrx_word' id='word_1_86' title='bbox 2126 1152 2385 1212; x_wconf 88' lang='lat' dir='ltr'><strong>machina</strong></span> <span class='ocrx_word' id='word_1_87' title='bbox 2424 1153 2524 1212; x_wconf 89' lang='lat' dir='ltr'><strong>de·</strong></span> <span class='ocrx_word' id='word_1_88' title='bbox 2547 1179 2596 1220; x_wconf 80' lang='lat'><strong>1⁰</strong></span> 
     </span>
     <span class='ocr_line' id='line_1_12' title="bbox 528 1234 2527 1315; baseline -0.002 -16"><span class='ocrx_word' id='word_1_89' title='bbox 528 1239 817 1314; x_wconf 86' lang='lat' dir='ltr'><strong>ciderent,</strong></span> <span class='ocrx_word' id='word_1_90' title='bbox 857 1236 1103 1314; x_wconf 86' lang='lat' dir='ltr'><strong>paravit.</strong></span> <span class='ocrx_word' id='word_1_91' title='bbox 1176 1234 1306 1296; x_wconf 84' lang='lat' dir='ltr'><strong>Hoc</strong></span> <span class='ocrx_word' id='word_1_92' title='bbox 1344 1235 1591 1312; x_wconf 79' lang='lat' dir='ltr'><strong>consilio</strong></span> <span class='ocrx_word' id='word_1_93' title='bbox 1625 1252 1733 1314; x_wconf 84' lang='lat' dir='ltr'><strong>per</strong></span> <span class='ocrx_word' id='word_1_94' title='bbox 1769 1237 2044 1295; x_wconf 86' lang='lat' dir='ltr'><strong>conscios</strong></span> <span class='ocrx_word' id='word_1_95' title='bbox 2072 1254 2273 1315; x_wconf 87' lang='lat' dir='ltr'><strong>parum</strong></span> <span class='ocrx_word' id='word_1_96' title='bbox 2312 1235 2527 1313; x_wconf 89' lang='lat' dir='ltr'><strong>celato,</strong></span> 
     </span>
     <span class='ocr_line' id='line_1_13' title="bbox 527 1319 2529 1400; baseline -0.002 -17"><span class='ocrx_word' id='word_1_97' title='bbox 527 1322 815 1383; x_wconf 87' lang='lat' dir='ltr'><strong>solutilem</strong></span> <span class='ocrx_word' id='word_1_98' title='bbox 845 1338 1080 1397; x_wconf 86' lang='lat' dir='ltr'><strong>navem,</strong></span> <span class='ocrx_word' id='word_1_99' title='bbox 1123 1320 1283 1378; x_wconf 89' lang='lat' dir='ltr'><strong>cuius</strong></span> <span class='ocrx_word' id='word_1_100' title='bbox 1314 1319 1410 1379; x_wconf 82' lang='lat' dir='ltr'><strong>vel</strong></span> <span class='ocrx_word' id='word_1_101' title='bbox 1441 1319 1744 1396; x_wconf 80' lang='lat' dir='ltr'><strong>naufragio</strong></span> <span class='ocrx_word' id='word_1_102' title='bbox 1777 1319 1874 1378; x_wconf 90' lang='lat' dir='ltr'><strong>vel</strong></span> <span class='ocrx_word' id='word_1_103' title='bbox 1906 1337 2168 1380; x_wconf 89' lang='lat' dir='ltr'><strong>camarae</strong></span> <span class='ocrx_word' id='word_1_104' title='bbox 2203 1321 2366 1381; x_wconf 91' lang='lat' dir='ltr'><strong>ruina</strong></span> <span class='ocrx_word' id='word_1_105' title='bbox 2396 1337 2529 1400; x_wconf 88' lang='lat' dir='ltr'><strong>per-</strong></span> 
     </span>
     <span class='ocr_line' id='line_1_14' title="bbox 526 1403 2529 1484; baseline -0.001 -18"><span class='ocrx_word' id='word_1_106' title='bbox 526 1411 668 1482; x_wconf 88' lang='lat' dir='ltr'><strong>iret,</strong></span> <span class='ocrx_word' id='word_1_107' title='bbox 722 1413 1081 1484; x_wconf 86' lang='lat' dir='ltr'><strong>commentus</strong></span> <span class='ocrx_word' id='word_1_108' title='bbox 1114 1413 1241 1480; x_wconf 89' lang='lat' dir='ltr'><strong>est,</strong></span> <span class='ocrx_word' id='word_1_109' title='bbox 1292 1413 1464 1482; x_wconf 86' lang='lat' dir='ltr'><strong>atque</strong></span> <span class='ocrx_word' id='word_1_110' title='bbox 1495 1405 1571 1462; x_wconf 91' lang='lat' dir='ltr'><strong>ita</strong></span> <span class='ocrx_word' id='word_1_111' title='bbox 1602 1403 2079 1464; x_wconf 80' lang='lat' dir='ltr'><strong>reconciliatione</strong></span> <span class='ocrx_word' id='word_1_112' title='bbox 2115 1405 2404 1481; x_wconf 67' lang='lat' dir='ltr'><strong>simulata,</strong></span> <span class='ocrx_word' id='word_1_113' title='bbox 2447 1406 2529 1464; x_wconf 91' lang='lat' dir='ltr'><strong>iu-</strong></span> 
     </span>
     <span class='ocr_line' id='line_1_15' title="bbox 530 1486 2532 1568; baseline -0.002 -16"><span class='ocrx_word' id='word_1_114' title='bbox 530 1489 890 1552; x_wconf 88' lang='lat' dir='ltr'><strong>cundissimis</strong></span> <span class='ocrx_word' id='word_1_115' title='bbox 917 1486 1128 1548; x_wconf 90' lang='lat' dir='ltr'><strong>litteris</strong></span> <span class='ocrx_word' id='word_1_116' title='bbox 1146 1486 1317 1547; x_wconf 91' lang='lat' dir='ltr'><strong>Baias</strong></span> <span class='ocrx_word' id='word_1_117' title='bbox 1347 1488 1616 1547; x_wconf 85' lang='lat' dir='ltr'><strong>evocavit</strong></span> <span class='ocrx_word' id='word_1_118' title='bbox 1643 1486 1715 1546; x_wconf 90' lang='lat' dir='ltr'><strong>ad</strong></span> <span class='ocrx_word' id='word_1_119' title='bbox 1751 1486 2052 1548; x_wconf 86' lang='lat' dir='ltr'><strong>sollemnia</strong></span> <span class='ocrx_word' id='word_1_120' title='bbox 2075 1488 2532 1568; x_wconf 83' lang='lat' dir='ltr'><strong>Quinquatruum</strong></span> 
     </span>
     <span class='ocr_line' id='line_1_16' title="bbox 528 1571 2603 1651; baseline -0.002 -16"><span class='ocrx_word' id='word_1_121' title='bbox 528 1572 695 1635; x_wconf 90' lang='lat' dir='ltr'><strong>simul</strong></span> <span class='ocrx_word' id='word_1_122' title='bbox 728 1571 1107 1641; x_wconf 86' lang='lat' dir='ltr'><strong>celebranda;</strong></span> <span class='ocrx_word' id='word_1_123' title='bbox 1163 1571 1416 1650; x_wconf 87' lang='lat' dir='ltr'><strong>datoque</strong></span> <span class='ocrx_word' id='word_1_124' title='bbox 1456 1571 1698 1648; x_wconf 89' lang='lat' dir='ltr'><strong>negotio</strong></span> <span class='ocrx_word' id='word_1_125' title='bbox 1733 1571 2105 1649; x_wconf 88' lang='lat' dir='ltr'><strong>trierarchis,</strong></span> <span class='ocrx_word' id='word_1_126' title='bbox 2150 1573 2247 1651; x_wconf 90' lang='lat' dir='ltr'><strong>qui</strong></span> <span class='ocrx_word' id='word_1_127' title='bbox 2296 1572 2603 1638; x_wconf 82' lang='lat' dir='ltr'><strong>liburni-15</strong></span> 
     </span>
     <span class='ocr_line' id='line_1_17' title="bbox 529 1653 2530 1737; baseline -0.003 -17"><span class='ocrx_word' id='word_1_128' title='bbox 529 1677 655 1720; x_wconf 90' lang='lat' dir='ltr'><strong>cam</strong></span> <span class='ocrx_word' id='word_1_129' title='bbox 698 1675 809 1737; x_wconf 90' lang='lat' dir='ltr'><strong>qua</strong></span> <span class='ocrx_word' id='word_1_130' title='bbox 845 1655 1089 1716; x_wconf 89' lang='lat' dir='ltr'><strong>advecta</strong></span> <span class='ocrx_word' id='word_1_131' title='bbox 1124 1665 1248 1716; x_wconf 88' lang='lat' dir='ltr'><strong>erat</strong></span> <span class='ocrx_word' id='word_1_132' title='bbox 1279 1653 1438 1715; x_wconf 84' lang='lat' dir='ltr'><strong>velut</strong></span> <span class='ocrx_word' id='word_1_133' title='bbox 1469 1655 1707 1716; x_wconf 85' lang='lat' dir='ltr'><strong>fortuito</strong></span> <span class='ocrx_word' id='word_1_134' title='bbox 1742 1671 2028 1714; x_wconf 88' lang='lat' dir='ltr'><strong>concursu</strong></span> <span class='ocrx_word' id='word_1_135' title='bbox 2064 1655 2530 1733; x_wconf 77' lang='lat' dir='ltr'><strong>confringerent,</strong></span> 
     </span>
     <span class='ocr_line' id='line_1_18' title="bbox 528 1737 2533 1824; baseline -0.002 -22"><span class='ocrx_word' id='word_1_136' title='bbox 528 1742 818 1824; x_wconf 86' lang='lat' dir='ltr'><strong>protraxit</strong></span> <span class='ocrx_word' id='word_1_137' title='bbox 850 1741 1211 1816; x_wconf 84' lang='lat' dir='ltr'><strong>convivium,</strong></span> <span class='ocrx_word' id='word_1_138' title='bbox 1258 1740 1666 1818; x_wconf 89' lang='lat' dir='ltr'><strong>repetentique</strong></span> <span class='ocrx_word' id='word_1_139' title='bbox 1695 1737 1912 1798; x_wconf 90' lang='lat' dir='ltr'><strong>Baulos</strong></span> <span class='ocrx_word' id='word_1_140' title='bbox 1958 1739 2016 1797; x_wconf 92' lang='lat' dir='ltr'><strong>in</strong></span> <span class='ocrx_word' id='word_1_141' title='bbox 2046 1740 2243 1802; x_wconf 87' lang='lat' dir='ltr'><strong>locum</strong></span> <span class='ocrx_word' id='word_1_142' title='bbox 2270 1743 2533 1818; x_wconf 88' lang='lat' dir='ltr'><strong>corrupti</strong></span> 
     </span>
     <span class='ocr_line' id='line_1_19' title="bbox 528 1821 2532 1902; baseline -0.001 -16"><span class='ocrx_word' id='word_1_143' title='bbox 528 1825 745 1901; x_wconf 89' lang='lat' dir='ltr'><strong>navigii</strong></span> <span class='ocrx_word' id='word_1_144' title='bbox 774 1822 1168 1883; x_wconf 86' lang='lat' dir='ltr'><strong>machinosum</strong></span> <span class='ocrx_word' id='word_1_145' title='bbox 1197 1821 1337 1882; x_wconf 89' lang='lat' dir='ltr'><strong>illud</strong></span> <span class='ocrx_word' id='word_1_146' title='bbox 1383 1822 1620 1900; x_wconf 88' lang='lat' dir='ltr'><strong>optulit,</strong></span> <span class='ocrx_word' id='word_1_147' title='bbox 1662 1822 1845 1882; x_wconf 85' lang='lat' dir='ltr'><strong>hilare</strong></span> <span class='ocrx_word' id='word_1_148' title='bbox 1880 1832 2228 1902; x_wconf 88' lang='lat' dir='ltr'><strong>prosecutus</strong></span> <span class='ocrx_word' id='word_1_149' title='bbox 2259 1832 2437 1902; x_wconf 83' lang='lat' dir='ltr'><strong>atque</strong></span> <span class='ocrx_word' id='word_1_150' title='bbox 2471 1826 2532 1883; x_wconf 92' lang='lat' dir='ltr'><strong>in</strong></span> 
     </span>
     <span class='ocr_line' id='line_1_20' title="bbox 526 1906 2532 1987; baseline -0.001 -18"><span class='ocrx_word' id='word_1_151' title='bbox 526 1910 798 1985; x_wconf 88' lang='lat' dir='ltr'><strong>digressu</strong></span> <span class='ocrx_word' id='word_1_152' title='bbox 840 1907 1091 1986; x_wconf 85' lang='lat' dir='ltr'><strong>papillas</strong></span> <span class='ocrx_word' id='word_1_153' title='bbox 1141 1923 1375 1986; x_wconf 86' lang='lat' dir='ltr'><strong>quoque</strong></span> <span class='ocrx_word' id='word_1_154' title='bbox 1431 1907 1823 1966; x_wconf 82' lang='lat' dir='ltr'><strong>exosculatus.</strong></span> <span class='ocrx_word' id='word_1_155' title='bbox 1889 1906 2195 1986; x_wconf 87' lang='lat' dir='ltr'><strong>Reliquum</strong></span> <span class='ocrx_word' id='word_1_156' title='bbox 2245 1908 2532 1987; x_wconf 88' lang='lat' dir='ltr'><strong>temporis</strong></span> 
     </span>
     <span class='ocr_line' id='line_1_21' title="bbox 530 1989 2600 2070; baseline 0 -18"><span class='ocrx_word' id='word_1_157' title='bbox 530 2009 658 2052; x_wconf 90' lang='lat' dir='ltr'><strong>cum</strong></span> <span class='ocrx_word' id='word_1_158' title='bbox 686 2007 895 2067; x_wconf 85' lang='lat' dir='ltr'><strong>magna</strong></span> <span class='ocrx_word' id='word_1_159' title='bbox 924 1990 1311 2069; x_wconf 85' lang='lat' dir='ltr'><strong>trepidatione</strong></span> <span class='ocrx_word' id='word_1_160' title='bbox 1343 1989 1637 2067; x_wconf 86' lang='lat' dir='ltr'><strong>vigilavit,</strong></span> <span class='ocrx_word' id='word_1_161' title='bbox 1683 1991 2000 2070; x_wconf 89' lang='lat' dir='ltr'><strong>opperiens</strong></span> <span class='ocrx_word' id='word_1_162' title='bbox 2035 2000 2377 2070; x_wconf 88' lang='lat' dir='ltr'><strong>coeptorum</strong></span> <span class='ocrx_word' id='word_1_163' title='bbox 2405 1992 2530 2051; x_wconf 84' lang='lat' dir='ltr'><strong>exi·</strong></span> <span class='ocrx_word' id='word_1_164' title='bbox 2550 2013 2600 2053; x_wconf 81' lang='lat'><strong>20</strong></span> 
     </span>
     <span class='ocr_line' id='line_1_22' title="bbox 526 2072 2531 2155; baseline -0.001 -19"><span class='ocrx_word' id='word_1_165' title='bbox 526 2083 664 2136; x_wconf 87' lang='lat' dir='ltr'><strong>tum.</strong></span> <span class='ocrx_word' id='word_1_166' title='bbox 727 2073 843 2133; x_wconf 92' lang='lat' dir='ltr'><strong>Sed</strong></span> <span class='ocrx_word' id='word_1_167' title='bbox 868 2082 927 2133; x_wconf 89' lang='lat' dir='ltr'><strong>ut</strong></span> <span class='ocrx_word' id='word_1_168' title='bbox 950 2072 1179 2134; x_wconf 86' lang='lat' dir='ltr'><strong>diversa</strong></span> <span class='ocrx_word' id='word_1_169' title='bbox 1211 2074 1400 2134; x_wconf 87' lang='lat' dir='ltr'><strong>omnia</strong></span> <span class='ocrx_word' id='word_1_170' title='bbox 1432 2072 1744 2152; x_wconf 86' lang='lat' dir='ltr'><strong>nandoque</strong></span> <span class='ocrx_word' id='word_1_171' title='bbox 1769 2075 2030 2134; x_wconf 90' lang='lat' dir='ltr'><strong>evasisse</strong></span> <span class='ocrx_word' id='word_1_172' title='bbox 2061 2093 2188 2135; x_wconf 88' lang='lat' dir='ltr'><strong>eam</strong></span> <span class='ocrx_word' id='word_1_173' title='bbox 2220 2076 2531 2155; x_wconf 90' lang='lat' dir='ltr'><strong>comperit,</strong></span> 
     </span>
     <span class='ocr_line' id='line_1_23' title="bbox 526 2157 2529 2238; baseline 0 -20"><span class='ocrx_word' id='word_1_174' title='bbox 526 2161 703 2238; x_wconf 91' lang='lat' dir='ltr'><strong>inops</strong></span> <span class='ocrx_word' id='word_1_175' title='bbox 741 2157 970 2218; x_wconf 89' lang='lat' dir='ltr'><strong>consilii</strong></span> <span class='ocrx_word' id='word_1_176' title='bbox 1001 2157 1064 2218; x_wconf 93' lang='lat' dir='ltr'><strong>L.</strong></span> <span class='ocrx_word' id='word_1_177' title='bbox 1098 2158 1417 2236; x_wconf 86' lang='lat' dir='ltr'><strong>Agerinum</strong></span> <span class='ocrx_word' id='word_1_178' title='bbox 1449 2157 1716 2217; x_wconf 88' lang='lat' dir='ltr'><strong>libertum</strong></span> <span class='ocrx_word' id='word_1_179' title='bbox 1761 2158 1918 2234; x_wconf 90' lang='lat' dir='ltr'><strong>eius,</strong></span> <span class='ocrx_word' id='word_1_180' title='bbox 1962 2157 2180 2218; x_wconf 90' lang='lat' dir='ltr'><strong>salvam</strong></span> <span class='ocrx_word' id='word_1_181' title='bbox 2213 2167 2273 2218; x_wconf 90' lang='lat' dir='ltr'><strong>et</strong></span> <span class='ocrx_word' id='word_1_182' title='bbox 2302 2157 2529 2218; x_wconf 90' lang='lat' dir='ltr'><strong>incolu-</strong></span> 
     </span>
     <span class='ocr_line' id='line_1_24' title="bbox 527 2241 2536 2323; baseline 0 -21"><span class='ocrx_word' id='word_1_183' title='bbox 527 2259 677 2302; x_wconf 88' lang='lat' dir='ltr'><strong>mem</strong></span> <span class='ocrx_word' id='word_1_184' title='bbox 710 2257 837 2301; x_wconf 88' lang='lat' dir='ltr'><strong>cum</strong></span> <span class='ocrx_word' id='word_1_185' title='bbox 866 2242 1079 2319; x_wconf 84' lang='lat' dir='ltr'><strong>gaudio</strong></span> <span class='ocrx_word' id='word_1_186' title='bbox 1112 2243 1497 2318; x_wconf 85' lang='lat' dir='ltr'><strong>nuntiantem,</strong></span> <span class='ocrx_word' id='word_1_187' title='bbox 1539 2241 1770 2301; x_wconf 90' lang='lat' dir='ltr'><strong>abiecto</strong></span> <span class='ocrx_word' id='word_1_188' title='bbox 1815 2241 1964 2303; x_wconf 87' lang='lat' dir='ltr'><strong>clam</strong></span> <span class='ocrx_word' id='word_1_189' title='bbox 1993 2244 2148 2302; x_wconf 87' lang='lat' dir='ltr'><strong>iuxta</strong></span> <span class='ocrx_word' id='word_1_190' title='bbox 2181 2243 2440 2323; x_wconf 78' lang='lat' dir='ltr'><strong>pugione</strong></span> <span class='ocrx_word' id='word_1_191' title='bbox 2472 2251 2536 2302; x_wconf 86' lang='lat' dir='ltr'><strong>ut</strong></span> 
     </span>
     <span class='ocr_line' id='line_1_25' title="bbox 529 2323 2530 2406; baseline 0 -20"><span class='ocrx_word' id='word_1_192' title='bbox 529 2343 940 2406; x_wconf 87' lang='lat' dir='ltr'><strong>percussorem</strong></span> <span class='ocrx_word' id='word_1_193' title='bbox 972 2326 1081 2386; x_wconf 90' lang='lat' dir='ltr'><strong>sibi</strong></span> <span class='ocrx_word' id='word_1_194' title='bbox 1112 2323 1486 2386; x_wconf 86' lang='lat' dir='ltr'><strong>subornatum</strong></span> <span class='ocrx_word' id='word_1_195' title='bbox 1512 2325 1688 2404; x_wconf 89' lang='lat' dir='ltr'><strong>arripi</strong></span> <span class='ocrx_word' id='word_1_196' title='bbox 1725 2327 2160 2404; x_wconf 86' lang='lat' dir='ltr'><strong>constringique</strong></span> <span class='ocrx_word' id='word_1_197' title='bbox 2197 2327 2379 2403; x_wconf 89' lang='lat' dir='ltr'><strong>iussit,</strong></span> <span class='ocrx_word' id='word_1_198' title='bbox 2406 2343 2530 2386; x_wconf 87' lang='lat' dir='ltr'><strong>ma-</strong></span> 
     </span>
     <span class='ocr_line' id='line_1_26' title="bbox 527 2407 2606 2490; baseline -0.001 -20"><span class='ocrx_word' id='word_1_199' title='bbox 527 2420 673 2470; x_wconf 89' lang='lat' dir='ltr'><strong>trem</strong></span> <span class='ocrx_word' id='word_1_200' title='bbox 707 2409 925 2486; x_wconf 86' lang='lat' dir='ltr'><strong>occidi,</strong></span> <span class='ocrx_word' id='word_1_201' title='bbox 971 2411 1133 2490; x_wconf 84' lang='lat' dir='ltr'><strong>quasi</strong></span> <span class='ocrx_word' id='word_1_202' title='bbox 1162 2407 1590 2488; x_wconf 86' lang='lat' dir='ltr'><strong>deprehensum</strong></span> <span class='ocrx_word' id='word_1_203' title='bbox 1623 2410 1836 2468; x_wconf 88' lang='lat' dir='ltr'><strong>crimen</strong></span> <span class='ocrx_word' id='word_1_204' title='bbox 1864 2409 2189 2470; x_wconf 90' lang='lat' dir='ltr'><strong>voluntaria</strong></span> <span class='ocrx_word' id='word_1_205' title='bbox 2221 2419 2409 2470; x_wconf 90' lang='lat' dir='ltr'><strong>morte</strong></span> <span class='ocrx_word' id='word_1_206' title='bbox 2445 2411 2528 2469; x_wconf 86' lang='lat' dir='ltr'><strong>vi·</strong></span> <span class='ocrx_word' id='word_1_207' title='bbox 2551 2436 2606 2476; x_wconf 79' lang='lat'><strong>25</strong></span> 
     </span>
     <span class='ocr_line' id='line_1_27' title="bbox 526 2491 2533 2570; baseline 0 -16"><span class='ocrx_word' id='word_1_208' title='bbox 526 2501 729 2554; x_wconf 86' lang='lat' dir='ltr'><strong>tasset.</strong></span> <span class='ocrx_word' id='word_1_209' title='bbox 787 2491 1090 2552; x_wconf 88' lang='lat' dir='ltr'><strong>Adduntur</strong></span> <span class='ocrx_word' id='word_1_210' title='bbox 1118 2493 1208 2552; x_wconf 88' lang='lat' dir='ltr'><strong>bis</strong></span> <span class='ocrx_word' id='word_1_211' title='bbox 1245 2495 1571 2570; x_wconf 86' lang='lat' dir='ltr'><strong>atrociora,</strong></span> <span class='ocrx_word' id='word_1_212' title='bbox 1615 2510 1728 2552; x_wconf 90' lang='lat' dir='ltr'><strong>nec</strong></span> <span class='ocrx_word' id='word_1_213' title='bbox 1764 2493 2000 2553; x_wconf 89' lang='lat' dir='ltr'><strong>incertis</strong></span> <span class='ocrx_word' id='word_1_214' title='bbox 2046 2493 2409 2554; x_wconf 86' lang='lat' dir='ltr'><strong>auctoribus:</strong></span> <span class='ocrx_word' id='word_1_215' title='bbox 2456 2493 2533 2554; x_wconf 91' lang='lat' dir='ltr'><strong>ad</strong></span> 
     </span>
     <span class='ocr_line' id='line_1_28' title="bbox 524 2575 2531 2654; baseline 0 -18"><span class='ocrx_word' id='word_1_216' title='bbox 524 2575 827 2636; x_wconf 88' lang='lat' dir='ltr'><strong>visendum</strong></span> <span class='ocrx_word' id='word_1_217' title='bbox 854 2576 1198 2637; x_wconf 85' lang='lat' dir='ltr'><strong>interfectae</strong></span> <span class='ocrx_word' id='word_1_218' title='bbox 1228 2576 1481 2637; x_wconf 88' lang='lat' dir='ltr'><strong>cadaver</strong></span> <span class='ocrx_word' id='word_1_219' title='bbox 1519 2578 1878 2654; x_wconf 88' lang='lat' dir='ltr'><strong>accurrisse,</strong></span> <span class='ocrx_word' id='word_1_220' title='bbox 1921 2586 2320 2638; x_wconf 87' lang='lat' dir='ltr'><strong>contrectasse</strong></span> <span class='ocrx_word' id='word_1_221' title='bbox 2351 2595 2531 2637; x_wconf 86' lang='lat' dir='ltr'><strong>mem-</strong></span> 
     </span>
     <span class='ocr_line' id='line_1_29' title="bbox 530 2659 2534 2739; baseline 0 -19"><span class='ocrx_word' id='word_1_222' title='bbox 530 2661 657 2737; x_wconf 88' lang='lat' dir='ltr'><strong>bra,</strong></span> <span class='ocrx_word' id='word_1_223' title='bbox 684 2659 797 2720; x_wconf 92' lang='lat' dir='ltr'><strong>alia</strong></span> <span class='ocrx_word' id='word_1_224' title='bbox 821 2661 1209 2739; x_wconf 84' lang='lat' dir='ltr'><strong>vituperasse,</strong></span> <span class='ocrx_word' id='word_1_225' title='bbox 1240 2661 1354 2720; x_wconf 88' lang='lat' dir='ltr'><strong>alia</strong></span> <span class='ocrx_word' id='word_1_226' title='bbox 1387 2660 1676 2737; x_wconf 89' lang='lat' dir='ltr'><strong>laudasse,</strong></span> <span class='ocrx_word' id='word_1_227' title='bbox 1707 2661 1916 2739; x_wconf 86' lang='lat' dir='ltr'><strong>sitique</strong></span> <span class='ocrx_word' id='word_1_228' title='bbox 1945 2662 2173 2721; x_wconf 89' lang='lat' dir='ltr'><strong>interim</strong></span> <span class='ocrx_word' id='word_1_229' title='bbox 2201 2660 2413 2722; x_wconf 91' lang='lat' dir='ltr'><strong>oborta</strong></span> <span class='ocrx_word' id='word_1_230' title='bbox 2441 2661 2534 2721; x_wconf 90' lang='lat' dir='ltr'><strong>bi·</strong></span> 
     </span>
     <span class='ocr_line' id='line_1_30' title="bbox 529 2743 2534 2824; baseline 0 -20"><span class='ocrx_word' id='word_1_231' title='bbox 529 2745 708 2805; x_wconf 87' lang='lat' dir='ltr'><strong>bisse.</strong></span> <span class='ocrx_word' id='word_1_232' title='bbox 762 2743 970 2824; x_wconf 88' lang='lat' dir='ltr'><strong>Neque</strong></span> <span class='ocrx_word' id='word_1_233' title='bbox 1000 2753 1190 2806; x_wconf 87' lang='lat' dir='ltr'><strong>tamen</strong></span> <span class='ocrx_word' id='word_1_234' title='bbox 1221 2747 1636 2805; x_wconf 86' lang='lat' dir='ltr'><strong>conscientiam</strong></span> <span class='ocrx_word' id='word_1_235' title='bbox 1664 2744 1930 2821; x_wconf 89' lang='lat' dir='ltr'><strong>sceleris,</strong></span> <span class='ocrx_word' id='word_1_236' title='bbox 1964 2763 2304 2824; x_wconf 86' lang='lat' dir='ltr'><strong>quamquam</strong></span> <span class='ocrx_word' id='word_1_237' title='bbox 2335 2755 2396 2804; x_wconf 86' lang='lat' dir='ltr'><strong>et</strong></span> <span class='ocrx_word' id='word_1_238' title='bbox 2424 2746 2534 2806; x_wconf 83' lang='lat' dir='ltr'><strong>mi-</strong></span> 
     </span>
     <span class='ocr_line' id='line_1_31' title="bbox 528 2827 2608 2910; baseline 0.001 -20"><span class='ocrx_word' id='word_1_239' title='bbox 528 2829 687 2890; x_wconf 88' lang='lat' dir='ltr'><strong>litum</strong></span> <span class='ocrx_word' id='word_1_240' title='bbox 727 2837 784 2888; x_wconf 87' lang='lat' dir='ltr'><strong>et</strong></span> <span class='ocrx_word' id='word_1_241' title='bbox 814 2838 1045 2890; x_wconf 88' lang='lat' dir='ltr'><strong>senatus</strong></span> <span class='ocrx_word' id='word_1_242' title='bbox 1076 2828 1396 2910; x_wconf 90' lang='lat' dir='ltr'><strong>populique</strong></span> <span class='ocrx_word' id='word_1_243' title='bbox 1427 2827 1904 2906; x_wconf 79' lang='lat' dir='ltr'><strong>gratulationibus</strong></span> <span class='ocrx_word' id='word_1_244' title='bbox 1933 2831 2394 2908; x_wconf 86' lang='lat' dir='ltr'><strong>confirmaretur,</strong></span> <span class='ocrx_word' id='word_1_245' title='bbox 2431 2839 2534 2890; x_wconf 88' lang='lat' dir='ltr'><strong>aut</strong></span> <span class='ocrx_word' id='word_1_246' title='bbox 2557 2853 2608 2895; x_wconf 84' lang='lat' dir='ltr'><strong>so</strong></span> 
     </span>
     <span class='ocr_line' id='line_1_32' title="bbox 526 2912 2534 2992; baseline 0 -19"><span class='ocrx_word' id='word_1_247' title='bbox 526 2914 717 2974; x_wconf 87' lang='lat' dir='ltr'><strong>statim</strong></span> <span class='ocrx_word' id='word_1_248' title='bbox 749 2921 841 2973; x_wconf 89' lang='lat' dir='ltr'><strong>aut</strong></span> <span class='ocrx_word' id='word_1_249' title='bbox 872 2930 1137 2991; x_wconf 89' lang='lat' dir='ltr'><strong>umquam</strong></span> <span class='ocrx_word' id='word_1_250' title='bbox 1165 2921 1374 2992; x_wconf 87' lang='lat' dir='ltr'><strong>postea</strong></span> <span class='ocrx_word' id='word_1_251' title='bbox 1402 2912 1560 2972; x_wconf 79' lang='lat' dir='ltr'><strong>ferre</strong></span> <span class='ocrx_word' id='word_1_252' title='bbox 1595 2914 1796 2991; x_wconf 84' lang='lat' dir='ltr'><strong>potuit,</strong></span> <span class='ocrx_word' id='word_1_253' title='bbox 1826 2931 2007 2992; x_wconf 89' lang='lat' dir='ltr'><strong>saepe</strong></span> <span class='ocrx_word' id='word_1_254' title='bbox 2045 2914 2355 2973; x_wconf 81' lang='lat' dir='ltr'><strong>confessus</strong></span> <span class='ocrx_word' id='word_1_255' title='bbox 2385 2931 2534 2973; x_wconf 86' lang='lat' dir='ltr'><strong>exa-</strong></span> 
     </span>
     <span class='ocr_line' id='line_1_33' title="bbox 528 2995 2538 3075; baseline 0 -19"><span class='ocrx_word' id='word_1_256' title='bbox 528 2997 699 3074; x_wconf 86' lang='lat' dir='ltr'><strong>gitari</strong></span> <span class='ocrx_word' id='word_1_257' title='bbox 738 3013 804 3056; x_wconf 89' lang='lat' dir='ltr'><strong>se</strong></span> <span class='ocrx_word' id='word_1_258' title='bbox 850 3005 1105 3057; x_wconf 89' lang='lat' dir='ltr'><strong>materna</strong></span> <span class='ocrx_word' id='word_1_259' title='bbox 1146 2997 1349 3075; x_wconf 90' lang='lat' dir='ltr'><strong>specie</strong></span> <span class='ocrx_word' id='word_1_260' title='bbox 1386 2995 1848 3075; x_wconf 88' lang='lat' dir='ltr'><strong>verberibusque</strong></span> <span class='ocrx_word' id='word_1_261' title='bbox 1880 2995 2178 3058; x_wconf 88' lang='lat' dir='ltr'><strong>Furiarum</strong></span> <span class='ocrx_word' id='word_1_262' title='bbox 2220 3015 2293 3057; x_wconf 90' lang='lat' dir='ltr'><strong>ac</strong></span> <span class='ocrx_word' id='word_1_263' title='bbox 2336 2997 2538 3058; x_wconf 87' lang='lat' dir='ltr'><strong>taedis</strong></span> 
     </span>
     <span class='ocr_line' id='line_1_34' title="bbox 528 3078 2540 3160; baseline 0.001 -20"><span class='ocrx_word' id='word_1_264' title='bbox 528 3080 879 3141; x_wconf 87' lang='lat' dir='ltr'><strong>ardentibus.</strong></span> <span class='ocrx_word' id='word_1_265' title='bbox 939 3080 1087 3156; x_wconf 83' lang='lat' dir='ltr'><strong>Quin</strong></span> <span class='ocrx_word' id='word_1_266' title='bbox 1118 3090 1175 3140; x_wconf 90' lang='lat' dir='ltr'><strong>et</strong></span> <span class='ocrx_word' id='word_1_267' title='bbox 1202 3079 1360 3140; x_wconf 81' lang='lat' dir='ltr'><strong>facto</strong></span> <span class='ocrx_word' id='word_1_268' title='bbox 1391 3097 1500 3159; x_wconf 85' lang='lat' dir='ltr'><strong>per</strong></span> <span class='ocrx_word' id='word_1_269' title='bbox 1517 3078 1726 3156; x_wconf 83' lang='lat' dir='ltr'><strong>Magos</strong></span> <span class='ocrx_word' id='word_1_270' title='bbox 1752 3099 1922 3141; x_wconf 90' lang='lat' dir='ltr'><strong>sacro</strong></span> <span class='ocrx_word' id='word_1_271' title='bbox 1952 3100 2206 3142; x_wconf 90' lang='lat' dir='ltr'><strong>evocare</strong></span> <span class='ocrx_word' id='word_1_272' title='bbox 2228 3080 2442 3160; x_wconf 83' lang='lat' dir='ltr'><strong>Manes</strong></span> <span class='ocrx_word' id='word_1_273' title='bbox 2474 3091 2540 3142; x_wconf 84' lang='lat' dir='ltr'><strong>et</strong></span> 
     </span>
     <span class='ocr_line' id='line_1_35' title="bbox 526 3163 2538 3243; baseline 0.002 -22"><span class='ocrx_word' id='word_1_274' title='bbox 526 3180 778 3224; x_wconf 83' lang='lat' dir='ltr'><strong>exorare</strong></span> <span class='ocrx_word' id='word_1_275' title='bbox 809 3165 1129 3243; x_wconf 86' lang='lat' dir='ltr'><strong>temptavit.</strong></span> <span class='ocrx_word' id='word_1_276' title='bbox 1193 3163 1669 3240; x_wconf 88' lang='lat' dir='ltr'><strong>Peregrinatione</strong></span> <span class='ocrx_word' id='word_1_277' title='bbox 1700 3163 1927 3242; x_wconf 89' lang='lat' dir='ltr'><strong>quidem</strong></span> <span class='ocrx_word' id='word_1_278' title='bbox 1953 3164 2233 3226; x_wconf 88' lang='lat' dir='ltr'><strong>Graeciae</strong></span> <span class='ocrx_word' id='word_1_279' title='bbox 2264 3175 2323 3225; x_wconf 90' lang='lat' dir='ltr'><strong>et</strong></span> <span class='ocrx_word' id='word_1_280' title='bbox 2346 3165 2538 3227; x_wconf 88' lang='lat' dir='ltr'><strong>Eleu-</strong></span> 
     </span>
     <span class='ocr_line' id='line_1_36' title="bbox 530 3245 2609 3330; baseline 0.003 -28"><span class='ocrx_word' id='word_1_281' title='bbox 530 3245 669 3304; x_wconf 87' lang='lat' dir='ltr'><strong>sinis</strong></span> <span class='ocrx_word' id='word_1_282' title='bbox 700 3247 919 3324; x_wconf 89' lang='lat' dir='ltr'><strong>sacris,</strong></span> <span class='ocrx_word' id='word_1_283' title='bbox 959 3265 1201 3327; x_wconf 89' lang='lat' dir='ltr'><strong>quorum</strong></span> <span class='ocrx_word' id='word_1_284' title='bbox 1234 3248 1548 3307; x_wconf 86' lang='lat' dir='ltr'><strong>initiatione</strong></span> <span class='ocrx_word' id='word_1_285' title='bbox 1581 3247 1738 3325; x_wconf 89' lang='lat' dir='ltr'><strong>impii</strong></span> <span class='ocrx_word' id='word_1_286' title='bbox 1769 3257 1828 3307; x_wconf 88' lang='lat' dir='ltr'><strong>et</strong></span> <span class='ocrx_word' id='word_1_287' title='bbox 1863 3249 2138 3310; x_wconf 87' lang='lat' dir='ltr'><strong>scelerati</strong></span> <span class='ocrx_word' id='word_1_288' title='bbox 2169 3266 2322 3309; x_wconf 86' lang='lat' dir='ltr'><strong>voce</strong></span> <span class='ocrx_word' id='word_1_289' title='bbox 2355 3269 2538 3330; x_wconf 85' lang='lat' dir='ltr'><strong>prae·</strong></span> <span class='ocrx_word' id='word_1_290' title='bbox 2560 3268 2609 3310; x_wconf 83' lang='lat'><strong>35</strong></span> 
     </span>
     <span class='ocr_line' id='line_1_37' title="bbox 528 3330 2002 3406; baseline 0.003 -20"><span class='ocrx_word' id='word_1_291' title='bbox 528 3330 696 3388; x_wconf 67' lang='lat' dir='ltr'><strong>nonis</strong></span> <span class='ocrx_word' id='word_1_292' title='bbox 728 3338 1184 3406; x_wconf 89' lang='lat' dir='ltr'><strong>summoventur,</strong></span> <span class='ocrx_word' id='word_1_293' title='bbox 1215 3330 1501 3390; x_wconf 89' lang='lat' dir='ltr'><strong>interesse</strong></span> <span class='ocrx_word' id='word_1_294' title='bbox 1531 3346 1648 3389; x_wconf 90' lang='lat' dir='ltr'><strong>non</strong></span> <span class='ocrx_word' id='word_1_295' title='bbox 1685 3349 1861 3392; x_wconf 89' lang='lat' dir='ltr'><strong>ausus</strong></span> <span class='ocrx_word' id='word_1_296' title='bbox 1890 3341 2002 3392; x_wconf 90' lang='lat' dir='ltr'><strong>est.</strong></span> 
     </span>
    </p>

    <p class='ocr_par' dir='ltr' id='par_1_3' title="bbox 526 3411 2542 3582">
     <span class='ocr_line' id='line_1_38' title="bbox 656 3411 2542 3492; baseline 0.005 -21"><span class='ocrx_word' id='word_1_297' title='bbox 656 3411 845 3472; x_wconf 82' lang='lat' dir='ltr'><strong>Iunxit</strong></span> <span class='ocrx_word' id='word_1_298' title='bbox 874 3411 1186 3491; x_wconf 87' lang='lat' dir='ltr'><strong>parricidio</strong></span> <span class='ocrx_word' id='word_1_299' title='bbox 1209 3415 1407 3473; x_wconf 85' lang='lat' dir='ltr'><strong>matris</strong></span> <span class='ocrx_word' id='word_1_300' title='bbox 1437 3414 1642 3473; x_wconf 90' lang='lat' dir='ltr'><strong>amitae</strong></span> <span class='ocrx_word' id='word_1_301' title='bbox 1670 3431 1898 3476; x_wconf 88' lang='lat' dir='ltr'><strong>necem.</strong></span> <span class='ocrx_word' id='word_1_302' title='bbox 1953 3417 2138 3492; x_wconf 83' lang='lat' dir='ltr'><strong>Quam</strong></span> <span class='ocrx_word' id='word_1_303' title='bbox 2162 3436 2290 3477; x_wconf 90' lang='lat' dir='ltr'><strong>cum</strong></span> <span class='ocrx_word' id='word_1_304' title='bbox 2318 3435 2398 3479; x_wconf 87' lang='lat' dir='ltr'><strong>ex</strong></span> <span class='ocrx_word' id='word_1_305' title='bbox 2431 3419 2542 3480; x_wconf 89' lang='lat' dir='ltr'><strong>du-</strong></span> 
     </span>
     <span class='ocr_line' id='line_1_39' title="bbox 526 3490 2541 3582; baseline 0.008 -33"><span class='ocrx_word' id='word_1_306' title='bbox 526 3490 657 3552; x_wconf 77' lang='lat' dir='ltr'><strong>ritie</strong></span> <span class='ocrx_word' id='word_1_307' title='bbox 686 3493 803 3554; x_wconf 89' lang='lat' dir='ltr'><strong>alvi</strong></span> <span class='ocrx_word' id='word_1_308' title='bbox 835 3493 1137 3555; x_wconf 88' lang='lat' dir='ltr'><strong>cubantem</strong></span> <span class='ocrx_word' id='word_1_309' title='bbox 1171 3495 1461 3573; x_wconf 88' lang='lat' dir='ltr'><strong>visitaret,</strong></span> <span class='ocrx_word' id='word_1_310' title='bbox 1499 3504 1558 3556; x_wconf 90' lang='lat' dir='ltr'><strong>et</strong></span> <span class='ocrx_word' id='word_1_311' title='bbox 1592 3495 1689 3558; x_wconf 90' lang='lat' dir='ltr'><strong>illa</strong></span> <span class='ocrx_word' id='word_1_312' title='bbox 1724 3506 1979 3561; x_wconf 91' lang='lat' dir='ltr'><strong>tractans</strong></span> <span class='ocrx_word' id='word_1_313' title='bbox 2007 3499 2342 3578; x_wconf 89' lang='lat' dir='ltr'><strong>lanuginem</strong></span> <span class='ocrx_word' id='word_1_314' title='bbox 2375 3503 2541 3582; x_wconf 84' lang='lat' dir='ltr'><strong>eius,</strong></span> 
     </span>
    </p>
   </div>
   <div class='ocr_carea' id='block_1_3' title="bbox 2679 1521 2682 2468">
    <p class='ocr_par' dir='ltr' id='par_1_4' title="bbox 2679 1521 2682 2468">
     <span class='ocr_line' id='line_1_40' title="bbox 2679 1521 2682 2468; baseline 0 0"><span class='ocrx_word' id='word_1_315' title='bbox 2679 1521 2682 2468; x_wconf 95' lang='lat' dir='ltr'><strong> </strong></span> 
     </span>
    </p>
   </div>
   <div class='ocr_carea' id='block_1_4' title="bbox 2669 2543 2682 2599">
    <p class='ocr_par' dir='ltr' id='par_1_5' title="bbox 2669 2543 2682 2599">
     <span class='ocr_line' id='line_1_41' title="bbox 2669 2543 2682 2599; baseline 0 0"><span class='ocrx_word' id='word_1_316' title='bbox 2669 2543 2682 2599; x_wconf 52' lang='lat' dir='ltr'><em>A</em></span> 
     </span>
    </p>
   </div>
   <div class='ocr_carea' id='block_1_5' title="bbox 2654 3137 2682 3198">
    <p class='ocr_par' dir='ltr' id='par_1_6' title="bbox 2654 3137 2682 3198">
     <span class='ocr_line' id='line_1_42' title="bbox 2654 3137 2682 3198; baseline 0 0"><span class='ocrx_word' id='word_1_317' title='bbox 2654 3137 2682 3198; x_wconf 44' lang='grc' dir='ltr'><strong>ἢ</strong></span> 
     </span>
    </p>
   </div>
   <div class='ocr_carea' id='block_1_6' title="bbox 2679 2599 2682 4105">
    <p class='ocr_par' dir='ltr' id='par_1_7' title="bbox 2679 2599 2682 4105">
     <span class='ocr_line' id='line_1_43' title="bbox 2679 2599 2682 4105; baseline 0 0"><span class='ocrx_word' id='word_1_318' title='bbox 2679 2599 2682 4105; x_wconf 95' lang='lat' dir='ltr'><strong> </strong></span> 
     </span>
    </p>
   </div>
  </div>
 </body>
</html>
