2700 4234
465 273 590 336 318
1033 285 1096 336 c.
1139 285 1469 335 sumonn
1508 287 1932 348 'rmnqmnm

465 439 686 520 pendit,
717 443 984 519 opinatur
1016 441 1112 518 qui
1145 441 1404 520 opinioni
1436 450 1531 501 aut
1568 459 1707 502 snae
1740 450 1835 502 aut
1866 441 2104 503 alterius
2138 442 2348 520 credit,
2381 461 2481 504 ar-

463 523 708 584 bitratur
735 525 833 603 qui
866 522 1074 585 dubiae
1103 525 1189 584 rei
1211 524 1396 602 finem
1421 524 1707 604 imponit,
1752 525 2113 603 suspicatur
2142 527 2249 606 qui
2276 526 2479 588 laten-

466 607 546 669 tis
585 608 682 668 rei
721 607 1008 687 prospicit
1039 606 1302 678 formam.

585 701 907 764 Prohibere
956 711 1014 763 et
1049 702 1337 782 inhibere]
1371 703 1685 782 prohibere
1730 712 1821 764 est
1861 721 2039 783 porro
2080 705 2337 784 habere,
2384 709 2476 766 in-

464 787 668 848 hibere
709 795 916 849 nautae
954 787 1012 847 in
1038 805 1146 847 usu
1175 785 1419 856 babent:
1468 795 1524 847 et
1564 786 1717 866 quod
1759 787 2133 867 prohibemus
2176 791 2339 866 iure,
2385 791 2471 850 in·
2498 815 2526 857 ι

464 871 727 932 bibemus
755 871 1022 950 imperio.

591 952 1010 1015 Plenitudinem
1041 963 1100 1015 et
1123 954 1483 1033 plenitatem]
1518 953 1813 1033 plenitudo
1848 971 2158 1032 corporum
2188 963 2301 1032 est,
2341 955 2472 1033 ple-

465 1041 614 1099 nitas
642 1055 873 1106 rerum3
917 1039 994 1098 ita
1038 1037 1452 1117 plenitudinem
1494 1036 1805 1097 obesorum
1838 1055 2178 1118 corporum,
2220 1038 2470 1118 plenita-

463 1131 582 1182 tem
613 1121 996 1200 quarumlibet
1025 1120 1264 1182 dicimus
1291 1138 1505 1181 rerum.

589 1203 826 1266 Precari
869 1213 928 1265 et
970 1204 1296 1284 deprecari]
1345 1221 1650 1284 precamur
1688 1204 1891 1282 deum,
1939 1205 2321 1284 deprecamur
2358 1204 2464 1264 ho·
2487 1221 2541 1262 ιο

463 1307 666 1350 mines.
1086 1323 1096 1326 -

587 1384 834 1461 Regium
864 1392 922 1442 et
950 1383 1239 1462 regalem]
1265 1386 1464 1462 regius
1487 1402 1633 1464 puer
1652 1393 1744 1446 est
1767 1387 1950 1463 regis,
1978 1384 2198 1462 regalis
2228 1401 2338 1444 rex
2368 1387 2469 1462 qui

464 1469 619 1547 regit
652 1484 916 1544 regnum.

588 1550 876 1611 Relictam
904 1559 963 1612 et
990 1550 1282 1612 desertum
1308 1549 1426 1611 hoc
1443 1550 1652 1628 differt,
1671 1551 1824 1629 quod
1836 1550 2209 1629 relinquimur
2225 1559 2463 1630 sponte,

463 1636 781 1696 deserimur
806 1634 987 1693 inviti.
2483 1651 2531 1693 1⁵

582 1716 866 1796 Reliquos
897 1726 957 1778 et
981 1717 1238 1796 ceteros]
1257 1716 1764 1796 reliquosdicimus
1794 1718 2035 1779 relictos
2067 1735 2143 1777 ex
2172 1717 2459 1795 omnibus,

467 1812 698 1864 ceteros
727 1818 874 1879 quos
909 1802 1247 1880 excipimus.

582 1883 889 1945 Redibium
924 1883 1096 1960 penb
1128 1893 1187 1943 et
1212 1883 1491 1944 rediviam
1521 1901 1628 1963 per
1649 1903 1688 1943 v
1717 1883 1989 1963 litteram]
2007 1883 2289 1944 redibium
2302 1885 2461 1963 quod

463 1968 715 2028 nascitur
745 1966 930 2026 semel
964 1969 1021 2025 in
1055 1983 1238 2042 anno,
1281 1967 1563 2027 rediviam
1593 1967 1751 2047 quod
1780 1985 1963 2047 saepe
1998 1969 2335 2028 revivescit.

581 2050 811 2126 Rogum
845 2056 904 2108 et
926 2049 1155 2128 pyram]
1189 2066 1334 2128 pyra
1367 2051 1701 2128 sacrificiis,
1738 2067 1920 2129 rogus
1948 2049 2255 2112 defunctis.
2472 2067 2529 2108 πο

589 2147 1012 2225 sempiternum
1069 2156 1128 2206 et
1199 2149 1565 2227 perpetuum]
1616 2147 1882 2227 Nigidius
1926 2149 1981 2207 in
2038 2149 2189 2209 libro
2251 2159 2457 2229 quarto

462 2235 569 2294 ait:
631 2230 1062 2309 sempiternum
1111 2230 1531 2292 inmortalium
1588 2251 1794 2293 rerum
1810 2276 1828 2308 ,
1884 2239 2246 2311 perpetuum
2292 2251 2456 2294 mor-

462 2317 677 2378 talium
705 2320 836 2385 est,·
881 2314 1271 2393 perpetuitas
1311 2315 1467 2376 enim
1506 2314 1823 2377 innostra
1866 2322 2098 2376 natura
2137 2321 2253 2393 est,
2292 2334 2459 2395 quae

457 2399 705 2479 perpeti
739 2397 1090 2459 accidentia
1130 2404 1368 2476 potest,
1422 2399 1880 2478 sempiternitas
1920 2399 2161 2477 infinita
2211 2406 2333 2476 est,
2377 2417 2455 2461 eo

462 2482 630 2562 quod
656 2497 914 2558 semper.
2472 2511 2527 2551 25

587 2562 860 2624 Sedulum
889 2570 947 2622 et
981 2563 1215 2642 serium]
1249 2563 1484 2625 sedulus
1514 2567 1640 2626 sine
1671 2565 1808 2626 dolo
1840 2574 1931 2626 est
1956 2574 2013 2626 et
2043 2575 2326 2644 strenuus,
2357 2585 2455 2626 se·

457 2650 576 2709 rius
607 2646 771 2726 quasi
807 2664 1050 2706 severus
1079 2653 1137 2706 et
1167 2663 1372 2724 aspen
1416 2649 1601 2708 serias
1631 2650 1798 2710 etiam
1828 2649 2011 2710 dictas
2040 2666 2137 2710 res
2179 2667 2212 2710 a
2244 2649 2453 2710 barba-

457 2733 538 2792 ris
579 2732 675 2811 qui
707 2731 885 2790 Seres
915 2729 1299 2810 appellantur,
1334 2733 1636 2810 asperrimi
1673 2741 1731 2792 et
1760 2735 2101 2793 austeri-imi.

583 2828 944 2890 Sceleratum
976 2827 1333 2889 scelerosum
1367 2837 1427 2890 et
1456 2828 1767 2890 scelestum
1798 2828 1855 2889 id
1883 2829 2096 2911 differt]
2124 2829 2453 2890 sceleratus

459 2921 551 2973 est
595 2930 699 2974 suo
744 2912 938 2989 aliquo
987 2911 1218 2972 scelere
1267 2914 1680 2974 contaminatus
1715 2914 1811 2974 vel
1854 2913 2046 2993 aliqua
2092 2913 2521 2990 contagionem)

460 2997 713 3076 pollutus
760 3004 818 3056 et
856 2994 1108 3066 infamis3
1155 2995 1452 3058 scelestus
1490 3005 1680 3056 autem
1724 2997 2009 3058 scelerum
2059 2997 2347 3073 cogitator
2391 3007 2455 3058 et

459 3082 810 3146 conmissorz
867 3079 1201 3140 scelerosus
1255 3097 1433 3156 vero,
1485 3083 1648 3158 quasi
1704 3079 2013 3141 insidiosus
2056 3080 2451 3160 periculosuS,

456 3173 698 3243 propter
727 3162 1116 3223 assiduitatem
1148 3162 1452 3224 scelerum.

583 3246 771 3305 Silere
800 3255 861 3306 et
888 3247 1111 3325 tacere]
1151 3248 1246 3326 qui
1287 3247 1420 3307 silet
1450 3245 1659 3307 desinit
1702 3245 1898 3326 loqui,
1941 3255 2096 3308 tacet
2125 3255 2316 3308 autem
2349 3250 2450 3328 qui

453 3329 700 3390 nondum
733 3330 948 3407 coepit.
2468 3362 2523 3404 ³⁵

571 3425 884 3506 consequi,
931 3430 1186 3508 assequi,
1234 3430 1484 3510 insequi]
1533 3431 1938 3510 consequimur
1970 3431 2447 3512 praecedentem,

454 3512 810 3591 assequimur
841 3511 1032 3573 studio
1049 3557 1067 3590 ,
1096 3513 1446 3594 insequimur
1473 3514 1776 3575 inimicum.
