2700 4234
80 2 371 287 ss„

657 321 756 370 DX
892 319 899 324 ’
1332 315 1751 365 PRAEFATIO.

784 477 897 534 Iam
938 475 1158 532 collatis
1205 474 1355 531 inter
1395 492 1457 532 se
1500 475 1662 532 libris
1703 473 1888 531 indice
1929 463 2342 547 vel‘praeditis
2386 475 2481 532 vel

661 560 943 619 destitutis
977 560 1025 616 si
1062 558 1187 632 quis
1217 559 1571 630 inquisierit,
1612 558 1720 616 utri
1767 559 2084 617 universam
2113 557 2481 630 scriptionem

663 645 883 702 iidelins
916 651 971 699 et
1000 643 1276 714 integrius
1301 642 1572 713 referant,
1603 645 1707 700 bos
1738 641 2090 715 posteriores
2123 640 2308 697 multis
2331 641 2481 698 locis

660 728 913 800 reperiet
939 727 1151 801 pariter
1180 742 1373 783 omnes
1404 733 1702 800 corruptos
1745 727 1854 796 ita,
1902 734 1962 782 ut
1990 725 2314 782 necessario
2349 741 2483 782 cor-

660 811 774 883 rigi
819 812 1059 868 debeant
1108 816 1167 865 et
1220 811 1546 884 plerumque
1596 811 1817 883 possint
1856 826 1928 866 ex
1979 808 2300 882 prioribus,
2347 809 2486 865 illos

662 911 823 965 vero,
846 894 953 950 etsi
982 909 1091 951 non
1126 892 1506 966 incorruptos,
1535 900 1592 949 at
1620 899 1728 950 tam
1759 893 2030 964 egregios
2058 897 2390 962 cognoscet,
2424 898 2488 947 ut

664 995 735 1034 ex
768 978 963 1036 alteris
1000 983 1176 1033 certet
1192 977 1407 1048 corrigi
1447 976 1666 1050 possint
1695 993 1962 1048 nusquam
1980 971 2076 1050 ⁸⁷).
2165 974 2486 1044 Distingui-

664 1078 783 1118 mus
815 1061 989 1132 igitur
1019 1062 1128 1118 duo
1169 1061 1437 1117 librorum
1474 1077 1716 1132 genera,
1752 1077 1984 1132 quorum
2026 1061 2258 1117 alterum
2289 1058 2486 1115 indice

662 1147 913 1219 praefixo
944 1143 1191 1201 notabile
1216 1143 1447 1200 codices
1469 1144 1773 1200 Vaticanos
1807 1151 1942 1204 1518
1971 1149 2026 1199 et
2061 1147 2216 1212 1862,
2246 1141 2487 1197 Leiden-

665 1246 812 1298 sem,
868 1228 1199 1292 Gndianum‚
1250 1226 1706 1299 Neapolitanum,
1760 1233 2059 1299 praeterea
2105 1226 2484 1282 Florentinam

667 1312 970 1368 editionem
999 1311 1387 1383 complectitur
1428 1311 1701 1383 simulque
1729 1309 1952 1368 interna
1991 1327 2090 1367 sua
2134 1308 2482 1382 praestantia

667 1397 1111 1464 commendatur,
1154 1395 1386 1451 alterum
1428 1395 1606 1451 libros
1650 1395 1941 1451 continens
1968 1393 2293 1451 Vaticanum
2320 1396 2484 1463 4498,

664 1479 1073 1548 Florentinum,
1101 1478 1403 1548 Venetum,
1436 1477 1892 1548 Berolinensem,
1921 1477 2294 1546 Harleianum,
2326 1475 2484 1532 Pari-

667 1562 845 1619 sinum
880 1579 1000 1620 cum
1028 1553 1366 1618 editionibus
1390 1561 1607 1624 Incerta
1637 1578 1704 1618 ac
1719 1562 1936 1618 Veneta
1970 1579 2017 1619 a.
2049 1565 2185 1620 1474
2217 1567 2274 1616 et
2295 1559 2484 1615 indice

669 1651 825 1703 caret
858 1653 914 1702 et
955 1646 1307 1702 auctoritate.
1395 1645 1464 1701 Et
1503 1645 1743 1702 indicem
1775 1647 1994 1716 quidem
2025 1661 2129 1718 per
2164 1661 2226 1700 se
2256 1648 2486 1716 specta-

667 1735 779 1787 tum
810 1732 879 1787 ad
906 1730 1176 1787 librorum
1204 1729 1509 1787 bonitatem
1539 1730 1677 1785 nihil
1711 1728 1923 1800 facere,
1951 1729 2273 1785 Florentiae
2305 1726 2486 1782 editio

668 1821 727 1871 et
761 1813 1063 1869 Vaticanus
1100 1813 1248 1870 liber
1276 1819 1417 1874 4498
1459 1812 1828 1881 convincunt,
1883 1829 2113 1884 quorum
2155 1812 2250 1867 illa
2294 1810 2486 1866 indice

668 1913 868 1953 carens
896 1893 1118 1951 meliori
1148 1896 1416 1952 librorum
1445 1896 1678 1968 generi,
1719 1896 1813 1952 bic
1840 1896 2028 1953 indice
2061 1894 2350 1968 praeditus
2381 1894 2485 1949 de-

669 1979 869 2036 teriori
917 1979 1285 2049 assignandus
1336 1980 1457 2034 fuit.
1548 1979 1661 2036 Sed
1713 1979 1960 2056 facilins·
1989 1982 2098 2036 boc
2156 1983 2486 2048 argumento

664 2063 771 2120 tibi
831 2063 1234 2135 persuadebis,
1297 2063 1612 2119 deteriores
1673 2063 1854 2121 libros
1922 2079 2115 2120 omnes
2176 2077 2246 2118 ex
2295 2057 2484 2131 aliquo

671 2148 926 2219 exemplo
956 2147 1207 2204 melioris
1238 2147 1466 2218 generis
1498 2147 1606 2203 iam
1637 2148 1774 2204 satis
1799 2149 2127 2220 depravato,
2160 2144 2340 2217 qualis
2369 2143 2486 2198 Va-

670 2231 884 2287 ticanus
919 2235 1058 2292 4498
1089 2237 1207 2302 est,
1248 2231 1394 2287 facta
1423 2231 1652 2304 insuper
1691 2231 1894 2287 indicis
1933 2230 2180 2299 iactura,
2222 2243 2351 2284 esse
2382 2226 2485 2282 de·
2551 2280 2559 2288 .

667 2315 899 2372 rivatos.
1210 2325 1214 2331 ’

794 2399 923 2454 Rem
955 2404 1014 2452 ut
1053 2398 1221 2469 paulo
1252 2397 1580 2468 diligentius
1616 2398 1888 2471 exemplis
1931 2397 2310 2464 illustremus,
2349 2393 2486 2450 libri

670 2480 1053 2539 Berolinensis
1081 2481 1412 2537 Harleianus
1442 2481 1744 2552 Parisinus,
1773 2482 2017 2552 itemque
2047 2479 2156 2536 nisi
2189 2477 2484 2534 fallorVa-

672 2565 887 2621 ticanus
921 2568 1061 2624 4498
1105 2571 1162 2619 et
1203 2564 1589 2635 Florentinus,
1629 2573 1912 2638 postremo
1944 2565 2160 2620 Veneta
2203 2560 2378 2618 editio
2417 2576 2485 2616 ao

672 2663 996 2722 pierumque
1026 2641 1328 2722 Incertam)
1364 2649 1638 2706 vocabula
1679 2649 1936 2705 omittunt
1961 2649 2165 2704 scilicet
2205 2663 2259 2718 p.
2290 2649 2417 2714 257,
2450 2650 2488 2704 3

675 2737 731 2787 et
764 2737 887 2801 259,
926 2724 1023 2796 15²,
1058 2732 1134 2786 ila
1166 2749 1219 2805 p.
1252 2736 1378 2802 264,
1407 2737 1506 2797 2o;
1541 2747 1603 2788 eo
1635 2749 1690 2804 p.
1722 2738 1847 2803 265,
1874 2738 1974 2798 233
2003 2744 2146 2803 quae
2175 2731 2485 2802 p.268,17;

674 2821 938 2888 corrupte
966 2815 1243 2886 praebent
1278 2833 1331 2888 p.
1361 2821 1486 2885 263,
1517 2822 1582 2875 15
1611 2831 1794 2887 nuper
1817 2815 2060 2888 factum,
2098 2818 2168 2874 26
2192 2816 2490 2883 praesente

576 2899 589 2912 ‘
671 2901 832 2968 scire,
864 2907 929 2958 31
960 2898 1237 2959 habitem.-
1282 2915 1337 2970 p.
1373 2904 1507 2970 264,
1547 2905 1616 2959 30
1658 2899 1899 2955 liberalis
1944 2899 2230 2970 antiquum
2268 2894 2334 2968 p.
2362 2899 2490 2964 265,

812 3129 903 3192 37)
940 3129 1069 3180 Nam
1112 3144 1164 3194 p.
1200 3128 1332 3189 271,
1371 3129 1438 3179 14
1469 3131 1716 3192 incipere,
1764 3131 1900 3194 quod
1934 3129 2074 3180 solus
2106 3126 2368 3177 Parisinus
2405 3138 2491 3173 co-

677 3199 778 3248 dex
808 3197 960 3248 habet
994 3212 1087 3264 pro
1122 3199 1175 3247 in
1216 3213 1395 3260 opere,
1451 3197 1588 3248 felici
1625 3199 1940 3250 coniecturae
1982 3195 2156 3248 deberi
2193 3192 2494 3243 Harleianus

677 3275 848 3332 aperte
895 3267 1223 3318 demonstrat.
1299 3264 1509 3316 Obstare
1554 3267 1754 3317 videtur
1800 3267 1941 3317 locus
1985 3282 2037 3332 p.
2091 3261 2226 3324 270,
2289 3260 2358 3312 26
2404 3259 2492 3309 nbi

676 3335 817 3387 Leid.
857 3333 983 3384 Gud.
1023 3334 1085 3383 ed
1098 3334 1229 3385 Flor.
1262 3351 1295 3384 α
1324 3335 1380 3386 G.
1406 3334 1591 3384 habent
1614 3349 1705 3401 pro
1743 3335 1806 3385 ab
1824 3353 1848 3394 ,-
1882 3335 2025 3399 atqui
2055 3334 2117 3382 de
2147 3330 2409 3380 Vaticanis
2445 3336 2496 3377 et

677 3402 1005 3468 Neapolitano
1044 3403 1269 3453 nondum
1310 3410 1521 3452 constat.

813 3503 903 3568 38)
940 3503 1149 3554 Duobus
1186 3504 1442 3554 codicibus
1479 3505 1524 3555 is
1561 3505 1648 3569 qui
1689 3508 1937 3556 Incertam
1983 3503 2257 3555 editionem
2293 3499 2494 3566 paravit

676 3589 801 3624 usus
839 3589 951 3624 esse
984 3573 1200 3627 videtur.
