2700 4234
25 53 59 310 Ι,

235 475 359 526 ctus
389 473 515 539 est,
549 473 607 524 ut
637 473 695 524 et
724 465 1037 526 industriae
1070 473 1358 542 expertae
1388 482 1499 524 nec
1529 463 1870 524 metuendus
1900 463 2020 529 ullo
2051 466 2226 526 modo

234 550 310 609 oh
346 548 718 608 humilitatem
746 549 985 626 generis
1016 566 1087 608 ac
1116 549 1384 608 nominis.
1474 547 1703 608 Additis
1725 549 1901 625 igitur
1923 548 1996 608 ad
2019 551 2227 650 copias

231 633 451 693 duabus
480 632 831 709 legionibus,
866 639 1003 692 octo
1036 631 1163 707 alis,
1204 631 1548 692 cohortibus
1590 630 1822 708 decem,
1867 641 2039 711 atque
2078 633 2228 693 inter

229 717 464 815 legatos
493 718 711 776 maiore
743 715 859 775 filio
892 723 1215 813 assumpto,
1246 723 1307 774 ut
1338 715 1582 794 primum
1615 717 1975 798 provinciam
2021 715 2226 793 attigit,

185 822 211 862 s
230 801 529 879 proximas
560 816 793 878 quoque
830 797 1119 860 convertit
1148 799 1207 858 in
1234 816 1335 874 se,
1381 807 1650 860 correcta
1687 801 1874 859 statim
1905 808 2225 860 castrorum

230 884 555 962 disciplina,
592 901 823 962 unoque
854 890 913 943 et
942 883 1131 943 altero
1166 882 1399 960 proelio
1436 891 1550 943 tam
1583 891 1918 944 constanter
1948 883 2124 959 inito,
2167 893 2228 941 ut

228 971 285 1028 in
320 969 756 1046 oppugnatione
791 966 1019 1029 castelli
1062 966 1281 1045 lapidis.
1314 968 1494 1026 ictum
1533 985 1722 1044 genu,
1773 975 1940 1028 scuto
1985 927 2226 1043 sagittas

229 1053 453 1130 aliquot
488 1051 813 1128 exceperit.

351 1135 497 1196 Post
528 1133 826 1194 Neronem
861 1133 1241 1212 Galbamque,
1276 1132 1502 1194 Othone
1535 1151 1604 1194 ac
1637 1133 1876 1195 Vitellio
1909 1133 1982 1194 de
2014 1135 2224 1213 princi·
2254 1151 2290 1205 5

156 1242 209 1284 ιο
228 1228 367 1298 patu
400 1215 777 1292 certantibus,
814 1218 871 1278 in
902 1235 1069 1296 spem
1098 1217 1325 1295 imperii
1356 1218 1541 1293 venit,
1585 1217 1695 1278 iam
1723 1218 1945 1296 pridem
1975 1218 2086 1277 sibi
2118 1236 2227 1296 per

230 1302 379 1362 haec
412 1309 643 1362 ostenta
676 1309 1046 1379 conceptam.

346 1384 411 1445 In
444 1384 777 1446 suburbano
806 1383 1140 1444 Flaviorum
1172 1400 1424 1460 quercus
1458 1384 1706 1462 antiqua,
1734 1402 1882 1463 quae
1909 1394 2034 1446 erat
2054 1385 2224 1446 Marti

225 1488 412 1545 sacra,
448 1487 555 1548 per
585 1478 707 1528 tres
742 1470 1075 1547 Vespasiae
1104 1474 1330 1544 partus,
1377 1467 1641 1542 singulos
1682 1478 1928 1547 repente
1963 1486 2157 1530 ramos
2189 1487 2224 1530 a

223 1554 433 1614 frutice
465 1552 643 1629 dedit,
675 1551 827 1612 haud
858 1551 1033 1611 dubia
1062 1552 1228 1627 signa
1258 1549 1433 1609 futuri
1478 1552 1756 1628 cuiusque
1797 1553 1928 1612 fati:
1981 1555 2224 1630 primum

156 1655 203 1702 3⁵
224 1637 441 1698 exilem
476 1644 535 1694 et
564 1638 678 1696 cito
692 1637 1059 1712 arefactum,
1094 1633 1378 1713 (ideoque
1411 1632 1604 1713 puella
1633 1644 1766 1695 nata
1794 1651 1910 1695 non
1941 1654 2222 1714 peranna-

222 1721 337 1797 vit)
372 1718 1111 1797 secundumpraevalidum
1142 1735 1211 1777 ac
1243 1717 1536 1795 prolixum
1578 1726 1636 1777 et
1669 1720 1764 1796 qui
1793 1737 2060 1797 magnam
2093 1719 2221 1779 feli-

225 1806 460 1864 citatem
491 1803 889 1880 portenderet,
920 1803 1149 1862 tertium
1182 1819 1327 1861 vero
1363 1801 1541 1861 instar
1575 1802 1820 1862 arboris.
1895 1804 2088 1878 Quare
2121 1821 2220 1882 pa-

218 1898 368 1949 trem
400 1885 673 1945 Sabinum
702 1886 912 1960 ferunt,
942 1886 1277 1984 haruspicio
1306 1887 1545 1985 insuper
1567 1888 1982 1964 confirmatum,
2012 1905 2219 1948 renun-

219 1973 401 2032 tiasse
434 1969 619 2046 matri,
648 1977 925 2046 nepotem
957 1970 1011 2030 ei
1041 1967 1351 2031 Caesarem
1384 1971 1668 2046 genitum3
1707 1989 1819 2031 nec
1861 1971 2017 2032 illam
2060 1971 2220 2051 quic·

144 2075 201 2116 20
222 2072 391 2134 quam
436 2051 588 2113 aliud
632 2071 801 2132 quam
846 2052 1257 2130 cachinnasse,
1302 2055 1636 2132 mirantem,
1693 2055 1864 2134 quod
1907 2054 2114 2118 adhuc
2150 2073 2221 2116 se

215 2137 435 2200 mentis
469 2142 755 2216 compote
782 2135 1085 2196 deliraret
1112 2138 1237 2197 iam
1266 2137 1436 2215 tilius
1463 2156 1634 2200 suus.

150 2283 156 2288 .
342 2221 522 2298 Mox,
566 2239 694 2281 cum
737 2221 987 2280 aedilem
1034 2239 1163 2281 eum
1209 2220 1276 2281 G.
1324 2220 1574 2299 Caesar,
1621 2239 1978 2282 succensens
2022 2241 2218 2284 curam

217 2304 521 2366 verrendis
554 2306 665 2366 viis
699 2322 815 2365 non
846 2303 1177 2381 adhibitam,
1217 2304 1339 2365 luto
1373 2307 1643 2366 iussisset
1672 2305 1904 2385 oppleri
1931 2316 2216 2384 congesto

216 2408 328 2470 per
353 2388 569 2449 milites
602 2390 658 2447 in
696 2397 1041 2467 praetextae
1078 2390 1283 2465 sinum,
1316 2405 1434 2448 non
1463 2389 1770 2450 defuerunt
1803 2389 1900 2468 qui
1930 2390 2214 2469 interpre-

137 2498 195 2538 25
216 2481 512 2549 tarentur,
554 2471 899 2550 quandoque
948 2473 1343 2552 proculcatam
1375 2473 1780 2552 desertamque
1805 2491 1930 2533 rem
1972 2493 2030 2553 p.
2061 2473 2214 2534 civili

216 2557 410 2647 aliqua
443 2554 879 2636 perturbatione
908 2558 967 2616 in
999 2557 1237 2618 tutelam
1266 2558 1392 2616 eius
1423 2575 1492 2616 ac
1529 2557 1690 2618 velut
1717 2559 1772 2617 in
1803 2559 2084 2635 gremium
2116 2557 2211 2617 de·

214 2651 534 2701 venturam.

337 2724 659 2786 Prandente
690 2742 765 2786 eo
802 2724 1123 2803 quondam,
1168 2725 1328 2786 canis
1360 2727 1648 2786 extrarius
1694 2743 1727 2784 e
1767 2725 1940 2786 trivio
1986 2742 2213 2786 manum

212 2808 513 2868 humanam
540 2808 727 2870 intulit
752 2827 1108 2886 mensaeque
1154 2807 1420 2884 subiecit.
1498 2807 1790 2870 Caenante
1831 2827 2062 2886 rursus,
2101 2808 2212 2871 bos

132 2915 191 2956 so
218 2899 415 2952 arator
454 2892 707 2968 decusso⁴
743 2895 883 2970 iugo
920 2893 1229 2953 triclinium
1274 2894 1511 2973 irrupit,
1565 2910 1636 2953 ac
1675 2892 1890 2970 fugatis
1939 2893 2212 2954 ministris

213 2977 380 3055 quasi
411 2985 655 3054 repente
686 2977 957 3036 defessus
988 2976 1242 3055 procidit
1270 2976 1343 3037 ad
1387 2979 1553 3055 ipsos
1585 2975 1980 3037 accumbentis
2026 2977 2210 3055 pedes

213 3059 620 3140 cervicemque
668 3061 963 3120 summisit.
1050 3058 1248 3121 Arbor
1297 3077 1534 3139 quoque
1589 3077 1903 3139 cupressus
1953 3061 2012 3120 in
2060 3077 2208 3138 agro

210 3145 368 3204 avito
402 3144 527 3204 sine
556 3143 675 3204 ulla
708 3145 764 3205 vi
786 3145 1145 3222 tempestatis
1173 3143 1378 3205 evulsa
1399 3145 1672 3205 radicitus
1697 3153 1869 3223 atque
1893 3153 2208 3224 prostrata,

210 3229 539 3306 insequenti
578 3227 670 3288 die
703 3227 943 3288 viridior
976 3245 1047 3287 ac
1076 3228 1295 3289 firmior
1321 3229 1664 3288 resurrexit.

123 3331 189 3372 35
333 3311 413 3372 At
442 3313 499 3372 in
529 3311 751 3374 Achaia
781 3311 1107 3387 somniavit,
1140 3312 1359 3371 initium
1389 3311 1502 3372 sibi
1535 3313 1772 3391 suisque
1797 3310 2094 3372 felicitatis
2119 3312 2205 3372 fu·

207 3404 429 3472 turum,
468 3397 633 3456 simul
665 3416 734 3458 ac
764 3397 909 3456 dens
938 3395 1157 3455 Neroni
1201 3405 1507 3474 exemptus
1553 3405 1764 3466 esset3·
1792 3396 2101 3476 evenitque
2147 3403 2208 3454 ut

208 3481 475 3556 sequenti
507 3481 599 3540 die
632 3498 987 3560 progressus
1014 3481 1091 3540 in*
1114 3481 1317 3540 atrium
1348 3478 1608 3542 medicus
1651 3479 1880 3540 dentem
1914 3480 1970 3540 ei
2009 3487 2202 3539 osten-

206 3562 398 3637 deret,
432 3571 762 3644 tantumque
800 3564 957 3646 quod
987 3573 1334 3642 exemptum.

868 308 1079 358 Divus
1104 307 1600 358 vnsrnsrnnus.
2106 296 2230 358 227

1661 3648 1786 3706 15*
