2700 4234
672 317 890 364 LXXIV
1355 315 1766 363 PRAEFATIO·

680 475 863 534 tonius
908 475 985 532 ita
1021 481 1245 530 secutus
1288 481 1408 543 est,
1455 478 1515 529 ut
1545 473 1698 529 viros
1738 475 1907 530 rebus
1947 474 2170 532 bellicis
2216 477 2530 557 civilique

680 556 886 614 virtute
922 560 1106 614 claros
1150 551 1557 628 excludet-ciffi)
1601 563 1659 611 et
1699 557 1855 613 solos
1893 573 2023 626 eos,
2067 558 2160 629 qui
2191 559 2393 618 litteris
2425 563 2486 618 id

686 647 773 698 est
804 642 971 698 libris
1014 635 1331 698 scribendis
1379 639 1802 709 inclaruissent‚
1839 639 2324 716 perscriberet⁵⁷).
2417 645 2488 700 Et

681 731 939 797 quantum
978 723 1228 780 iudicare
1268 723 1438 778 hodie
1473 722 1639 791 licet,
1679 738 1818 794 opus
1859 723 2108 778 condidit
2154 726 2261 781 ilde
2293 727 2482 784 brevi-

683 814 796 864 tate
827 823 1121 879 rerumque
1150 806 1424 863 varietate
1453 805 1551 860 sic.
1571 805 1880 872 excellens,
1911 812 1971 860 ut
2001 822 2109 861 non
2143 809 2481 864 mediocrem

680 891 967 947 doctorum
994 889 1272 945 hominum
1300 889 1550 960 plausum
1589 887 1776 944 ferret.
1839 887 1971 944 Nam
1995 893 2051 942 et
2072 889 2318 961 integras
2343 908 2484 949 non-

680 989 967 1044 numquam
1000 971 1145 1029 vitas
1188 971 1317 1026 inde
1344 972 1641 1042 decerptas
1687 971 1974 1027 codicibus
2011 979 2301 1043 poetarum
2337 975 2479 1031 alio·

680 1072 908 1126 rumque
948 1056 1278 1127 scriptorum
1320 1059 1782 1110 commentatores
1839 1054 2097 1110 solebant
2145 1057 2481 1129 praefigere,

680 1145 737 1194 et
766 1139 1138 1208 Hieronymus
1168 1136 1584 1204 Stridonensis‚
1629 1135 1724 1206 qui
1769 1137 1840 1191 de
1883 1137 2222 1194 doctissimis
2267 1142 2482 1197 veteris
2530 1196 2536 1200 .

682 1221 959 1278 ecclesiae
1001 1221 1325 1277 doctoribus
1369 1218 1501 1288 tuit,
1543 1221 1643 1275 lias
1683 1218 1828 1274 vitas
1869 1219 2008 1274 tanti
2042 1220 2210 1290 fecit,
2265 1229 2324 1277 ut
2369 1239 2481 1278 non

680 1304 844 1359 modo
877 1321 927 1359 a.
962 1310 1067 1364 380
1114 1303 1170 1357 in
1204 1302 1582 1357 convertendo
1629 1302 1996 1372 augendoque
2041 1303 2270 1360 Eusebii
2315 1307 2483 1363 cliro-

679 1387 808 1441 nico
844 1389 1041 1442 multas
1072 1385 1202 1440 inde
1234 1385 1540 1456 particulas
1568 1383 1984 1440 ‘curiosissime
2016 1386 2350 1460 excerptas’
2382 1390 2484 1445 ad-

679 1469 972 1540 misceret,
1000 1469 1101 1525 sed
1138 1468 1303 1524 etiam
1334 1485 1385 1525 a.
1419 1473 1522 1526 392
1551 1467 1607 1522 in
1636 1467 1894 1537 catalogo
1920 1483 2023 1523 suo
2059 1471 2484 1528 ecclesiastico-

681 1568 805 1607 rum
828 1553 1163 1624 scriptorum
1196 1551 1580 1622 componendo
1609 1551 1753 1605 hunc
1793 1550 2134 1621 potissimum
2166 1571 2326 1624 quem
2356 1553 2485 1611 imi-

680 1641 890 1691 taretur
921 1637 1115 1691 ducem
1146 1640 1205 1688 et
1244 1635 1554 1704 exemplum
1595 1633 1702 1689 sibi
1745 1640 2004 1688 sumeret.
2095 1636 2344 1708 Denique
2377 1638 2484 1694 ali-

684 1723 816 1789 quot
845 1719 1077 1790 paginas
1104 1717 1223 1772 eius
1246 1717 1437 1788 operis
1461 1717 1710 1785 integras
1743 1732 1886 1772 anno
1916 1717 2142 1774 circiter
2170 1725 2304 1779 1452
2326 1719 2483 1776 Enoc

681 1801 993 1856 Asculanus
1026 1815 1097 1855 ex
1130 1798 1456 1856 Germaniae
1487 1798 1738 1870 partibus
1769 1799 1826 1853 in
1855 1799 2067 1857 Italiam
2100 1803 2300 1857 attulit.
2390 1803 2482 1862 Li.-

685 1882 886 1938 bellum
932 1883 1075 1938 enim
1115 1884 1187 1938 de
1232 1881 1612 1937 Grammaticis
1656 1887 1714 1935 et
1760 1882 2079 1940 rhetoribus
2125 1886 2482 1956 superstitem

682 1964 812 2020 libri
843 1967 911 2021 de
930 1965 1081 2020 Viris
1114 1965 1424 2022 illustribus
1455 1965 1782 2037 particulam
1811 1981 1938 2020 esse
1957 2007 1974 2035 ‚
2013 1973 2068 2022 et
2100 1968 2284 2023 statim
2314 1970 2479 2024 intel·

681 2047 880 2105 lectum
913 2054 1031 2117 est,
1072 2051 1131 2104 ut
1160 2066 1190 2104 a
1227 2049 1470 2104 Pontano
1501 2065 1555 2118 p.
1587 2051 1718 2119 288,
1757 2051 1812 2102 et
1841 2047 2163 2120 Hieronymi
2195 2051 2481 2123 excerptis

678 2130 893 2188 abunde
922 2131 1287 2188 confirmatur.

808 2216 998 2287 Itaque
1058 2214 1303 2286 speciem
1365 2230 1556 2270 eorum
1617 2213 1882 2270 librorum
1945 2230 2281 2272 communem
2334 2218 2480 2274 hanc

680 2299 855 2355 fuisse
898 2299 1081 2366 dicas,
1134 2304 1194 2353 ut
1238 2297 1293 2352 in
1340 2295 1683 2366 sing‘ulorum
1728 2295 2022 2370 principiis
2066 2299 2363 2356 Suetonius
2409 2302 2483 2357 de

682 2389 799 2439 arte
832 2382 923 2438 vel
955 2379 1251 2452 disciplina
1284 2384 1593 2451 exponeret
1621 2380 1883 2435 nonnulla
1925 2381 2292 2452 coniunctim,
2333 2399 2481 2454 quae

678 2580 742 2630 de
778 2576 1038 2640 Tarquitio
1076 2577 1176 2626 iam
1208 2575 1265 2625 G.
1306 2578 1348 2628 Ι.
1388 2575 1602 2626 Vossius
1632 2576 1760 2626 bene
1784 2575 2038 2640 exposuit,
2111 2575 2484 2640 Antiquissima

678 2646 920 2696 memoria
955 2644 1091 2710 apud
1128 2643 1414 2708 Vergilium
1456 2651 1622 2694 exstat
1655 2643 1941 2694 Cataleeton
1974 2645 2006 2693 7
2020 2679 2036 2704 ,
2071 2645 2103 2694 3
2140 2645 2251 2694 sive
2281 2644 2485 2694 Antho-

680 2716 846 2782 logiae
874 2713 1062 2777 Meyer.
1110 2727 1193 2762 no.
1219 2713 1308 2764 90.

814 2796 907 2862 56)
967 2798 1023 2848 ld
1061 2808 1111 2848 et
1158 2795 1451 2859 Hieronymi
1487 2797 1641 2846 verba
1685 2803 1734 2846 et
1777 2797 1890 2863 ipsa
1937 2794 2224 2862 fragmenta
2271 2795 2478 2846 docent.

678 2869 864 2920 Iniuria
899 2866 1057 2931 igitur
1089 2869 1197 2918 loco
1234 2881 1283 2932 p.
1317 2863 1434 2924 283,
1468 2867 1495 2916 1
1539 2864 1624 2928 qui
1659 2863 1723 2914 de
1749 2863 1981 2914 Ventidio
2015 2863 2176 2914 Basso
2212 2869 2290 2914 est
2317 2863 2482 2913 Vine-

678 2943 760 2987 tus
811 2944 860 2984 et
910 2935 997 2984 alii
1044 2935 1187 2984 abusi
1235 2940 1385 2992 sunt,
1451 2940 1505 2984 ut
1557 2932 1621 2982 de
1674 2932 1884 2983 ducibus
1943 2946 2142 2996 quoque
2196 2931 2481 2982 illustribus

677 3003 860 3054 librum
900 3000 1061 3052 fuisse
1093 3000 1474 3068 persuaderent.
1530 3000 1604 3050 Ne
1633 2999 1697 3050 de
1733 3000 1998 3066 regibusq
2001 3000 2172 3050 uidem
2205 2999 2388 3049 librum
2425 2999 2481 3048 in

677 3069 959 3121 illustribus
998 3069 1173 3130 fuisse,
1211 3070 1350 3118 locus
1389 3068 1602 3120 Ausonii
1629 3067 1850 3118 declarat
1882 3068 2085 3133 inirap
2091 3067 2257 3125 .,303
2303 3067 2366 3119 19
2404 3068 2481 3116 al

678 3139 829 3190 latus.
901 3138 975 3188 De
993 3139 1131 3189 Viris
1160 3107 1458 3196 illustribus,
1491 3136 1576 3200 qui
1611 3135 1762 3186 Plinii
1796 3136 1998 3186 nomine
2035 3135 2478 3197 circumferuntur,

680 3206 919 3258 Suetonio
960 3206 1158 3257 tributis
1195 3204 1329 3254 infra
1364 3220 1412 3269 p.
1452 3205 1536 3256 011
1573 3220 1652 3268 sq.
1695 3204 1877 3257 dicam.

812 3273 907 3336 57)
942 3273 1343 3339 Scriptorum
1393 3273 1664 3324 illustrium
1697 3273 1866 3339 potius
1900 3279 2051 3336 q'uam
2082 3273 2320 3322 Virorum
2358 3272 2478 3321 illu-

676 3343 855 3394 strium
891 3343 1045 3394 libros
1081 3342 1350 3406 inscriptos
1388 3340 1549 3390 fuisse
1579 3340 1792 3390 Vinctus
1823 3341 2157 3391 arbitrabatur
2189 3341 2364 3404 (isque
2395 3342 2481 3390 sui

678 3410 790 3474 ipse
840 3410 1129 3471 immemor,
1179 3409 1264 3472 qui
1301 3409 1366 3458 de
1401 3408 1623 3460 Ducibus
1659 3423 1857 3471 quoquc
1897 3409 2078 3459 librum
2115 3407 2399 3472 statuisset)
2427 3417 2480 3458 et

677 3475 1005 3528 Casaubonus
1035 3477 1188 3527 libros
1220 3477 1454 3527 Virorum
1491 3477 1553 3525 in
1593 3476 1840 3527 litteris
1873 3477 2143 3528 illustrium
2179 3476 2476 3542 appellavit,

676 3552 885 3610 uterque
921 3545 1220 3610 Hieronymo
1250 3551 1298 3592 et
1334 3543 1490 3594 Suida
1527 3544 1716 3594 invitis.
