2700 4234
629 311 858 363 xxvm
1313 309 1728 359 PRAEFA‘no.

634 470 755 527 Hoc
783 486 962 541 genus
1001 470 1150 525 haud
1193 468 1363 525 dubie
1393 470 1753 525 vehementer
1794 471 2112 539 corruptum
2155 471 2277 535 ost,
2317 482 2439 523 cnm

604 555 778 611 ‘intra
807 568 1016 625 paneas
1043 551 1306 624 paginas,
1335 558 1400 609 ut
1432 552 1689 622 exemplo
1719 555 1875 619 utar,
1920 566 1977 621 p.
2010 554 2133 619 244,
2167 554 2237 608 23
2264 551 2440 607 verba

631 643 822 709 sponte
873 638 932 693 in
989 634 1208 693 Catthos
1259 640 1316 691 et
1362 650 1505 705 quae
1558 638 1861 703 sequuntur
1904 649 2080 704 usque
2137 633 2206 689 ad
2264 632 2442 696 duas,-

633 738 688 794 ρ.
725 726 846 790 249,
873 726 904 779 5
937 724 994 774 et
1024 736 1078 790 p.
1113 724 1252 788 250,
1288 725 1344 778 3.
1376 723 1412 777 4
1446 715 1655 773 Graeca
1692 715 1907 781 omnin
1951 732 2009 787 p·
2038 720 2167 785 250,
2197 721 2267 775 32
2294 731 2441 772 com-

631 803 916 859 mendanti
963 802 1206 865 omittam
1272 818 1326 873 p.
1370 805 1503 870 248,
1559 805 1628 861 34
1676 801 1825 855 intra
1872 798 2062 855 urbem
2101 798 2441 870 interpolet;

632 904 688 959 p.
719 890 860 956 243,
884 886 1037 945 245⁸
1063 884 1310 947 tloermm
1351 902 1409 956 p.
1440 888 1575 954 247,
1605 888 1677 942 34
1710 896 1743 937 e
1768 882 2146 939 remotioribus
2180 887 2237 936 et
2268 883 2412 937 tribu

631 983 764 1032 nos:
793 986 847 1041 p.
883 974 1006 1037 248,
1033 974 1104 1029 28
1132 972 1188 1023 et
1211 969 1465 1025 accusati
1488 974 1541 1023 et
1568 972 1921 1021 accusatores
1947 966 2215 1039 scriptum
2246 971 2442 1023 osten-

638 1054 752 1111 dat.
839 1050 1026 1109 Nihilo
1079 1051 1256 1109 uinus
1307 1056 1487 1107 tamen
1542 1066 1651 1106 non
1700 1050 1867 1120 plane
1916 1049 2287 1121 spernendum
2332 1055 2441 1118 est,

631 1136 799 1193 inmo
861 1150 983 1191 cum
1043 1134 1427 1205 antiquissimo
1482 1149 1585 1206 per
1634 1148 1697 1188 se
1752 1132 2077 1190 cohaesisse
2132 1131 2441 1203 intelliges,

631 1225 924 1291 postquam
965 1217 1316 1290 reputaveris
1346 1234 1459 1273 non
1501 1218 1665 1273 modo
1694 1215 2003 1273 Memmiani
2032 1216 2164 1272 libri
2195 1216 2439 1289 scriptu-

632 1318 750 1357 ram
797 1318 970 1373 saepe
1021 1316 1092 1358 eo
1143 1302 1272 1359 solo
1312 1300 1661 1369 confimari,
1720 1300 1821 1355 sed
1866 1300 1957 1355 vel
2002 1299 2324 1356 numiano
2383 1304 2441 1354 et

631 1496 778 1547 densi
827 1494 1128 1545 bibliotheca
1174 1493 1432 1544 Cuiaciani
1488 1494 1675 1544 codicis
1730 1494 1928 1543 collatio
1976 1494 2138 1560 Lipsii
2176 1509 2330 1544 manu
2372 1496 2439 1544 ad

629 1564 890 1630 margines
921 1563 1157 1613 editionis
1191 1562 1328 1613 15⁷4
1357 1563 1591 1628 apposita
1607 1599 1625 1625 ,
1673 1570 1729 1613 ut
1766 1562 2086 1613 collationem
2118 1578 2149 1612 a
2184 1561 2437 1614 Groslotio

629 1633 806 1698 Lipsio
839 1632 1188 1683 transmissam
1229 1646 1296 1697 ap
1331 1638 1471 1681 areat
1512 1644 1614 1680 non
1648 1632 1863 1700 perisse.
1936 1632 2042 1683 Iam
2074 1640 2124 1681 et
2158 1630 2438 1681 Groslotius

631 1700 712 1767 (in
737 1701 1016 1751 Burmanni
1045 1701 1243 1766 sylloge
1276 1646 1330 1749 lp
1335 1715 1388 1765 p.
1430 1696 1561 1763 358)
1586 1698 1925 1765 Bongarsium
1966 1700 2035 1749 ait
2066 1714 2157 1765 pro
2189 1706 2438 1749 senatum-

630 1786 726 1835 que
759 1783 810 1834 p.
849 1768 969 1829 175,
1017 1769 1086 1818 24
1118 1768 1395 1817 coniecisse
1420 1782 1728 1832 scenamque,
1778 1774 1831 1833 et
1850 1766 2180 1818 casaubonus
2211 1768 2437 1818 citharae

628 1855 680 1905 p.
709 1836 825 1895 175,
851 1836 918 1884 26
944 1835 1062 1885 dicit
1083 1834 1419 1899 Bongarsinm
1457 1849 1484 1884 e
1509 1834 1683 1884 codice
1702 1835 1969 1885 Gniaciano
1996 1844 2229 1887 enotasse
2264 1835 2441 1902 (item-

632 1920 729 1970 qne
751 1918 802 1969 p.
829 1904 930 1952 224
947 1938 961 1961 ,
985 1901 1062 1964 7).
1135 1902 1294 1964 Atqui
1325 1903 1523 1967 reperio
1553 1898 1626 1952 ἴσ.
1660 1917 1954 1966 scenamque
1982 1910 2033 1953 et
2060 1904 2289 1955 cineas-ae
2310 1908 2441 1957 seri—

629 1980 773 2039 ptum
824 1979 873 2020 et
917 1973 1153 2019 incertum
1185 1976 1366 2031 sponte
1404 1969 1624 2019 deletum
1659 1971 1713 2019 in
1749 1970 2012 2035 Excerptis
2049 1971 2439 2038 Bongarsianis,

629 2040 686 2091 id
714 2045 791 2091 est
821 2039 875 2089 in
900 2038 1145 2089 Beruensi
1185 2038 1416 2103 exemplo
1460 2038 1695 2087 editionis
1721 2038 1873 2101 1574,
1907 2040 2051 2091 cuius
2076 2039 2141 2091 ad
2176 2043 2439 2107 marg-ines

629 2106 946 2173 Bongarsius
977 2113 1278 2173 perpetuam
1311 2105 1629 2157 collationem
1668 2106 1855 2157 codicis
1895 2106 2106 2159 alicuius
2146 2109 2436 2176 adscripsit.

629 2178 760 2227 Eum
799 2174 1022 2227 codicem
1055 2176 1112 2225 in
1139 2173 1388 2225 Bernensi
1425 2174 1656 2239 exemplo
1680 2174 1995 2241 Bongarsius
2032 2191 2187 2243 saepe
2223 2178 2438 2228 obscure

630 2242 884 2311 sig-nificat
907 2242 994 2293 Sic
1022 2245 1088 2297 V.
1118 2245 1174 2295 G·
1206 2243 1516 2307 adscribens,
1551 2242 1630 2293 bis
1663 2251 1857 2294 tantum
1887 2243 1953 2293 ad
1970 2258 2021 2311 p.
2052 2245 2169 2307 164,
2205 2244 2271 2296 14
2295 2255 2344 2296 et
2367 2246 2437 2297 24

621 2315 863 2379 pmoeima
885 2318 935 2363 et
959 2316 1234 2377 metatione
1257 2313 1465 2363 adnotat
1490 2311 1579 2362 Sic
1604 2312 1694 2366 Cu.
1754 2313 2077 2364 Guiacianum
2106 2312 2264 2380 igitur
2294 2314 2438 2363 codi-

629 2397 738 2436 cem
767 2396 799 2431 a
819 2380 1102 2447 Bongarsio
1137 2396 1270 2433 anno
1303 2382 1501 2431 circiter
1534 2380 1681 2433 1580-
1702 2381 1937 2432 collatum
1968 2382 2180 2445 eiusque
2210 2382 2439 2433 collatio·

628 2452 710 2503 nis
761 2448 993 2515 exempla
1045 2451 1112 2502 ad
1157 2449 1463 2501 Groslotium
1481 2484 1495 2512 ,
1536 2449 1793 2515 Lipsium‚
1845 2450 2199 2501 casaubonum
2252 2464 2436 2517 perve-

628 2521 768 2569 nisse
819 2518 1069 2571 existimo.
1141 2522 1200 2571 In
1244 2526 1385 2569 tanto
1438 2519 1644 2569 testium
1702 2532 1915 2571 numero
1949 2518 2193 2569 nonnulla
2235 2518 2437 2568 turbata

547 2628 556 2637 .
629 2601 744 2637 esse
781 2599 886 2637 non
921 2586 1336 2649 coemit-nandum,
1376 2587 1469 2638 sed
1504 2586 1630 2637 alter
1664 2588 1821 2639 altero
1857 2588 2067 2653 propius
2108 2586 2174 2637 ad
2202 2586 2438 2651 Bongar-

629 2656 776 2705 siena
804 2668 920 2703 mea
953 2654 1190 2707 accolere
1221 2655 1367 2707 sciet.
1439 2654 1525 2705 Sic
1544 2670 1597 2721 p.
1624 2654 1742 2716 240,
1767 2653 1833 2707 33
1862 2654 2178 2722 Bongarsius
2202 2670 2231 2705 e
2262 2655 2436 2704 codice

629 2730 952 2788 excerpserat
973 2723 1188 2784 pellibus
1209 2726 1276 2775 al.
1297 2723 1569 2785 paludibus
1581 2742 1603 2781 ,·
1629 2723 1682 2773 id
1710 2724 1881 2789 ipsum
1906 2724 2063 2775 refert
2084 2730 2229 2775 vetus
2250 2722 2437 2787 Lipsii,

623 2791 837 2855 pedibas
867 2794 944 2841 vel
969 2792 1245 2855 paludibus
1277 2791 1465 2843 habere
1498 2790 1660 2853 fertur
1694 2792 1996 2843 Guiacianus
2010 2828 2025 2853 ‚
2062 2791 2248 2843 malasi
2282 2790 2433 2841 codd.

626 2874 748 2927 pars
777 2860 992 2922 pellibus
1018 2876 1142 2927 pars
1165 2861 1451 2924 paludibus.
1523 2863 1649 2913 Item
1677 2875 1728 2928 p.
1770 2859 1897 2923 139,
1932 2859 2001 2913 23
2037 2858 2438 2923 speoedatorffius

627 2928 780 2979 babet
811 2927 1080 2993 Bongatsii
1103 2928 1459 2996 autographon
1480 2937 1532 2981 et
1554 2928 1851 2980 Cuiacianus
1888 2929 2027 2996 apud
2060 2927 2433 2989 casaubonum,

625 2996 1084 3058 eaepeeuzatortbus
1126 2996 1314 3049 habere
1359 2996 1594 3049 dicuntur
1638 3004 1879 3063 excerpta
1931 2996 2247 3048 Groslotiana
2295 2996 2438 3061 apud

626 3063 976 3115 Gasaubonum
1014 3073 1064 3117 et
1087 3063 1360 3115 Oniaeiana
1391 3065 1529 3131 apud
1550 3065 1910 3117 Burmannum.
1965 3064 2221 3129 Quidquid
2255 3064 2309 3115 id
2335 3072 2433 3126 est,

623 3132 670 3182 is
702 3130 864 3183 codex
897 3132 1070 3185 multis
1115 3134 1405 3185 nominibus
1441 3133 1729 3185 nobilitatus
1772 3134 2057 3185 simillimus
2093 3140 2170 3185 est
2200 3131 2435 3183 Parisino

623 3200 762 3253 6116
799 3206 848 3251 et
874 3202 1042 3265 magis
1085 3202 1236 3253 etiam
1268 3201 1493 3251 Mediceo
1524 3203 1765 3253 seeundo.
1800 3231 1871 3247 —-
1898 3202 2189 3267 Eademque
2229 3216 2312 3252 res
2356 3208 2436 3251 est

625 3282 742 3319 cnm
775 3270 1026 3333 excerptis
1056 3269 1351 3331 Vossianis,
1397 3284 1529 3333 quae
1555 3271 1759 3321 Isaacus
1788 3271 2008 3321 Vossius
2050 3271 2117 3321 ad
2160 3270 2434 3321 editionem

624 3352 672 3387 a.
707 3336 839 3387 1592
877 3337 930 3389 in
962 3337 1200 3388 Leidensi
1243 3338 1544 3389 bibliotheca
1579 3346 1831 3389 servatam
1866 3338 2152 3404 adscripsit.
2218 3338 2291 3389 Ea
2321 3337 2435 3387 sive

625 3418 656 3453 e
683 3403 908 3455 Medieeo
937 3405 1108 3467 aliquo
1142 3406 1313 3457 codice
1349 3413 1407 3456 ut
1439 3406 1827 3473 Oudendorpius
1862 3407 2198 3467 existimavit,
2236 3406 2346 3455 sive
2376 3414 2436 3455 ut

625 3470 861 3536 equidem
896 3479 1076 3537 putare
1104 3474 1238 3525 malo
1279 3490 1345 3525 ex
1374 3475 1589 3540 Anglico
1622 3475 1792 3539 aliquo
1826 3475 2093 3539 desumpta
2125 3481 2269 3535 sunt,
2314 3488 2433 3537 per·

623 3539 784 3589 tinent
818 3539 882 3589 ad
912 3541 966 3590 id
994 3543 1195 3592 tertium
1225 3557 1419 3609 genus.
1456 3544 1519 3593 de
1549 3556 1647 3606 quo
1680 3542 1847 3593 dicere
1875 3542 2199 3593 instituimus.
