2700 4234
1007 351 1217 400 mvus
1249 351 1505 400 nimus,
2220 343 2258 403 5

229 511 288 569 in
325 508 620 568 civitatem
659 507 972 583 rogatione
1004 493 1190 566 Plo'tia
1225 505 1513 582 confecit,
1560 504 1877 584 habuitque
1916 515 1973 566 et
2003 508 2132 586 ipse
2165 528 2256 568 su-

229 609 340 672 per
373 609 444 650 ea
474 609 542 650 re
575 593 918 650 contionem.

361 675 655 750 Quaestor
677 673 877 734 Iuliam
911 676 1135 734 amitam
1177 690 1539 772 uxoremque
1574 671 1909 733 Corneliam
1955 673 2256 735 defunctas
2282 675 2317 730 6

231 759 489 840 laudavit
521 777 554 817 e
586 774 748 818 more
778 775 890 856 pro
921 759 1151 819 rostris.
1211 757 1286 816 Et
1326 759 1383 816 in
1421 759 1626 817 amitae
1660 755 1895 836 quidem
1928 757 2259 818 laudatione

183 844 307 908 sde
354 845 480 902 eius
527 860 598 902 ac
642 843 824 921 patris
883 845 968 902 sui
1023 851 1266 919 utraque
1313 843 1545 919 origine
1604 843 1688 901 sic
1732 842 1945 918 refert;
2015 841 2261 904 Amitae

227 945 406 1001 meae
438 924 646 987 Iuliae
667 934 1012 987 maternum
1038 944 1233 1005 yenus
1265 925 1346 986 ab
1380 925 1633 1005 reyibus
1658 933 1893 1003 ortum,
1928 934 2259 1004 paternum

231 1031 368 1074 cum
392 1011 516 1072 diis
537 1010 976 1072 inmortalibus
1002 1010 1390 1072 coniunctum
1420 1017 1527 1070 est.
1575 1009 1739 1070 Nam
1767 1009 1848 1070 ab
1874 1008 2049 1072 Anco
2078 1009 2148 1071 M
2148 1029 2253 1071 ar-

232 1096 330 1156 cio
360 1101 506 1156 sunt
533 1093 766 1155 Marcii
792 1094 1028 1174 Reyes,
1075 1111 1193 1172 quo
1223 1095 1467 1154 nomine
1505 1093 1629 1171 fuit
1656 1102 1897 1164 matem-
1941 1111 1982 1154 a
2028 1093 2259 1155 Venere

7 1161 44 1316 Ἀ
230 1177 419 1255 Iulii,
468 1179 644 1240 cuias
678 1179 879 1258 yemis
905 1178 1155 1256 fami-lia
1189 1185 1282 1236 est
1306 1184 1550 1238 nostra
1612 1176 1732 1238 Est
1757 1196 1905 1257 erqo
1934 1178 2001 1238 in
2036 1197 2260 1258 ycnere

159 1291 212 1331 10
236 1270 300 1324 et
335 1263 643 1323 sanctitas
688 1281 932 1342 reyum,
980 1263 1086 1342 qui
1129 1261 1463 1339 plurimum
1506 1263 1667 1322 inter
1700 1261 1977 1322 homines
1995 1263 2255 1341 pollent,

236 1353 300 1406 et
322 1347 700 1407 caerimonia
723 1347 1010 1422 deorum,
1037 1363 1296 1426 quoram
1317 1345 1447 1423 ipsi
1473 1347 1537 1406 in
1553 1354 1865 1424 potestate
1885 1353 2028 1406 sunt
2056 1366 2254 1427 reyes
2271 1356 2287 1370 '

232 1431 302 1490 In
356 1426 682 1490 Corneliae
714 1441 905 1506 autem
905 1431 1140 1512 chum
1188 1429 1523 1525 Pompeiam
1570 1430 1732 1489 duxit
1777 1431 1973 1506 Quinti
2015 1431 2260 1510 Pompei

234 1515 450 1591 filiam,
493 1513 557 1574 L.
593 1515 792 1575 Sullae
809 1491 1102 1594 Ὕιθρῐειω
1162 1532 1290 1573 cum
1339 1532 1454 1593 qua
1499 1513 1709 1574 deinde
1746 1515 2051 1574 divortium
2092 1515 2266 1591 fecit,-

235 1599 614 1660 adulteratam
661 1600 929 1677 opinatus
973 1617 1006 1658 a
1040 1597 1245 1658 Publio
1293 1596 1537 1674 Clodio,
1587 1616 1759 1677 quem
1800 1602 1950 1657 inter
1993 1598 2258 1676 publicas

161 1707 214 1747 15
237 1683 624 1744 caerimonias
659 1691 1004 1762 penetrasse
1037 1683 1109 1742 ad
1153 1699 1279 1740 eam
1320 1682 1586 1741 muliebri
1620 1691 1792 1740 veste
1834 1691 1949 1740 tam
1984 1691 2258 1742 constans

230 1769 384 1828 fama
417 1776 572 1844 erat,
619 1776 678 1828 ut
715 1776 951 1827 senatus
994 1768 1397 1846 quaestionem
1443 1765 1516 1826 de
1551 1765 1790 1845 pollutis
1826 1765 2009 1826 sacris
2054 1765 2254 1825 decre-

228 1853 398 1912 verit.

159 1927 292 2052 f
360 1885 677 2010 Quaestori
715 1935 961 1996 ulterior
1005 1935 1286 2015 Hispania
1333 1934 1604 2005 obvenit3
1662 1935 1758 1995 ubi
1810 1955 1937 1996 cum
1990 1937 2310 1997 mandatu?

232 2020 349 2079 PR.
395 2021 520 2078 iure
575 2019 825 2080 dicundo
887 2030 1208 2080 conventus
1251 2020 1581 2080 circumiret
1627 2019 1921 2100 Gadisque
1973 2022 2255 2098 venisset,

162 2127 216 2167 ιο
236 2103 638 2163 animadversa
665 2103 816 2182 apud
837 2103 1108 2164 Herculis
1129 2104 1404 2202 templum
1419 2103 1617 2180 Magni
1636 2103 1999 2164 Alexandri
1983 2106 2254 2182 imagine,

233 2189 516 2264 ingemuit
547 2196 604 2247 et
640 2191 806 2266 quasi
840 2198 1147 2267 pertaesus
1192 2188 1480 2268 ignaviam
1512 2206 1710 2264 suam,
1758 2187 1913 2266 quod
1956 2188 2093 2247 nihil
2124 2188 2255 2248 dum

233 2290 267 2331 a
305 2289 372 2330 se
402 2271 784 2332 memorabile
827 2282 1014 2332 actum
1047 2281 1205 2331 esset
1245 2273 1304 2331 in
1340 2280 1563 2348 aetate,
1614 2289 1724 2350 qua
1774 2274 1884 2330 iarn
1918 2270 2258 2332 Alexander

235 2355 440 2416 orbem
468 2365 752 2416 terrarum
795 2356 1158 2454 subegisset,
1205 2357 1541 2416 missionem
1573 2356 1845 2416 continuo
1890 2355 2255 2433 efflagitavit,

236 2438 305 2499 ad
347 2439 666 2520 captandas
717 2458 888 2519 quam
941 2442 1180 2518 primum
1233 2442 1512 2501 maiorum
1556 2458 1749 2500 rerum
1798 2440 2145 2499 occasiones
2199 2441 2257 2498 in

161 2540 214 2580 25
234 2512 402 2583 urbe.
474 2522 660 2583 Etiam
706 2525 1007 2584 confusum
1052 2543 1182 2584 eum
1224 2527 1450 2584 somnio
1496 2517 1797 2603 proximae
1842 2527 2031 2584 noctis
2094 2525 2255 2604 (nam

7 2589 33 2690 P!
237 2610 394 2667 v-isus
443 2616 567 2667 erat
610 2626 717 2687 per
765 2611 1018 2707 quietem
1061 2617 1320 2686 stuprum
1372 2612 1537 2669 matri
1584 2608 1879 2686 intulisse)
1923 2609 2255 2669 coiectores

235 2691 307 2752 ad
337 2691 748 2770 amplissimam
791 2711 955 2772 spem
999 2694 1413 2770 incitaverunt,
1450 2693 1745 2752 arbitrium
1775 2702 2059 2752 terrarum
2094 2692 2255 2752 orbis

235 2775 510 2855 portendi
542 2777 1024 2855 interpretanteS,
1061 2777 1291 2855 quando
1323 2786 1543 2853 mater,
1596 2794 1765 2854 quam
1796 2776 2110 2835 subiectam
2144 2776 2255 2835 sibi

233 2859 508 2936 vidisset,
540 2877 657 2919 non
685 2861 797 2921 alia
831 2870 991 2920 esset
1021 2879 1188 2940 quam
1219 2870 1410 2937 terra,
1445 2878 1593 2938 quae
1628 2861 1877 2920 omnium
1910 2877 2125 2938 parens
2156 2859 2252 2920 ha-

161 2927 216 2996 ἑο
234 2942 493 3004 beretur.
543 2943 856 3004 Decedens
883 2961 1030 3022 ergo
1063 2955 1194 3005 ante
1224 2954 1454 3024 tempus
1488 2945 1750 3007 colonias
1782 2939 2011 3003 Latinas
2042 2943 2114 3002 de
2148 2962 2249 3022 pe·
2274 2965 2310 3018 3

231 3028 410 3088 tenda
455 3028 690 3088 civitate
735 3032 1026 3106 agitantes
1057 3030 1226 3105 adiit,
1275 3038 1332 3088 et
1376 3029 1447 3088 ad
1483 3028 1807 3090 audendum
1851 3027 2069 3105 aliquid
2114 3045 2253 3088 con-

233 3114 505 3189 citasset,
555 3113 666 3172 nisi
697 3114 973 3174 consules
1008 3115 1373 3193 conscriptas
1419 3114 1477 3172 in
1507 3112 1766 3176 Ciliciam
1809 3111 2080 3188 legiones
2116 3129 2253 3190 pau-

229 3194 272 3254 li
307 3213 418 3274 per
454 3195 530 3256 ob
561 3194 620 3256 id
650 3198 838 3275 ipsum
861 3198 1249 3258 retinuissent.

47 3349 68 3356 ⁵
356 3277 488 3340 Nec
523 3297 597 3341 eo
623 3284 816 3342 secius
846 3282 1064 3341 maiora
1095 3298 1234 3341 mox
1263 3282 1320 3341 in
1353 3281 1495 3341 urbe
1528 3281 1761 3342 molitus
1790 3289 1914 3340 est.·
1958 3279 2252 3359 Siquidem
2277 3299 2313 3354 9

157 3375 216 3418 35
235 3371 367 3423 ante
393 3381 617 3442 paucos
642 3365 768 3426 dies
796 3383 966 3444 quam
991 3366 1342 3426 aedilitatem
1372 3367 1569 3442 iniret,
1596 3367 1832 3426 venitin
1858 3367 2253 3444 suspicionem

236 3448 613 3535 conspirasse
661 3468 787 3510 cum
820 3450 1022 3510 Marco
1055 3442 1273 3510 Crasso
1308 3449 1631 3527 consulari,
1678 3451 1813 3511 item
1847 3449 2053 3510 Publio
2092 3448 2255 3509 Sulla

234 3537 294 3589 et
315 3529 378 3589 L.
394 3514 683 3594 Autronio
710 3543 846 3614 post
870 3533 1332 3610 designationem
1359 3535 1695 3595 consulatus
1715 3533 1960 3594 ambitus
1984 3532 2253 3594 condem-

231 3614 414 3693 natis,
462 3627 522 3676 ut
569 3617 860 3697 principio
907 3619 1036 3676 anni
1086 3627 1346 3678 senatum
1398 3616 1801 3696 adorirentur,
1857 3627 1915 3678 et
1956 3615 2257 3678 trucidatis
