2700 4234
1072 355 1416 405 armemus.
2082 421 2090 426 .
2172 347 2252 410 93

247 525 385 584 ergo
417 505 557 568 Gaio
586 517 899 568 revocatus
927 519 1037 588 est,
1074 529 1274 570 verum
1303 511 1408 572 sub
1443 511 1776 574 conditione
1807 532 1882 574 ne
1917 532 2086 594 quam
2117 533 2246 595 par-

242 599 351 650 tem
388 609 656 651 curamve
686 593 774 651 rei
807 610 864 671 p.
898 595 1230 672 attingeret.

357 674 550 736 Rediit
577 684 787 736 octavo
818 686 955 756 post
984 696 1284 752 secessum
1314 696 1484 756 annu,
1507 697 1715 757 magna
1741 700 1852 741 nec
1883 684 2106 744 incerta
2138 701 2246 762 spe
2264 699 2332 752 14

234 759 580 836 futurorum,
612 777 779 838 quam
811 769 870 820 et
898 763 1141 822 ostentis
1175 769 1235 820 et
1264 762 1756 841 praedictionibus
1785 765 1858 825 ab
1891 766 2054 827 initio
2088 776 2242 828 aeta-

188 864 212 904 τ»
237 845 306 904 tis
336 853 710 924 conceperat.

353 928 689 1005 Praegnans
718 930 867 989 enim
894 929 1053 990 Livia
1083 948 1230 1006 cum,
1257 947 1328 990 an
1360 948 1572 990 marem
1599 931 1818 993 editura
1849 942 2028 1011 esset,
2065 936 2242 996 variis

236 1020 493 1091 captaret
522 1011 838 1090 ominibus,
876 1031 1047 1075 ovum
1080 1013 1372 1074 incubanti
1411 1014 1666 1092 gallinae
1708 1016 2048 1077 subductum
2089 1037 2242 1078 nunc

234 1114 333 1156 sua
363 1113 515 1156 nunc
544 1096 925 1158 ministrarum
954 1115 1120 1158 manu
1150 1117 1259 1178 per
1290 1101 1456 1159 vices
1486 1117 1670 1178 usque
1701 1100 1868 1178 fovit,
1900 1101 2088 1180 quoad
2117 1103 2241 1182 pul-

232 1179 321 1240 lus
358 1181 658 1258 insigniter
705 1183 973 1242 cristatus
1014 1182 1287 1242 exclusus
1326 1191 1434 1242 est.
1522 1183 1614 1243 Ac
1649 1183 1719 1244 de
1757 1185 1972 1245 infante
2003 1185 2238 1248 Scribo-

167 1279 215 1321 ιο
236 1264 359 1323 nius
409 1262 841 1325 mathematicus
890 1266 1195 1344 praeclara
1239 1267 1590 1346 spopondit,
1655 1269 1826 1328 etiam
1872 1278 2242 1344 regnaturum

232 1348 591 1427 quandoque,
625 1348 730 1408 sed
759 1351 882 1409 sine
907 1352 1075 1427 regio
1109 1351 1359 1429 insigni,
1390 1353 1588 1429 ignota
1625 1353 1855 1412 scilicet
1887 1362 2021 1413 tunc
2051 1353 2238 1415 adhuc

232 1429 547 1492 Caesarum
592 1441 907 1511 potestate.
994 1433 1071 1494 Et
1113 1435 1383 1511 ingresso
1432 1437 1667 1514 primam
1710 1436 2140 1515 expeditionem
2170 1457 2240 1499 ac

228 1534 334 1594 per
360 1514 759 1577 Macedoniam
787 1517 1033 1579 ducente
1066 1519 1384 1579 exercitum
1407 1520 1466 1578 in
1490 1519 1733 1596 Syriam,
1760 1522 1972 1582 accidit
1994 1531 2054 1582 ιιι
2083 1521 2235 1601 apud

228 1599 529 1680 Philippos
561 1609 823 1661 sacratae
850 1601 987 1663 olim
1017 1601 1339 1662 victricium
1364 1603 1660 1679 legionum
1679 1621 1815 1664 arae
1847 1615 2056 1684 sponte
2087 1605 2238 1665 subi-

166 1698 211 1740 15
225 1685 298 1744 tis
330 1685 708 1744 conlucerent
740 1685 999 1763 ignibus;
1048 1693 1107 1744 et
1138 1703 1299 1764 mox,
1353 1703 1478 1746 cum
1506 1687 1800 1762 Illyricum
1819 1693 2044 1767 'petens
2074 1691 2233 1750 iuxta

226 1768 523 1828 Patavium
558 1767 773 1828 adisset
796 1769 1080 1844 Geryonis
1112 1769 1432 1847 oraculum,
1463 1780 1624 1830 sorte
1647 1781 1863 1849 tracta,
1899 1791 2010 1851 qua
2041 1789 2236 1834 mone-

226 1852 386 1912 batur
414 1862 477 1912 ιιι
514 1851 585 1912 de
617 1853 1130 1913 consultationibus
1165 1855 1219 1912 in
1251 1853 1448 1932 Aponi
1480 1854 1697 1915 fontem
1729 1856 1880 1916 talos
1912 1875 2126 1917 aureos
2155 1859 2235 1918 ia-

227 1946 408 2014 ceret,
448 1937 649 1996 evenit
689 1946 749 1997 ut
788 1955 1061 1997 summum
1098 1955 1392 1998 numerum
1426 1940 1560 1998 iacti
1603 1939 1784 2000 abeo
1822 1941 2232 2010 ostenderent:

225 2019 517 2099 hodieque
550 2020 655 2080 sub
685 2039 834 2100 aqna
864 2023 1123 2081 visuntur
1156 2021 1213 2080 hi
1247 2022 1367 2082 tali.
1458 2022 1610 2083 Ante
1643 2042 1862 2102 paucos
1894 2043 2036 2085 vero
2069 2043 2236 2104 quam
2333 2087 2338 2093 ,

164 2121 211 2161 20
227 2113 607 2166 revocaretur
641 2104 763 2165 dies
792 2105 1004 2184 aquila,
1053 2123 1354 2184 numquam
1384 2115 1552 2167 antea
1581 2107 1774 2168 Rhodi
1807 2117 2146 2188 conspecta,
2177 2111 2233 2168 in

228 2188 464 2248 culmine
505 2188 709 2248 domus
742 2191 864 2249 eius
896 2189 1141 2259 assedit;
1187 2197 1246 2249 et
1277 2188 1462 2269 pridie
1494 2209 1661 2270 quam
1691 2191 1762 2250 de
1795 2191 1981 2251 reditu
2013 2193 2232 2252 certior

224 2273 412 2351 fieret,
442 2277 791 2334 vestimenta
824 2275 1059 2334 mutanti
1090 2275 1281 2334 tunica
1312 2272 1523 2335 ardere
1552 2277 1677 2334 visa
1706 2284 1816 2334 est.
1865 2274 2230 2350 Thrasyllum

225 2373 448 2436 quoque
482 2357 977 2435 mathematicum,
1008 2376 1177 2437 quem
1212 2366 1275 2417 nt
1296 2359 1627 2436 sapientiae
1657 2359 2060 2437 professorem
2093 2377 2229 2418 con-

224 2439 483 2502 tubernio
524 2441 891 2518 admoverat,
934 2450 1049 2502 tum
1077 2444 1323 2502 maxime
1357 2448 1634 2520 expertus
1663 2450 1788 2518 est,
1835 2443 2228 2519 affirmantem,

162 2541 208 2582 25
224 2541 365 2584 nave
407 2527 649 2604 provisa
690 2526 953 2602 gaudium
998 2526 1221 2596 afferri;
1272 2543 1400 2585 cum
1442 2525 1670 2605 quidem
1703 2526 1896 2603 illum,
1941 2527 2135 2587 durius
2172 2536 2232 2586 et

227 2616 422 2669 contra
468 2610 767 2688 praedicta
810 2608 1147 2670 cadentibus
1190 2609 1398 2686 rebus,
1447 2618 1507 2669 ut
1539 2609 1749 2671 falsum
1779 2621 1838 2671 et
1869 2620 2231 2672 secretorum

225 2699 437 2751 temere
470 2694 787 2770 conscium,
820 2712 893 2755 eo
923 2696 1055 2772 ipso
1086 2702 1397 2770 momento,
1431 2692 1561 2752 dum
1591 2697 1873 2772 spatiatur
1895 2713 2022 2772 una,
2054 2713 2222 2774 prae-

232 2774 463 2852 cipitare
492 2779 551 2836 in
582 2796 739 2837 mare
768 2776 1133 2838 destinasset.

342 2859 577 2921 Romam
605 2879 909 2938 reversus,
948 2861 1197 2921 deducto
1228 2863 1286 2920 in
1324 2861 1513 2922 forum
1544 2862 1662 2922 filio
1698 2861 1923 2937 Druso,
1970 2861 2158 2920 statim
2187 2879 2220 2920 e
2247 2877 2311 2927 15

165 2944 214 2986 ³0
240 2939 452 3003 Carinis
496 2963 567 3005 ac
596 2945 945 3024 Pompeiana
990 2945 1161 3005 domo
1189 2943 1484 3024 Esquilias
1517 2948 1574 3004 in
1609 2946 1812 3006 hortos
1841 2944 2226 3006 Maecenatia-

228 3043 333 3086 nos
375 3031 799 3107 transmigravit
838 3039 1135 3108 totumque
1178 3047 1245 3088 se
1289 3027 1361 3089 ad
1404 3032 1656 3109 quietem
1687 3029 1955 3105 contulit,
2005 3030 2227 3107 privata

228 3109 396 3170 modo
428 3113 625 3174 officia
657 3113 864 3174 obiens
896 3131 967 3173 ac
992 3113 1356 3192 publicorum
1388 3131 1682 3174 munerum
1712 3131 1947 3194 expers.

348 3193 489 3254 Gaio
534 3207 593 3257 et
632 3197 811 3257 Lucio
857 3198 1005 3259 intra
1046 3199 1349 3257 triennium
1403 3197 1725 3275 defunctis,
1787 3198 2094 3277 adoptatur
2151 3195 2222 3256 ab

233 3274 489 3354 Augusto
535 3281 701 3340 simul
741 3299 867 3342 cum
897 3282 1076 3341 fratre
1106 3298 1307 3342 eorum
1336 3281 1412 3342 Μ.
1446 3281 1747 3362 Agrippa,
1796 3290 2034 3343 coactus
2065 3281 2225 3360 prius

167 3356 353 3436 ³⁵ipse
383 3361 779 3425 Germanicum
818 3366 1014 3446 fratris
1053 3367 1141 3425 sui
1183 3365 1370 3426 filium·
1403 3366 1701 3445 adoptare.
1765 3366 1893 3426 Nec
1925 3367 2226 3445 quicquam

234 3453 433 3518 postea
475 3466 583 3526 pro
634 3458 802 3528 patre
856 3449 1100 3510 familias
1144 3451 1265 3527 egit
1302 3458 1397 3510 aut
1437 3453 1560 3527 ius,
1599 3450 1754 3530 quod
1795 3453 2096 3525 amiserat,
2151 3467 2226 3507 ex

236 3607 603 3675 hereditatem
646 3616 877 3696 quidem
919 3626 1013 3678 aut
1055 3617 1251 3694 legata
1295 3619 1564 3698 percepit
1602 3617 1719 3679 ulla
1764 3618 1932 3678 aliter
1964 3634 2134 3696 quam
2165 3623 2226 3673 ut

2335 3392 2462 3453 νῆ

2336 3425 2420 3450 ἰ

2279 3507 2285 3515 ,
2345 3453 2472 3530 iis

232 3525 342 3586 ulla
374 3540 539 3607 parte
569 3535 819 3593 retinuit.
879 3533 1023 3594 Nam
1054 3551 1245 3612 neque
1276 3532 1512 3594 donavit
1543 3552 1732 3613 neque
1760 3536 2112 3608 manumisit,
2148 3549 2223 3592 ne
2276 3528 2296 3572 ³
