2700 4234
18 35 36 224 s

19 329 26 496 l

814 276 1025 325 mvus
1050 274 1548 325 vnsPAsunus.
2068 259 2191 322 229

207 447 370 498 trema
399 433 787 496 obtestatione
818 432 1097 492 ultionem
1127 430 1448 492 mandantis
1481 437 1539 490 et
1569 437 1631 488 ut
1658 429 1745 489 rei
1770 447 1828 508 p.
1855 427 2195 490 subveniret

206 521 479 600 optantis:
520 517 690 578 simul
720 533 917 576 rumor
946 515 1291 595 dissipatus,
1330 513 1660 574 destinasse
1691 513 1976 573 victorem
2007 512 2191 574 Vitel-

203 606 325 666 lium
351 611 682 682 permutare
722 600 963 660 hiberna
1005 599 1303 678 legionum
1349 607 1410 659 et
1451 598 1826 659 Germanicas
1872 598 2192 659 transferre

200 691 254 750 in
274 688 563 750 Orientem
588 685 661 746 ad
686 685 1047 746 securiorem
1074 682 1522 761 mollioremque
1545 681 1819 742 militiam.
1878 681 2194 742 Praeterea

157 789 181 829 5
203 793 272 834 ex
299 769 663 853 praesidibus
692 769 1129 848 provinciarum
1159 766 1412 827 Licinius
1439 765 1738 827 Mucianus
1785 773 1843 824 et
1887 783 1922 824 e
1951 765 2194 842 regibus

200 857 565 935 Vologaesus
593 853 862 929 Parthus,
895 851 996 911 ille
1030 850 1299 930 deposita
1338 850 1648 924 simultate,
1686 867 1856 928 quam
1879 851 1938 908 in
1965 851 2024 910 id
2047 859 2190 910 tem-

201 961 301 1022 pus
327 959 403 1001 ex
430 937 817 1000 aemulatione
848 953 965 996 non
997 935 1250 996 obscure
1291 933 1558 1012 gerebat,
1591 933 1892 1008 Syriacum
1929 935 2196 1012 promisit

202 1024 541 1100 exercitum,
586 1021 683 1081 hic
734 1017 1118 1099 quadraginta
1160 1018 1317 1078 milia
1363 1017 1818 1096 sagittariorum.
1905 1018 2197 1098 Suscepto
2218 1024 2251 1080 7

199 1111 363 1187 igitur
390 1107 550 1166 civili
581 1105 743 1166 bello
774 1122 847 1164 ac
881 1101 1121 1162 ducibus
1160 1103 1468 1180 copiisque
1496 1102 1554 1161 in
1585 1099 1807 1162 Italiam
1833 1103 2192 1180 praemissis,

133 1205 182 1247 10
200 1194 417 1254 interim
449 1188 865 1251 Alexandriam
892 1187 1152 1264 transiit,
1183 1195 1246 1247 ut
1275 1186 1525 1246 claustra
1567 1185 1826 1264 Aegypti
1880 1189 2191 1265 optineret.

196 1277 302 1338 Hic
334 1293 463 1335 cum
496 1273 571 1333 de
608 1274 875 1333 firmitate
903 1271 1131 1350 imperii
1156 1279 1432 1349 capturus
1455 1270 1773 1348 auspicium
1796 1269 2001 1330 aedem
2025 1271 2192 1330 Sera-

200 1360 343 1440 pidis
372 1358 672 1419 summotis
704 1355 971 1416 omnibus
1000 1355 1165 1416 solus
1193 1356 1488 1431 intrasset,
1522 1369 1594 1414 ac
1623 1355 1936 1432 propitiato
1961 1355 2196 1414 multum

200 1445 308 1506 deo
342 1442 573 1505 tandem
603 1459 669 1501 se
704 1440 1130 1517 convertisset,
1176 1437 1470 1498 verbenas
1515 1453 1885 1516 coronasque
1934 1447 1993 1498 et
2035 1439 2193 1518 pani-

198 1529 361 1605 ficia,
406 1535 469 1587 ut
506 1525 629 1586 illic
674 1524 929 1600 assolet,
981 1521 1269 1584 Basilides
1312 1519 1558 1581 libertus
1600 1520 1884 1581 obtulisse
1934 1523 1989 1581 ei
2037 1524 2198 1582 visus

131 1625 180 1666 ιε
201 1621 317 1681 est;
349 1627 521 1688 quem
549 1627 741 1688 neque
774 1607 1084 1668 admissum
1108 1625 1141 1667 a
1169 1622 1461 1685 quoquam
1485 1614 1544 1665 et
1565 1606 1677 1664 iam
1703 1605 1928 1684 pridem
1953 1614 2199 1686 propter

196 1710 507 1754 nervorum
537 1691 907 1752 valitudinem
930 1692 1030 1750 vix
1059 1689 1287 1768 ing-redi
1311 1690 1608 1768 longeque
1633 1688 1846 1749 abesse
1871 1689 2196 1751 constabat.

198 1777 289 1839 Ac
332 1779 517 1837 statim
564 1775 857 1837 advenere
898 1774 1160 1852 litterae,
1210 1773 1372 1833 fusas
1419 1772 1572 1853 apud
1618 1771 1964 1834 Cremonam
1993 1773 2197 1834 Vitelli

202 1861 426 1940 copias,
458 1861 649 1939 ipsum
678 1861 735 1919 in
766 1859 910 1920 urbe
946 1862 1350 1938 interemptum
1379 1859 1723 1940 nuntiantes.
2119 1925 2126 1932 .

319 1945 658 2004 Auctoritas
708 1951 767 2003 et
815 1944 981 2021 quasi
1019 1943 1293 2003 maiestas
1338 1941 1623 2022 quaedam
1654 1951 1712 2002 ut
1743 1942 1974 2002 scilicet
2012 1941 2197 2022 inopi-

125 2038 334 2091 wnato
370 2037 429 2089 et
460 2027 646 2089 adhuc
684 2044 841 2087 novo
880 2029 1131 2106 principi
1176 2025 1410 2096 deerat;
1451 2025 1599 2086 haec
1645 2043 1878 2105 quoque
1923 2028 2195 2086 accessit.

194 2113 245 2176 E
277 2111 452 2194 plebe
480 2111 711 2191 quidam
740 2110 1047 2171 luminibus
1081 2109 1342 2188 orbatus,
1378 2111 1516 2169 item
1539 2108 1688 2170 alius
1712 2109 1888 2171 debili
1914 2129 2082 2170 crure
2106 2128 2198 2170 se:-

196 2199 427 2258 dentem
454 2212 565 2275 pro
596 2194 869 2256 tribunali
901 2197 1124 2274 pariter
1154 2194 1447 2271 adierunt,
1494 2203 1730 2262 orantes
1775 2211 1949 2273 opem
1991 2194 2194 2255 valitu-

194 2283 313 2344 dini
342 2281 792 2341 demonstratam
813 2297 846 2340 a
880 2277 1165 2358 Serapide
1197 2296 1305 2359 per
1330 2278 1611 2357 quietem:
1640 2280 2033 2339 restituturum
2058 2296 2195 2339 ocu-

192 2367 324 2442 los,
356 2366 406 2424 si
433 2364 778 2443 inspuisset;
824 2364 1287 2423 confirmaturum
1334 2379 1510 2438 crus,
1557 2363 1606 2422 si
1651 2363 1985 2440 dignaretur
2030 2361 2197 2423 calce

115 2472 173 2514 25
198 2449 565 2525 contingere.
654 2444 799 2507 Cum
842 2447 945 2506 vix
985 2445 1130 2507 fides
1171 2454 1336 2506 esset
1375 2445 1494 2506 ullo
1535 2447 1707 2506 modo
1739 2465 1862 2506 rem
1891 2465 2195 2509 successu·-

191 2551 338 2609 ram,
369 2531 624 2610 ideoque
654 2549 729 2592 ne
760 2532 1015 2610 experiri
1048 2531 1278 2610 quidem
1308 2528 1581 2608 auderet,
1619 2540 1883 2594 extremo
1920 2532 2196 2593 hortanti-

190 2618 307 2678 bus
334 2616 535 2676 amicis
562 2616 755 2696 palam
780 2633 887 2695 pro
914 2616 1189 2698 contione
1210 2623 1514 2695 utrumque
1536 2617 1857 2695 temptavit,
1882 2635 1998 2677 nec
2023 2635 2197 2682 even-

189 2710 289 2762 tus
325 2699 528 2760 defuit.
586 2700 700 2760 Per
727 2698 879 2760 idem
908 2707 1136 2779 tempus
1165 2698 1404 2777 Tegeae
1435 2701 1493 2758 in
1525 2699 1781 2760 Arcadia
1807 2701 2078 2761 instinctu
2100 2719 2197 2761 va-

192 2785 551 2845 ticinantium
580 2784 799 2844 effossa
832 2791 964 2842 sunt
994 2793 1225 2844 sacrato
1258 2784 1396 2844 loco
1425 2801 1568 2844 vasa
1599 2785 1800 2863 operis
1828 2785 2078 2864 antiqui,
2119 2794 2198 2844 at·

110 2885 171 2928 ao
193 2886 316 2949 que
346 2868 499 2930 iniis
530 2867 801 2929 assimilis
832 2867 1203 2948 Vespasiano
1236 2870 1453 2946 imago.

327 2952 487 3013 Talis
514 2962 789 3031 tantaque
820 2969 948 3012 cum
978 2951 1129 3012 fama
1160 2952 1215 3012 in
1239 2952 1444 3012 urbem
1467 2971 1779 3029 reversus,
1831 2959 1962 3013 acto
2006 2951 2080 3012 de
2107 2951 2196 3012 Iu·
2218 2967 2256 3022 0

188 3037 360 3098 daeis
402 3036 719 3117 triumplm,
765 3035 1100 3096 consulatus
1143 3045 1282 3096 octo
1330 3038 1517 3097 veteri
1557 3035 1796 3107 addidit;
1839 3038 2102 3117 suscepit
2141 3045 2200 3096 et

190 3139 525 3199 censuram,
562 3138 635 3181 ac
666 3137 775 3199 per
802 3125 985 3180 totum
1012 3120 1238 3199 imperii
1268 3129 1498 3200 tempus
1527 3121 1669 3182 nihil
1692 3120 1889 3182 habuit
1913 3121 2198 3201 antiquius

189 3223 371 3285 quam
415 3223 605 3285 prope
652 3203 923 3264 afflictam
963 3213 1372 3284 nutantemque
1403 3223 1527 3265 rem
1567 3224 1623 3284 p.
1666 3204 1928 3266 stabilire
1989 3207 2198 3287 primo,

103 3310 163 3352 ss
188 3287 411 3350 deinde
442 3297 503 3349 et
530 3305 762 3348 ornare.

323 3369 543 3433 Milites
572 3389 709 3451 pars
739 3371 1027 3432 victoriae
1060 3372 1289 3449 fiducia,
1322 3390 1460 3451 pars
1492 3373 1844 3451 ignominiae
1888 3376 2095 3437 dolore
2129 3375 2201 3436 ad

183 3473 429 3517 omnem
456 3455 749 3517 licentiam
780 3455 1191 3536 audaciamque
1218 3468 1667 3536 processerant3
1713 3458 1820 3519 sed
1869 3467 1928 3520 et
1966 3462 2198 3539 provin-

184 3541 331 3601 ciae
362 3540 748 3620 civitatesque
772 3539 1029 3619 liberae,
1058 3558 1171 3601 nec
1200 3558 1319 3602 non
1359 3549 1418 3601 et
1459 3559 1644 3620 regna
1684 3543 1965 3622 quaedam
1999 3541 2198 3602 tumul-
