2700 4234
1048 291 1394 340 Tmnmus,
2105 283 2222 343 115

224 463 374 526 pene
412 447 749 524 occipitium
799 447 1191 508 summissiore
1233 453 1295 506 ut
1342 447 1633 506 cervicem
1671 446 1841 506 etiam
1895 446 2224 526 obtegeret,

226 530 374 610 quod
406 529 629 607 gentile
666 531 725 590 in
761 529 864 591 illo
908 529 1241 598 videbatur;
1288 531 1442 589 facie
1481 529 1748 606 honesta,
1794 532 1853 589 in
1889 549 2002 609 qua
2035 539 2228 592 tamen

225 613 411 674 crebri
454 622 514 673 et
556 613 729 674 subiti
779 623 1073 691 tumores,
1120 632 1246 674 cum
1292 612 1752 692 praegrandibus
1784 609 1972 674 o'culis
2008 624 2067 674 et
2107 617 2224 694 qui,

220 697 372 777 quod
413 699 616 757 mirum
662 707 842 775 esset,
870 707 1066 761 ,noctu
1112 700 1282 758 etiam
1326 707 1388 757 et
1417 697 1766 758 intenebris
1795 697 2082 775 viderent,
2121 698 2228 759 sed

176 795 200 836 t
220 781 287 842 ad
328 782 515 841 breve
560 789 620 840 et
665 799 793 842 cum
833 783 1075 861 primum
1116 801 1149 842 a
1196 799 1402 842 somno
1450 784 1800 860 patuissent;
1849 782 2058 842 deinde
2101 802 2224 842 rur·

216 884 335 926 sum
382 863 801 926 hebescebant.
865 864 1187 926 Incedebat
1232 867 1470 926 cervice
1514 865 1700 943 rigida
1750 875 1810 925 et
1841 864 2090 944 obstipa,
2129 866 2224 926 ad·

215 950 387 1010 dueto
446 949 577 1008 fere
631 949 822 1026 vultu,
878 949 1221 1028 plerumque
1276 949 1522 1026 tacitus,
1579 949 1743 1010 nullo
1787 958 1886 1009 aut
1928 950 2226 1010 rarissimo

214 1035 383 1094 etiam
450 1049 579 1092 cum
634 1034 915 1112 proximis
960 1051 1231 1094 sermone
1288 1050 1482 1111 eoque
1529 1033 1888 1110 tardissime,
1933 1052 2048 1094 nec
2099 1036 2226 1094 sine

211 1117 375 1178 molli
414 1116 659 1194 quadam
704 1114 1015 1194 digitorum
1050 1117 1520 1195 gesticulatione.
1580 1119 1744 1193 Quae
1781 1120 1966 1178 omnia
2001 1119 2225 1196 ingrata

152 1217 197 1259 ιο
213 1211 387 1280 atque
430 1202 801 1277 arrogantiae
847 1200 1020 1280 plena
1066 1211 1123 1260 et
1168 1199 1568 1262 animadvertit
1606 1201 1906 1279 Augustus
1946 1203 2003 1260 in
2048 1217 2122 1261 eo
2169 1209 2227 1261 et

213 1301 500 1346 excusare
542 1285 841 1362 temptavit
886 1303 1067 1364 saepe
1114 1285 1265 1364 apud
1311 1293 1572 1345 senatum
1616 1303 1688 1345 ac
1727 1286 2034 1364 populum,
2090 1302 2224 1364 pro·

209 1369 407 1429 fessus
451 1375 688 1428 naturae
736 1369 871 1428 vitia
914 1386 1083 1447 esse,
1147 1387 1265 1428 non
1308 1370 1498 1430 animi.
1567 1369 1899 1430 valitudine
1945 1386 2223 1448 prosper·

208 1455 349 1513 rima
410 1469 551 1510 usus
608 1460 699 1510 est
719 1497 737 1529 ,
792 1460 1059 1530 tempore
1122 1452 1354 1530 quidem
1411 1453 1774 1532 principatus
1843 1471 2034 1532 paene
2099 1461 2224 1512 toto

211 1551 400 1615 prope
456 1534 711 1612 inlaesa,
772 1537 1035 1614 quamvis
1076 1555 1111 1596 a
1155 1537 1454 1597 tricesimo
1505 1538 1712 1597 aetatis
1753 1555 1905 1597 anno
1949 1536 2225 1597 arbitratu

146 1637 337 1683 uveam
384 1636 492 1680 suo
539 1620 761 1679 rexerit
806 1620 931 1679 sine
977 1619 1306 1681 adiumento
1350 1620 1678 1681 consiliove
1717 1620 2096 1681 medicorum.

332 1701 507 1764 Circa
551 1701 698 1764 deos
742 1721 813 1765 ac
855 1703 1177 1782 religiones
1220 1703 1652 1782 neglegentior,
1701 1705 1918 1783 quippe
1964 1703 2224 1764 addictus
2241 1721 2310 1777 69

208 1786 648 1847 mathematicae
695 1787 1017 1866 plenusque
1065 1789 1492 1866 persuasionis,
1540 1797 1746 1848 cuneta
1788 1787 1911 1848 fato
1945 1788 2063 1865 agi.
2111 1787 2223 1847 To-

2327 743 2368 850 ’ἐ-

206 1873 394 1930 niti-ua
457 1879 647 1930 tamen
715 1879 951 1950 praeter
1004 1870 1233 1932 modum
1296 1871 1738 1951 expavescebat
1793 1880 1852 1931 et
1906 1871 2264 1972 turbatiore*
2336 1900 2346 1910 -

210 1953 383 2014 caelo
416 1971 721 2032 numquam
763 1972 879 2015 non
924 1972 1199 2016 coronam
1236 1956 1496 2017 lauream
1529 1957 1722 2034 capite
1757 1956 2030 2034 gestavit,
2071 1973 2147 2034 qu

144 2049 194 2090 20
208 2037 455 2098 fulmine
496 2036 679 2098 afflari
722 2048 971 2116 negetur
1012 2039 1069 2100 id
1112 2058 1301 2117 genus
1344 2037 1589 2099 frondis.
2151 1953 2268 2091 ου

325 2121 509 2182 Artes
573 2121 851 2182 liberales
894 2123 1191 2203 utriusque
1244 2125 1483 2201 generis
1539 2123 1965 2198 studiosissime
2023 2123 2221 2184 coluit·
2239 2131 2312 2188 70

206 2206 268 2265 In
322 2205 591 2267 oratione
634 2205 831 2266 Latina
886 2217 1121 2268 secutus
1164 2217 1254 2268 est
1290 2206 1602 2267 Corvinum
1643 2207 1988 2283 Messalam,
2052 2225 2224 2285 quem

209 2307 407 2350 senem
454 2287 810 2350 adulescens
848 2291 1210 2352 observarat.
1273 2291 1394 2352 Sed
1435 2290 1831 2351 adfectatione
1876 2299 1935 2350 et
1977 2292 2222 2351 morosi-

209 2383 325 2434 tate
354 2374 531 2434 nimia
568 2372 921 2436 obscurabat
956 2374 1167 2452 stilum,
1209 2384 1269 2434 ut
1307 2375 1602 2453 aliquanto
1641 2392 1716 2450 ex
1751 2383 2018 2452 tempore
2051 2381 2249 2452 quam*

140 2475 189 2517 κε
210 2475 242 2516 a
300 2475 439 2518 eura
492 2459 882 2537 praestantior
922 2459 1251 2520 haberetur.
1314 2458 1659 2537 Composuit
1707 2467 1766 2518 et
1811 2475 2042 2517 carmen
2087 2457 2222 2533 lyri-

212 2558 371 2619 cum,
429 2543 598 2600 cuius
640 2551 731 2602 est
773 2542 969 2602 titulus
1018 2541 1390 2622 Conquestio
1429 2542 1508 2603 de
1545 2548 1742 2604 morte
1778 2540 1850 2602 L.
1897 2540 2218 2606 Caesaris.

207 2623 374 2686 Fecit
409 2634 469 2686 et
504 2623 730 2686 Graeca
775 2635 1041 2706 poemata
1086 2627 1335 2688 imitatus
1370 2625 1809 2707 Euphorionem
1848 2634 1910 2686 et
1940 2625 2222 2688 Rhianum

210 2718 269 2768 et
313 2707 713 2785 Parthenium,
758 2710 969 2789 quibus
1012 2712 1207 2789 poetis
1249 2711 1554 2772 admodum
1599 2710 1956 2786 delectatus,
2003 2712 2222 2790 scripta

212 2792 459 2852 omnium
520 2800 579 2852 et
637 2795 919 2871 imagines
976 2793 1227 2871 publicis
1272 2794 1648 2856 bibliothecis
1693 2796 1844 2854 inter
1883 2802 2119 2854 veteres
2164 2801 2224 2852 et

142 2877 568 2954 ”praecipuos
612 2887 889 2938 auctores
933 2877 1239 2955 dedicavit,
1286 2888 1344 2939 et
1391 2878 1468 2940 ob
1513 2879 1628 2938 hoc
1673 2877 1942 2957 plerique
1971 2876 2221 2937 erudito·

209 2976 333 3018 rum
366 2963 627 3021 certati-m
654 2961 731 3022 ad
775 2981 905 3023 eum
942 2962 1117 3023 multa
1154 2963 1225 3023 de
1256 2963 1347 3024 his
1382 2961 1700 3023 ediderunt.
1752 2961 1998 3023 Maxime
2029 2969 2221 3020 tamen

210 3043 435 3104 curavit
477 3047 735 3106 notitiam
782 3046 1061 3107 historiae
1103 3046 1382 3108 fabularis
1425 3065 1612 3125 usque
1657 3046 1729 3106 ad
1761 3044 2014 3123 ineptias
2049 3053 2220 3122 atque

208 3125 497 3196 derisum;
542 3147 673 3190 nam
718 3139 777 3190 et
822 3131 1266 3209 grammaticos,
1314 3131 1470 3209 quod
1513 3148 1702 3206 genus
1734 3129 2023 3190 hominum
2053 3145 2220 3206 prae-

210 3212 403 3288 cipue,
448 3220 515 3272 ut
554 3213 821 3292 diximus,
866 3214 1200 3293 appetebat,
1245 3215 1372 3274 eius
1411 3213 1568 3274 modi
1611 3215 1740 3275 fere
1787 3210 2223 3291 quaestionibus

144 3308 195 3349 35
213 3294 659 3374 experiebatur,
716 3315 878 3377 qnae
918 3304 1117 3358 mater
1161 3296 1490 3374 Hecubae,
1525 3294 1704 3377 'quod
1743 3295 1974 3359 Achiui
2005 3313 2224 3357 nomen

211 3375 369 3437 inter
406 3378 685 3458 viraines
724 3381 952 3459 fuisset
966 3425 985 3459 ,
1030 3380 1182 3461 quid
1204 3381 1462 3444 Sirenes
1489 3388 1747 3443 cantare
1787 3381 1914 3442 sim
1953 3381 2222 3442 solitae?

208 3457 286 3519 Et
330 3479 445 3539 quo
497 3465 737 3541 primum
778 3465 871 3527 die
909 3474 1045 3546 post
1088 3483 1396 3526 excessum
1422 3465 1671 3543 Augusti
1717 3467 1931 3526 euriam
1973 3464 2220 3537 intravit,

212 3545 377 3621 quasi
451 3546 655 3624 pietati
729 3551 896 3610 simul
956 3567 1029 3610 ac
1095 3549 1371 3627 religioni
1436 3550 1576 3610 satis
1641 3549 1930 3692 factmgig,
2013 3546 2222 3608 Minois
