<?xml version="1.0" encoding="UTF-8"?>
<!DOCTYPE html PUBLIC "-//W3C//DTD XHTML 1.0 Transitional//EN"
    "http://www.w3.org/TR/xhtml1/DTD/xhtml1-transitional.dtd">
<html xmlns="http://www.w3.org/1999/xhtml" xml:lang="en" lang="en">
 <head>
  <title>
</title>
<meta http-equiv="Content-Type" content="text/html;charset=utf-8" />
  <meta name='ocr-system' content='tesseract 3.04.00' />
  <meta name='ocr-capabilities' content='ocr_page ocr_carea ocr_par ocr_line ocrx_word'/>
</head>
<body>
  <div class='ocr_page' id='page_1' title='image "./csuetonitranqui05rothgoog_0317.png"; bbox 0 0 2700 4234; ppageno 0'>
   <div class='ocr_carea' id='block_1_1' title="bbox 1074 303 2216 366">
    <p class='ocr_par' dir='ltr' id='par_1_1' title="bbox 1074 303 2216 366">
     <span class='ocr_line' id='line_1_1' title="bbox 1074 303 2216 366; baseline 0.003 -4"><span class='ocrx_word' id='word_1_1' title='bbox 1074 315 1418 364; x_wconf 74' lang='lat' dir='ltr'>GALBA.</span> <span class='ocrx_word' id='word_1_2' title='bbox 2097 303 2216 366; x_wconf 87' lang='lat'><strong>207</strong></span> 
     </span>
    </p>
   </div>
   <div class='ocr_carea' id='block_1_2' title="bbox 149 469 2327 3654">
    <p class='ocr_par' dir='ltr' id='par_1_2' title="bbox 222 469 2214 635">
     <span class='ocr_line' id='line_1_2' title="bbox 224 469 2214 549; baseline 0 -17"><span class='ocrx_word' id='word_1_3' title='bbox 224 471 424 532; x_wconf 85' lang='lat' dir='ltr'><strong>Salvio</strong></span> <span class='ocrx_word' id='word_1_4' title='bbox 464 469 677 530; x_wconf 82' lang='lat' dir='ltr'><strong>Othoni</strong></span> <span class='ocrx_word' id='word_1_5' title='bbox 719 469 985 548; x_wconf 87' lang='lat' dir='ltr'><strong>praebuit</strong></span> <span class='ocrx_word' id='word_1_6' title='bbox 1028 470 1368 549; x_wconf 84' lang='lat' dir='ltr'><strong>perficiendi</strong></span> <span class='ocrx_word' id='word_1_7' title='bbox 1413 479 1618 530; x_wconf 87' lang='lat' dir='ltr'><strong>conata</strong></span> <span class='ocrx_word' id='word_1_8' title='bbox 1650 472 1796 531; x_wconf 86' lang='lat' dir='ltr'><strong>intra</strong></span> <span class='ocrx_word' id='word_1_9' title='bbox 1833 480 2058 530; x_wconf 83' lang='lat' dir='ltr'><strong>sextum</strong></span> <span class='ocrx_word' id='word_1_10' title='bbox 2080 471 2214 532; x_wconf 89' lang='lat' dir='ltr'><strong>ado-</strong></span> 
     </span>
     <span class='ocr_line' id='line_1_3' title="bbox 222 554 648 635; baseline -0.005 -20"><span class='ocrx_word' id='word_1_11' title='bbox 222 557 442 635; x_wconf 89' lang='lat' dir='ltr'><strong>ptionis</strong></span> <span class='ocrx_word' id='word_1_12' title='bbox 478 554 648 614; x_wconf 87' lang='lat' dir='ltr'><strong>diem.</strong></span> 
     </span>
    </p>

    <p class='ocr_par' dir='ltr' id='par_1_3' title="bbox 223 637 2303 804">
     <span class='ocr_line' id='line_1_4' title="bbox 350 637 2303 717; baseline 0.002 -18"><span class='ocrx_word' id='word_1_13' title='bbox 350 639 561 716; x_wconf 77' lang='lat' dir='ltr'><strong>Magna</strong></span> <span class='ocrx_word' id='word_1_14' title='bbox 584 649 643 699; x_wconf 89' lang='lat' dir='ltr'><strong>et</strong></span> <span class='ocrx_word' id='word_1_15' title='bbox 666 638 895 699; x_wconf 87' lang='lat' dir='ltr'><strong>assidua</strong></span> <span class='ocrx_word' id='word_1_16' title='bbox 918 647 1171 697; x_wconf 88' lang='lat' dir='ltr'><strong>monstra</strong></span> <span class='ocrx_word' id='word_1_17' title='bbox 1194 639 1305 698; x_wconf 89' lang='lat' dir='ltr'><strong>iam</strong></span> <span class='ocrx_word' id='word_1_18' title='bbox 1342 637 1476 696; x_wconf 90' lang='lat' dir='ltr'><strong>inde</strong></span> <span class='ocrx_word' id='word_1_19' title='bbox 1507 655 1540 698; x_wconf 87' lang='lat' dir='ltr'><strong>a</strong></span> <span class='ocrx_word' id='word_1_20' title='bbox 1577 639 1862 717; x_wconf 88' lang='lat' dir='ltr'><strong>principio</strong></span> <span class='ocrx_word' id='word_1_21' title='bbox 1898 640 2112 699; x_wconf 85' lang='lat' dir='ltr'><strong>exitum</strong></span> <span class='ocrx_word' id='word_1_22' title='bbox 2140 639 2213 717; x_wconf 88' lang='lat' dir='ltr'><strong>ei,</strong></span> <span class='ocrx_word' id='word_1_23' title='bbox 2235 650 2303 705; x_wconf 88' lang='grc'><strong>18</strong></span> 
     </span>
     <span class='ocr_line' id='line_1_5' title="bbox 223 719 2216 804; baseline -0.001 -20"><span class='ocrx_word' id='word_1_24' title='bbox 223 724 412 804; x_wconf 89' lang='lat' dir='ltr'><strong>qualis</strong></span> <span class='ocrx_word' id='word_1_25' title='bbox 436 726 651 800; x_wconf 85' lang='lat' dir='ltr'><strong>evenit,</strong></span> <span class='ocrx_word' id='word_1_26' title='bbox 676 722 1109 802; x_wconf 85' lang='lat' dir='ltr'><strong>portenderant.</strong></span> <span class='ocrx_word' id='word_1_27' title='bbox 1191 719 1330 781; x_wconf 82' lang='lat' dir='ltr'><strong>Cum</strong></span> <span class='ocrx_word' id='word_1_28' title='bbox 1369 727 1480 800; x_wconf 82' lang='lat' dir='ltr'><strong>per&#39;</strong></span> <span class='ocrx_word' id='word_1_29' title='bbox 1501 739 1669 781; x_wconf 89' lang='lat' dir='ltr'><strong>omne</strong></span> <span class='ocrx_word' id='word_1_30' title='bbox 1703 724 1814 782; x_wconf 88' lang='lat' dir='ltr'><strong>iter</strong></span> <span class='ocrx_word' id='word_1_31' title='bbox 1847 721 2049 782; x_wconf 85' lang='lat' dir='ltr'><strong>dextra</strong></span> <span class='ocrx_word' id='word_1_32' title='bbox 2083 725 2216 782; x_wconf 89' lang='lat' dir='ltr'><strong>sini-</strong></span> 
     </span>
    </p>

    <p class='ocr_par' dir='ltr' id='par_1_4' title="bbox 176 804 2217 1221">
     <span class='ocr_line' id='line_1_6' title="bbox 176 804 2217 886; baseline -0.002 -16"><span class='ocrx_word' id='word_1_33' title='bbox 176 817 460 886; x_wconf 75' lang='lat' dir='ltr'><strong>sstraque</strong></span> <span class='ocrx_word' id='word_1_34' title='bbox 496 807 815 886; x_wconf 81' lang='lat' dir='ltr'><strong>oppidatim</strong></span> <span class='ocrx_word' id='word_1_35' title='bbox 856 808 1125 866; x_wconf 87' lang='lat' dir='ltr'><strong>victimae</strong></span> <span class='ocrx_word' id='word_1_36' title='bbox 1162 804 1573 881; x_wconf 72' lang='lat' dir='ltr'>caederentur,</span> <span class='ocrx_word' id='word_1_37' title='bbox 1614 815 1808 865; x_wconf 90' lang='lat' dir='ltr'><strong>taurus</strong></span> <span class='ocrx_word' id='word_1_38' title='bbox 1844 809 2067 866; x_wconf 88' lang='lat' dir='ltr'><strong>securis</strong></span> <span class='ocrx_word' id='word_1_39' title='bbox 2097 808 2217 867; x_wconf 86' lang='lat' dir='ltr'><strong>ictu</strong></span> 
     </span>
     <span class='ocr_line' id='line_1_7' title="bbox 223 889 2214 970; baseline -0.001 -18"><span class='ocrx_word' id='word_1_40' title='bbox 223 901 629 952; x_wconf 85' lang='lat' dir='ltr'><strong>consternatus</strong></span> <span class='ocrx_word' id='word_1_41' title='bbox 653 900 827 970; x_wconf 89' lang='lat' dir='ltr'><strong>rupto</strong></span> <span class='ocrx_word' id='word_1_42' title='bbox 856 890 1092 950; x_wconf 82' lang='lat' dir='ltr'><strong>vinculo</strong></span> <span class='ocrx_word' id='word_1_43' title='bbox 1130 889 1397 950; x_wconf 80' lang='lat' dir='ltr'>essedum</span> <span class='ocrx_word' id='word_1_44' title='bbox 1421 891 1778 950; x_wconf 84' lang='lat' dir='ltr'><strong>eius&#39;invasit</strong></span> <span class='ocrx_word' id='word_1_45' title='bbox 1807 890 2089 970; x_wconf 89' lang='lat' dir='ltr'><strong>elatisque</strong></span> <span class='ocrx_word' id='word_1_46' title='bbox 2114 909 2214 970; x_wconf 90' lang='lat' dir='ltr'><strong>pe-</strong></span> 
     </span>
     <span class='ocr_line' id='line_1_8' title="bbox 220 973 2214 1054; baseline -0.001 -18"><span class='ocrx_word' id='word_1_47' title='bbox 220 975 391 1036; x_wconf 85' lang='lat' dir='ltr'><strong>dibus</strong></span> <span class='ocrx_word' id='word_1_48' title='bbox 414 984 594 1035; x_wconf 87' lang='lat' dir='ltr'><strong>totum</strong></span> <span class='ocrx_word' id='word_1_49' title='bbox 620 993 827 1035; x_wconf 90' lang='lat' dir='ltr'><strong>cruore</strong></span> <span class='ocrx_word' id='word_1_50' title='bbox 853 973 1109 1054; x_wconf 84' lang='lat' dir='ltr'><strong>perfudit</strong></span> <span class='ocrx_word' id='word_1_51' title='bbox 1124 997 1138 1043; x_wconf 90' lang='lat'>;</span> <span class='ocrx_word' id='word_1_52' title='bbox 1174 991 1243 1034; x_wconf 87' lang='lat' dir='ltr'><strong>ac</strong></span> <span class='ocrx_word' id='word_1_53' title='bbox 1268 973 1718 1034; x_wconf 83' lang='lat' dir='ltr'><strong>descendentem</strong></span> <span class='ocrx_word' id='word_1_54' title='bbox 1749 974 2086 1052; x_wconf 81' lang='lat' dir='ltr'><strong>speculator</strong></span> <span class='ocrx_word' id='word_1_55' title='bbox 2115 977 2214 1034; x_wconf 91' lang='lat' dir='ltr'><strong>im·</strong></span> 
     </span>
     <span class='ocr_line' id='line_1_9' title="bbox 220 1056 2216 1139; baseline -0.001 -20"><span class='ocrx_word' id='word_1_56' title='bbox 220 1060 393 1139; x_wconf 89' lang='lat' dir='ltr'><strong>pulsu</strong></span> <span class='ocrx_word' id='word_1_57' title='bbox 417 1059 618 1121; x_wconf 83' lang='lat' dir='ltr'><strong>turbae</strong></span> <span class='ocrx_word' id='word_1_58' title='bbox 634 1059 839 1119; x_wconf 88' lang='lat' dir='ltr'><strong>lancea</strong></span> <span class='ocrx_word' id='word_1_59' title='bbox 855 1075 1045 1138; x_wconf 86' lang='lat' dir='ltr'><strong>prope</strong></span> <span class='ocrx_word' id='word_1_60' title='bbox 1058 1057 1404 1117; x_wconf 82' lang='lat' dir='ltr'><strong>vulneravit.</strong></span> <span class='ocrx_word' id='word_1_61' title='bbox 1449 1056 1666 1118; x_wconf 85' lang='lat' dir='ltr'><strong>Urbem</strong></span> <span class='ocrx_word' id='word_1_62' title='bbox 1682 1075 1914 1136; x_wconf 87' lang='lat' dir='ltr'><strong>quoque</strong></span> <span class='ocrx_word' id='word_1_63' title='bbox 1933 1067 1992 1118; x_wconf 91' lang='lat' dir='ltr'><strong>et</strong></span> <span class='ocrx_word' id='word_1_64' title='bbox 2007 1058 2216 1118; x_wconf 87' lang='lat' dir='ltr'><strong>deinde</strong></span> 
     </span>
     <span class='ocr_line' id='line_1_10' title="bbox 219 1141 2215 1221; baseline -0.001 -17"><span class='ocrx_word' id='word_1_65' title='bbox 219 1144 501 1205; x_wconf 90' lang='lat' dir='ltr'><strong>Palatium</strong></span> <span class='ocrx_word' id='word_1_66' title='bbox 521 1146 849 1221; x_wconf 87' lang='lat' dir='ltr'><strong>ingressum</strong></span> <span class='ocrx_word' id='word_1_67' title='bbox 874 1143 1111 1220; x_wconf 87' lang='lat' dir='ltr'><strong>excepit</strong></span> <span class='ocrx_word' id='word_1_68' title='bbox 1134 1151 1325 1202; x_wconf 89' lang='lat' dir='ltr'><strong>terrae</strong></span> <span class='ocrx_word' id='word_1_69' title='bbox 1357 1150 1573 1201; x_wconf 89' lang='lat' dir='ltr'><strong>tremor</strong></span> <span class='ocrx_word' id='word_1_70' title='bbox 1597 1150 1654 1201; x_wconf 91' lang='lat' dir='ltr'><strong>et</strong></span> <span class='ocrx_word' id='word_1_71' title='bbox 1677 1142 1947 1203; x_wconf 88' lang='lat' dir='ltr'><strong>assimilis</strong></span> <span class='ocrx_word' id='word_1_72' title='bbox 1987 1141 2215 1220; x_wconf 88' lang='lat' dir='ltr'><strong>quidam</strong></span> 
     </span>
    </p>

    <p class='ocr_par' dir='ltr' id='par_1_5' title="bbox 152 1225 2218 1642">
     <span class='ocr_line' id='line_1_11' title="bbox 152 1225 2214 1305; baseline -0.002 -17"><span class='ocrx_word' id='word_1_73' title='bbox 152 1248 200 1288; x_wconf 80' lang='grc' dir='ltr'><strong>ιο</strong></span> <span class='ocrx_word' id='word_1_74' title='bbox 218 1229 458 1305; x_wconf 86' lang='lat' dir='ltr'><strong>mugitui</strong></span> <span class='ocrx_word' id='word_1_75' title='bbox 486 1244 682 1286; x_wconf 76' lang='lat' dir='ltr'><strong>sonus,</strong></span> <span class='ocrx_word' id='word_1_76' title='bbox 743 1227 955 1286; x_wconf 88' lang='lat' dir='ltr'><strong>Secuta</strong></span> <span class='ocrx_word' id='word_1_77' title='bbox 992 1235 1121 1284; x_wconf 89' lang='lat' dir='ltr'><strong>sunt</strong></span> <span class='ocrx_word' id='word_1_78' title='bbox 1158 1225 1453 1304; x_wconf 85' lang='lat' dir='ltr'><strong>aliquanto</strong></span> <span class='ocrx_word' id='word_1_79' title='bbox 1491 1225 1903 1286; x_wconf 80' lang='lat' dir='ltr'><strong>manifestiora.</strong></span> <span class='ocrx_word' id='word_1_80' title='bbox 1975 1226 2214 1302; x_wconf 87' lang='lat' dir='ltr'><strong>Monile,</strong></span> 
     </span>
     <span class='ocr_line' id='line_1_12' title="bbox 219 1308 2218 1389; baseline -0.002 -17"><span class='ocrx_word' id='word_1_81' title='bbox 219 1312 549 1389; x_wconf 83' lang='lat' dir='ltr'><strong>margaritis</strong></span> <span class='ocrx_word' id='word_1_82' title='bbox 572 1313 928 1388; x_wconf 89' lang='lat' dir='ltr'><strong>gemmisque</strong></span> <span class='ocrx_word' id='word_1_83' title='bbox 956 1319 1304 1385; x_wconf 88' lang='lat' dir='ltr'><strong>consertum,</strong></span> <span class='ocrx_word' id='word_1_84' title='bbox 1320 1309 1392 1369; x_wconf 88' lang='lat' dir='ltr'><strong>ad</strong></span> <span class='ocrx_word' id='word_1_85' title='bbox 1415 1308 1725 1370; x_wconf 88' lang='lat' dir='ltr'><strong>ornandam</strong></span> <span class='ocrx_word' id='word_1_86' title='bbox 1735 1309 2044 1370; x_wconf 78' lang='lat' dir='ltr'><strong>Fortunam</strong></span> <span class='ocrx_word' id='word_1_87' title='bbox 2059 1328 2218 1369; x_wconf 86' lang='lat' dir='ltr'><strong>suam</strong></span> 
     </span>
     <span class='ocr_line' id='line_1_13' title="bbox 222 1393 2215 1472; baseline -0.002 -16"><span class='ocrx_word' id='word_1_88' title='bbox 222 1395 606 1457; x_wconf 84' lang='lat' dir='ltr'><strong>Tusculanam</strong></span> <span class='ocrx_word' id='word_1_89' title='bbox 635 1413 712 1454; x_wconf 82' lang='lat' dir='ltr'><strong>ex</strong></span> <span class='ocrx_word' id='word_1_90' title='bbox 736 1397 889 1455; x_wconf 89' lang='lat' dir='ltr'><strong>omni</strong></span> <span class='ocrx_word' id='word_1_91' title='bbox 910 1411 1060 1471; x_wconf 82' lang='lat' dir='ltr'><strong>gaza</strong></span> <span class='ocrx_word' id='word_1_92' title='bbox 1092 1402 1454 1461; x_wconf 79' lang='lat' dir='ltr'><strong>secreverat;</strong></span> <span class='ocrx_word' id='word_1_93' title='bbox 1487 1393 1549 1456; x_wconf 86' lang='lat' dir='ltr'><strong>id</strong></span> <span class='ocrx_word' id='word_1_94' title='bbox 1572 1402 1820 1472; x_wconf 88' lang='lat' dir='ltr'><strong>repente</strong></span> <span class='ocrx_word' id='word_1_95' title='bbox 1842 1395 2007 1472; x_wconf 86' lang='lat' dir='ltr'><strong>quasi</strong></span> <span class='ocrx_word' id='word_1_96' title='bbox 2037 1411 2215 1470; x_wconf 85' lang='lat' dir='ltr'><strong>augu-</strong></span> 
     </span>
     <span class='ocr_line' id='line_1_14' title="bbox 224 1475 2217 1557; baseline -0.002 -17"><span class='ocrx_word' id='word_1_97' title='bbox 224 1482 405 1542; x_wconf 87' lang='lat' dir='ltr'><strong>stiore</strong></span> <span class='ocrx_word' id='word_1_98' title='bbox 436 1479 663 1556; x_wconf 89' lang='lat' dir='ltr'><strong>dignius</strong></span> <span class='ocrx_word' id='word_1_99' title='bbox 688 1479 824 1539; x_wconf 91' lang='lat' dir='ltr'><strong>loco</strong></span> <span class='ocrx_word' id='word_1_100' title='bbox 859 1476 1225 1556; x_wconf 84' lang='lat' dir='ltr'><strong>Capitolinae</strong></span> <span class='ocrx_word' id='word_1_101' title='bbox 1247 1479 1466 1538; x_wconf 87' lang='lat' dir='ltr'><strong>Veneri</strong></span> <span class='ocrx_word' id='word_1_102' title='bbox 1495 1475 1811 1554; x_wconf 87' lang='lat' dir='ltr'><strong>dedicavit,</strong></span> <span class='ocrx_word' id='word_1_103' title='bbox 1854 1495 1924 1538; x_wconf 87' lang='lat' dir='ltr'><strong>ac</strong></span> <span class='ocrx_word' id='word_1_104' title='bbox 1953 1479 2217 1557; x_wconf 86' lang='lat' dir='ltr'><strong>proxima</strong></span> 
     </span>
     <span class='ocr_line' id='line_1_15' title="bbox 225 1560 2215 1642; baseline -0.003 -17"><span class='ocrx_word' id='word_1_105' title='bbox 225 1573 397 1625; x_wconf 88' lang='lat' dir='ltr'><strong>nocte</strong></span> <span class='ocrx_word' id='word_1_106' title='bbox 444 1565 753 1623; x_wconf 81' lang='lat' dir='ltr'><strong>somniavit</strong></span> <span class='ocrx_word' id='word_1_107' title='bbox 804 1564 1063 1642; x_wconf 87' lang='lat' dir='ltr'><strong>speciem</strong></span> <span class='ocrx_word' id='word_1_108' title='bbox 1106 1560 1396 1622; x_wconf 86' lang='lat' dir='ltr'><strong>Fortunae</strong></span> <span class='ocrx_word' id='word_1_109' title='bbox 1447 1562 1744 1640; x_wconf 83' lang='lat' dir='ltr'><strong>querentis</strong></span> <span class='ocrx_word' id='word_1_110' title='bbox 1787 1561 2102 1622; x_wconf 82' lang='lat' dir='ltr'><strong>fraudatam</strong></span> <span class='ocrx_word' id='word_1_111' title='bbox 2150 1578 2215 1620; x_wconf 82' lang='lat' dir='ltr'><strong>se</strong></span> 
     </span>
    </p>

    <p class='ocr_par' dir='ltr' id='par_1_6' title="bbox 158 1645 2327 2042">
     <span class='ocr_line' id='line_1_16' title="bbox 158 1645 2214 1724; baseline -0.001 -18"><span class='ocrx_word' id='word_1_112' title='bbox 158 1664 205 1706; x_wconf 65' lang='lat'><strong>15</strong></span> <span class='ocrx_word' id='word_1_113' title='bbox 226 1648 381 1709; x_wconf 90' lang='lat' dir='ltr'><strong>dono</strong></span> <span class='ocrx_word' id='word_1_114' title='bbox 408 1647 715 1723; x_wconf 87' lang='lat' dir='ltr'><strong>destinato,</strong></span> <span class='ocrx_word' id='word_1_115' title='bbox 740 1648 1121 1724; x_wconf 85' lang='lat' dir='ltr'><strong>minantisque</strong></span> <span class='ocrx_word' id='word_1_116' title='bbox 1148 1654 1476 1723; x_wconf 74' lang='lat' dir='ltr'><strong>erepturam</strong></span> <span class='ocrx_word' id='word_1_117' title='bbox 1493 1655 1552 1705; x_wconf 87' lang='lat' dir='ltr'><strong>et</strong></span> <span class='ocrx_word' id='word_1_118' title='bbox 1572 1647 1757 1724; x_wconf 83' lang='lat' dir='ltr'><strong>ipsam</strong></span> <span class='ocrx_word' id='word_1_119' title='bbox 1774 1663 1922 1724; x_wconf 86' lang='lat' dir='ltr'><strong>qnae</strong></span> <span class='ocrx_word' id='word_1_120' title='bbox 1939 1645 2214 1704; x_wconf 88' lang='lat' dir='ltr'><strong>dedisset.</strong></span> 
     </span>
     <span class='ocr_line' id='line_1_17' title="bbox 229 1728 2213 1808; baseline -0.002 -18"><span class='ocrx_word' id='word_1_121' title='bbox 229 1730 487 1808; x_wconf 81' lang='lat' dir='ltr'><strong>Cumque</strong></span> <span class='ocrx_word' id='word_1_122' title='bbox 512 1733 820 1790; x_wconf 88' lang='lat' dir='ltr'><strong>exterritus</strong></span> <span class='ocrx_word' id='word_1_123' title='bbox 842 1730 974 1790; x_wconf 90' lang='lat' dir='ltr'><strong>luce</strong></span> <span class='ocrx_word' id='word_1_124' title='bbox 997 1731 1179 1808; x_wconf 87' lang='lat' dir='ltr'><strong>prima</strong></span> <span class='ocrx_word' id='word_1_125' title='bbox 1205 1729 1275 1789; x_wconf 86' lang='lat' dir='ltr'><strong>ad</strong></span> <span class='ocrx_word' id='word_1_126' title='bbox 1311 1728 1658 1806; x_wconf 85' lang='lat' dir='ltr'><strong>expiandum</strong></span> <span class='ocrx_word' id='word_1_127' title='bbox 1694 1731 2010 1806; x_wconf 87' lang='lat' dir='ltr'><strong>somnium,</strong></span> <span class='ocrx_word' id='word_1_128' title='bbox 2046 1746 2213 1807; x_wconf 86' lang='lat' dir='ltr'><strong>prae-</strong></span> 
     </span>
     <span class='ocr_line' id='line_1_18' title="bbox 224 1812 2327 1892; baseline -0.002 -18"><span class='ocrx_word' id='word_1_129' title='bbox 224 1815 419 1875; x_wconf 88' lang='lat' dir='ltr'><strong>missis</strong></span> <span class='ocrx_word' id='word_1_130' title='bbox 442 1815 686 1892; x_wconf 86' lang='lat' dir='ltr'><strong>quirem</strong></span> <span class='ocrx_word' id='word_1_131' title='bbox 724 1812 971 1873; x_wconf 87' lang='lat' dir='ltr'><strong>divinam</strong></span> <span class='ocrx_word' id='word_1_132' title='bbox 1008 1822 1386 1891; x_wconf 82' lang='lat' dir='ltr'><strong>appararent,</strong></span> <span class='ocrx_word' id='word_1_133' title='bbox 1425 1812 1732 1873; x_wconf 88' lang='lat' dir='ltr'><strong>Tusculum</strong></span> <span class='ocrx_word' id='word_1_134' title='bbox 1767 1815 2214 1888; x_wconf 86' lang='lat' dir='ltr'><strong>excucurrisset,</strong></span> <span class='ocrx_word' id='word_1_135' title='bbox 2319 1869 2327 1878; x_wconf 81' lang='grc'><em>,</em></span> 
     </span>
     <span class='ocr_line' id='line_1_19' title="bbox 224 1896 2217 1976; baseline -0.001 -19"><span class='ocrx_word' id='word_1_136' title='bbox 224 1897 367 1957; x_wconf 88' lang='lat' dir='ltr'><strong>nihil</strong></span> <span class='ocrx_word' id='word_1_137' title='bbox 392 1898 612 1956; x_wconf 82' lang='lat' dir='ltr'><strong>invenit</strong></span> <span class='ocrx_word' id='word_1_138' title='bbox 634 1906 868 1975; x_wconf 85' lang='lat' dir='ltr'><strong>praeter</strong></span> <span class='ocrx_word' id='word_1_139' title='bbox 894 1896 1145 1976; x_wconf 87' lang='lat' dir='ltr'><strong>tepidam</strong></span> <span class='ocrx_word' id='word_1_140' title='bbox 1170 1899 1226 1956; x_wconf 93' lang='lat' dir='ltr'><strong>in</strong></span> <span class='ocrx_word' id='word_1_141' title='bbox 1252 1915 1349 1957; x_wconf 87' lang='lat' dir='ltr'><strong>ara</strong></span> <span class='ocrx_word' id='word_1_142' title='bbox 1374 1897 1631 1956; x_wconf 84' lang='lat' dir='ltr'><strong>favillam</strong></span> <span class='ocrx_word' id='word_1_143' title='bbox 1671 1907 2026 1975; x_wconf 86' lang='lat' dir='ltr'><strong>atratumque</strong></span> <span class='ocrx_word' id='word_1_144' title='bbox 2057 1899 2217 1956; x_wconf 86' lang='lat' dir='ltr'><strong>iuxta</strong></span> 
     </span>
     <span class='ocr_line' id='line_1_20' title="bbox 228 1979 2214 2042; baseline -0.001 -2"><span class='ocrx_word' id='word_1_145' title='bbox 228 1999 426 2041; x_wconf 88' lang='lat' dir='ltr'><strong>senem</strong></span> <span class='ocrx_word' id='word_1_146' title='bbox 450 1981 506 2040; x_wconf 86' lang='lat' dir='ltr'><strong>in</strong></span> <span class='ocrx_word' id='word_1_147' title='bbox 532 1982 722 2041; x_wconf 87' lang='lat' dir='ltr'><strong>catino</strong></span> <span class='ocrx_word' id='word_1_148' title='bbox 746 1981 931 2040; x_wconf 82' lang='lat' dir='ltr'><strong>vitreo</strong></span> <span class='ocrx_word' id='word_1_149' title='bbox 956 1979 1086 2040; x_wconf 85' lang='lat' dir='ltr'><strong>thas</strong></span> <span class='ocrx_word' id='word_1_150' title='bbox 1110 1991 1399 2041; x_wconf 86' lang='lat' dir='ltr'><strong>tenentem</strong></span> <span class='ocrx_word' id='word_1_151' title='bbox 1424 1982 1562 2040; x_wconf 91' lang='lat' dir='ltr'><strong>etin</strong></span> <span class='ocrx_word' id='word_1_152' title='bbox 1587 1981 1772 2042; x_wconf 86' lang='lat' dir='ltr'><strong>calice</strong></span> <span class='ocrx_word' id='word_1_153' title='bbox 1793 1979 1954 2041; x_wconf 87' lang='lat' dir='ltr'><strong>fictili</strong></span> <span class='ocrx_word' id='word_1_154' title='bbox 1977 1998 2214 2040; x_wconf 87' lang='lat' dir='ltr'><strong>merum.</strong></span> 
     </span>
    </p>

    <p class='ocr_par' dir='ltr' id='par_1_7' title="bbox 150 2063 2300 2479">
     <span class='ocr_line' id='line_1_21' title="bbox 150 2063 2218 2144; baseline 0 -20"><span class='ocrx_word' id='word_1_155' title='bbox 150 2082 205 2124; x_wconf 61' lang='grc' dir='ltr'><strong>πο</strong></span> <span class='ocrx_word' id='word_1_156' title='bbox 226 2065 607 2126; x_wconf 86' lang='lat' dir='ltr'><strong>Observatum</strong></span> <span class='ocrx_word' id='word_1_157' title='bbox 634 2067 801 2124; x_wconf 89' lang='lat' dir='ltr'><strong>etiam</strong></span> <span class='ocrx_word' id='word_1_158' title='bbox 826 2074 933 2142; x_wconf 88' lang='lat' dir='ltr'><strong>est,</strong></span> <span class='ocrx_word' id='word_1_159' title='bbox 960 2063 1053 2124; x_wconf 87' lang='lat' dir='ltr'><strong>Kl.</strong></span> <span class='ocrx_word' id='word_1_160' title='bbox 1080 2063 1197 2124; x_wconf 86' lang='lat' dir='ltr'><strong>Ian.</strong></span> <span class='ocrx_word' id='word_1_161' title='bbox 1224 2065 1570 2126; x_wconf 85' lang='lat' dir='ltr'><strong>sacrificanti</strong></span> <span class='ocrx_word' id='word_1_162' title='bbox 1609 2083 1883 2126; x_wconf 88' lang='lat' dir='ltr'><strong>coronam</strong></span> <span class='ocrx_word' id='word_1_163' title='bbox 1918 2065 1990 2124; x_wconf 91' lang='lat' dir='ltr'><strong>de</strong></span> <span class='ocrx_word' id='word_1_164' title='bbox 2028 2067 2218 2144; x_wconf 88' lang='lat' dir='ltr'><strong>capite</strong></span> 
     </span>
     <span class='ocr_line' id='line_1_22' title="bbox 225 2149 2216 2248; baseline -0.001 -39"><span class='ocrx_word' id='word_1_165' title='bbox 225 2149 547 2224; x_wconf 84' lang='lat' dir='ltr'><strong>excidisse,</strong></span> <span class='ocrx_word' id='word_1_166' title='bbox 584 2149 903 2228; x_wconf 85' lang='lat' dir='ltr'><strong>auspicanti</strong></span> <span class='ocrx_word' id='word_1_167' title='bbox 941 2149 1135 2227; x_wconf 91' lang='lat' dir='ltr'><strong>pullos</strong></span> <span class='ocrx_word' id='word_1_168' title='bbox 1170 2149 1471 2217; x_wconf 81' lang='lat' dir='ltr'><strong>avolasse;</strong></span> <span class='ocrx_word' id='word_1_169' title='bbox 1521 2149 1852 2248; x_wconf 70' lang='lat' dir='ltr'><strong>adpptionis</strong></span> <span class='ocrx_word' id='word_1_170' title='bbox 1895 2149 1988 2209; x_wconf 92' lang='lat' dir='ltr'><strong>die</strong></span> <span class='ocrx_word' id='word_1_171' title='bbox 2026 2167 2216 2228; x_wconf 89' lang='lat' dir='ltr'><strong>neque</strong></span> 
     </span>
     <span class='ocr_line' id='line_1_23' title="bbox 222 2229 2213 2312; baseline -0.001 -19"><span class='ocrx_word' id='word_1_172' title='bbox 222 2234 435 2293; x_wconf 89' lang='lat' dir='ltr'><strong>milites</strong></span> <span class='ocrx_word' id='word_1_173' title='bbox 468 2233 808 2293; x_wconf 88' lang='lat' dir='ltr'><strong>adlocuturo</strong></span> <span class='ocrx_word' id='word_1_174' title='bbox 836 2236 1193 2292; x_wconf 82' lang='lat' dir='ltr'><strong>castrensem</strong></span> <span class='ocrx_word' id='word_1_175' title='bbox 1220 2229 1423 2293; x_wconf 90' lang='lat' dir='ltr'><strong>sellam</strong></span> <span class='ocrx_word' id='word_1_176' title='bbox 1448 2233 1694 2293; x_wconf 90' lang='lat' dir='ltr'><strong>demore</strong></span> <span class='ocrx_word' id='word_1_177' title='bbox 1717 2235 1965 2312; x_wconf 87' lang='lat' dir='ltr'><strong>positam</strong></span> <span class='ocrx_word' id='word_1_178' title='bbox 1992 2250 2098 2310; x_wconf 90' lang='lat' dir='ltr'><strong>pro</strong></span> <span class='ocrx_word' id='word_1_179' title='bbox 2117 2235 2213 2292; x_wconf 86' lang='lat' dir='ltr'><strong>tri-</strong></span> 
     </span>
     <span class='ocr_line' id='line_1_24' title="bbox 223 2316 2212 2396; baseline -0.001 -19"><span class='ocrx_word' id='word_1_180' title='bbox 223 2317 439 2394; x_wconf 89' lang='lat' dir='ltr'><strong>bunali,</strong></span> <span class='ocrx_word' id='word_1_181' title='bbox 464 2317 663 2377; x_wconf 87' lang='lat' dir='ltr'><strong>oblitis</strong></span> <span class='ocrx_word' id='word_1_182' title='bbox 683 2319 977 2393; x_wconf 82' lang='lat' dir='ltr'><strong>ministris,</strong></span> <span class='ocrx_word' id='word_1_183' title='bbox 1004 2326 1063 2376; x_wconf 89' lang='lat' dir='ltr'><strong>et</strong></span> <span class='ocrx_word' id='word_1_184' title='bbox 1086 2318 1142 2376; x_wconf 90' lang='lat' dir='ltr'><strong>in</strong></span> <span class='ocrx_word' id='word_1_185' title='bbox 1171 2326 1373 2377; x_wconf 88' lang='lat' dir='ltr'><strong>senatu</strong></span> <span class='ocrx_word' id='word_1_186' title='bbox 1417 2317 1670 2377; x_wconf 87' lang='lat' dir='ltr'><strong>curulem</strong></span> <span class='ocrx_word' id='word_1_187' title='bbox 1712 2335 1993 2396; x_wconf 82' lang='lat' dir='ltr'><strong>perverse</strong></span> <span class='ocrx_word' id='word_1_188' title='bbox 2029 2316 2212 2377; x_wconf 87' lang='lat' dir='ltr'><strong>collo-</strong></span> 
     </span>
     <span class='ocr_line' id='line_1_25' title="bbox 225 2399 2300 2479; baseline -0 -17"><span class='ocrx_word' id='word_1_189' title='bbox 225 2411 431 2462; x_wconf 86' lang='lat' dir='ltr'><strong>catam.</strong></span> <span class='ocrx_word' id='word_1_190' title='bbox 495 2401 661 2460; x_wconf 90' lang='lat' dir='ltr'><strong>Prius</strong></span> <span class='ocrx_word' id='word_1_191' title='bbox 690 2418 835 2460; x_wconf 84' lang='lat' dir='ltr'><strong>vero</strong></span> <span class='ocrx_word' id='word_1_192' title='bbox 868 2419 1033 2479; x_wconf 89' lang='lat' dir='ltr'><strong>quam</strong></span> <span class='ocrx_word' id='word_1_193' title='bbox 1058 2400 1428 2461; x_wconf 86' lang='lat' dir='ltr'><strong>occideretur</strong></span> <span class='ocrx_word' id='word_1_194' title='bbox 1463 2401 1884 2461; x_wconf 82' lang='lat' dir='ltr'><strong>sacrificantem</strong></span> <span class='ocrx_word' id='word_1_195' title='bbox 1917 2418 2084 2460; x_wconf 89' lang='lat' dir='ltr'><strong>mane</strong></span> <span class='ocrx_word' id='word_1_196' title='bbox 2114 2399 2211 2460; x_wconf 87' lang='lat' dir='ltr'><strong>ha·</strong></span> <span class='ocrx_word' id='word_1_197' title='bbox 2233 2406 2300 2461; x_wconf 87' lang='grc'><strong>19</strong></span> 
     </span>
    </p>

    <p class='ocr_par' dir='ltr' id='par_1_8' title="bbox 152 2483 2211 2628">
     <span class='ocr_line' id='line_1_26' title="bbox 152 2483 2211 2563; baseline 0 -19"><span class='ocrx_word' id='word_1_198' title='bbox 152 2505 205 2544; x_wconf 82' lang='lat'><strong>25</strong></span> <span class='ocrx_word' id='word_1_199' title='bbox 222 2503 444 2562; x_wconf 86' lang='lat' dir='ltr'><strong>ruspex</strong></span> <span class='ocrx_word' id='word_1_200' title='bbox 473 2483 781 2544; x_wconf 88' lang='lat' dir='ltr'><strong>identidem</strong></span> <span class='ocrx_word' id='word_1_201' title='bbox 806 2485 1040 2561; x_wconf 86' lang='lat' dir='ltr'><strong>monuit,</strong></span> <span class='ocrx_word' id='word_1_202' title='bbox 1072 2494 1309 2544; x_wconf 85' lang='lat' dir='ltr'><strong>caveret</strong></span> <span class='ocrx_word' id='word_1_203' title='bbox 1332 2485 1682 2563; x_wconf 86' lang='lat' dir='ltr'><strong>periculum,</strong></span> <span class='ocrx_word' id='word_1_204' title='bbox 1713 2501 1828 2545; x_wconf 90' lang='lat' dir='ltr'><strong>non</strong></span> <span class='ocrx_word' id='word_1_205' title='bbox 1863 2485 2043 2562; x_wconf 86' lang='lat' dir='ltr'><strong>longe</strong></span> <span class='ocrx_word' id='word_1_206' title='bbox 2079 2503 2211 2563; x_wconf 88' lang='lat' dir='ltr'><strong>per-</strong></span> 
     </span>
     <span class='ocr_line' id='line_1_27' title="bbox 226 2567 759 2628; baseline -0.004 0"><span class='ocrx_word' id='word_1_207' title='bbox 226 2584 503 2628; x_wconf 86' lang='lat' dir='ltr'><strong>cussores</strong></span> <span class='ocrx_word' id='word_1_208' title='bbox 528 2567 759 2627; x_wconf 87' lang='lat' dir='ltr'><strong>abesse.</strong></span> 
     </span>
    </p>

    <p class='ocr_par' dir='ltr' id='par_1_9' title="bbox 222 2651 2214 2900">
     <span class='ocr_line' id='line_1_28' title="bbox 344 2651 2213 2730; baseline 0 -18"><span class='ocrx_word' id='word_1_209' title='bbox 344 2651 508 2712; x_wconf 89' lang='lat' dir='ltr'><strong>Haud</strong></span> <span class='ocrx_word' id='word_1_210' title='bbox 541 2652 719 2711; x_wconf 88' lang='lat' dir='ltr'><strong>multo</strong></span> <span class='ocrx_word' id='word_1_211' title='bbox 756 2659 891 2730; x_wconf 90' lang='lat' dir='ltr'><strong>post</strong></span> <span class='ocrx_word' id='word_1_212' title='bbox 926 2653 1237 2728; x_wconf 80' lang='lat' dir='ltr'><strong>cognoscit</strong></span> <span class='ocrx_word' id='word_1_213' title='bbox 1272 2653 1460 2711; x_wconf 88' lang='lat' dir='ltr'><strong>teneri</strong></span> <span class='ocrx_word' id='word_1_214' title='bbox 1501 2662 1690 2712; x_wconf 85' lang='lat' dir='ltr'><strong>castra</strong></span> <span class='ocrx_word' id='word_1_215' title='bbox 1723 2653 1794 2713; x_wconf 91' lang='lat' dir='ltr'><strong>ab</strong></span> <span class='ocrx_word' id='word_1_216' title='bbox 1836 2652 2094 2730; x_wconf 87' lang='lat' dir='ltr'><strong>Othone,</strong></span> <span class='ocrx_word' id='word_1_217' title='bbox 2141 2666 2213 2713; x_wconf 72' lang='lat' dir='ltr'><strong>‘ac</strong></span> 
     </span>
     <span class='ocr_line' id='line_1_29' title="bbox 222 2735 2212 2816; baseline -0.001 -19"><span class='ocrx_word' id='word_1_218' title='bbox 222 2737 521 2816; x_wconf 88' lang='lat' dir='ltr'><strong>plerisque</strong></span> <span class='ocrx_word' id='word_1_219' title='bbox 536 2745 598 2796; x_wconf 90' lang='lat' dir='ltr'><strong>ut</strong></span> <span class='ocrx_word' id='word_1_220' title='bbox 614 2735 817 2796; x_wconf 89' lang='lat' dir='ltr'><strong>eodem</strong></span> <span class='ocrx_word' id='word_1_221' title='bbox 834 2753 1001 2814; x_wconf 89' lang='lat' dir='ltr'><strong>quam</strong></span> <span class='ocrx_word' id='word_1_222' title='bbox 1027 2737 1267 2813; x_wconf 87' lang='lat' dir='ltr'><strong>primum</strong></span> <span class='ocrx_word' id='word_1_223' title='bbox 1291 2745 1569 2814; x_wconf 84' lang='lat' dir='ltr'><strong>pergeret</strong></span> <span class='ocrx_word' id='word_1_224' title='bbox 1584 2736 1971 2813; x_wconf 87' lang='lat' dir='ltr'><strong>suadentibus,</strong></span> <span class='ocrx_word' id='word_1_225' title='bbox 1998 2739 2212 2816; x_wconf 89' lang='lat' dir='ltr'><strong>(posse</strong></span> 
     </span>
     <span class='ocr_line' id='line_1_30' title="bbox 226 2819 2214 2900; baseline 0 -22"><span class='ocrx_word' id='word_1_226' title='bbox 226 2821 377 2879; x_wconf 89' lang='lat' dir='ltr'><strong>enim</strong></span> <span class='ocrx_word' id='word_1_227' title='bbox 402 2822 741 2880; x_wconf 87' lang='lat' dir='ltr'><strong>auctoritate</strong></span> <span class='ocrx_word' id='word_1_228' title='bbox 770 2829 829 2878; x_wconf 89' lang='lat' dir='ltr'><strong>et</strong></span> <span class='ocrx_word' id='word_1_229' title='bbox 856 2821 1186 2897; x_wconf 89' lang='lat' dir='ltr'><strong>praesentia</strong></span> <span class='ocrx_word' id='word_1_230' title='bbox 1212 2819 1588 2898; x_wconf 85' lang='lat' dir='ltr'><strong>praevalere)</strong></span> <span class='ocrx_word' id='word_1_231' title='bbox 1614 2819 1753 2878; x_wconf 88' lang='lat' dir='ltr'><strong>nihil</strong></span> <span class='ocrx_word' id='word_1_232' title='bbox 1777 2820 2021 2897; x_wconf 89' lang='lat' dir='ltr'><strong>amplius</strong></span> <span class='ocrx_word' id='word_1_233' title='bbox 2044 2839 2214 2900; x_wconf 89' lang='lat' dir='ltr'><strong>quam</strong></span> 
     </span>
    </p>

    <p class='ocr_par' dir='ltr' id='par_1_10' title="bbox 154 2902 2214 3319">
     <span class='ocr_line' id='line_1_31' title="bbox 154 2902 2214 2982; baseline 0.001 -22"><span class='ocrx_word' id='word_1_234' title='bbox 154 2919 203 2960; x_wconf 84' lang='lat'><strong>30</strong></span> <span class='ocrx_word' id='word_1_235' title='bbox 224 2905 525 2964; x_wconf 90' lang='lat' dir='ltr'><strong>continere</strong></span> <span class='ocrx_word' id='word_1_236' title='bbox 550 2922 616 2962; x_wconf 89' lang='lat' dir='ltr'><strong>se</strong></span> <span class='ocrx_word' id='word_1_237' title='bbox 652 2905 845 2962; x_wconf 85' lang='lat' dir='ltr'><strong>statuit</strong></span> <span class='ocrx_word' id='word_1_238' title='bbox 882 2912 941 2961; x_wconf 91' lang='lat' dir='ltr'><strong>et</strong></span> <span class='ocrx_word' id='word_1_239' title='bbox 982 2902 1434 2979; x_wconf 84' lang='lat' dir='ltr'><strong>legionariorum</strong></span> <span class='ocrx_word' id='word_1_240' title='bbox 1479 2905 1706 2962; x_wconf 82' lang='lat' dir='ltr'><strong>firmare</strong></span> <span class='ocrx_word' id='word_1_241' title='bbox 1741 2903 2080 2982; x_wconf 86' lang='lat' dir='ltr'><strong>praesidiis,</strong></span> <span class='ocrx_word' id='word_1_242' title='bbox 2117 2905 2214 2982; x_wconf 89' lang='lat' dir='ltr'><strong>qui</strong></span> 
     </span>
     <span class='ocr_line' id='line_1_32' title="bbox 220 2986 2212 3064; baseline -0.001 -16"><span class='ocrx_word' id='word_1_243' title='bbox 220 2987 587 3048; x_wconf 87' lang='lat' dir='ltr'><strong>multifariam</strong></span> <span class='ocrx_word' id='word_1_244' title='bbox 613 2987 962 3064; x_wconf 85' lang='lat' dir='ltr'><strong>diverseque</strong></span> <span class='ocrx_word' id='word_1_245' title='bbox 993 2986 1321 3046; x_wconf 83' lang='lat' dir='ltr'><strong>tendebant.</strong></span> <span class='ocrx_word' id='word_1_246' title='bbox 1378 2987 1642 3046; x_wconf 87' lang='lat' dir='ltr'><strong>Loricam</strong></span> <span class='ocrx_word' id='word_1_247' title='bbox 1677 2997 1865 3047; x_wconf 86' lang='lat' dir='ltr'><strong>tamen</strong></span> <span class='ocrx_word' id='word_1_248' title='bbox 1898 2987 2076 3046; x_wconf 89' lang='lat' dir='ltr'><strong>induit</strong></span> <span class='ocrx_word' id='word_1_249' title='bbox 2109 2988 2212 3046; x_wconf 89' lang='lat' dir='ltr'><strong>lin-</strong></span> 
     </span>
     <span class='ocr_line' id='line_1_33' title="bbox 220 3069 2212 3151; baseline 0 -20"><span class='ocrx_word' id='word_1_250' title='bbox 220 3082 397 3148; x_wconf 88' lang='lat' dir='ltr'><strong>team,</strong></span> <span class='ocrx_word' id='word_1_251' title='bbox 424 3089 765 3151; x_wconf 87' lang='lat' dir='ltr'><strong>quamquam</strong></span> <span class='ocrx_word' id='word_1_252' title='bbox 786 3070 937 3130; x_wconf 90' lang='lat' dir='ltr'><strong>haud</strong></span> <span class='ocrx_word' id='word_1_253' title='bbox 964 3069 1330 3130; x_wconf 87' lang='lat' dir='ltr'><strong>dissimulans</strong></span> <span class='ocrx_word' id='word_1_254' title='bbox 1356 3089 1554 3148; x_wconf 85' lang='lat' dir='ltr'><strong>parum</strong></span> <span class='ocrx_word' id='word_1_255' title='bbox 1579 3071 1860 3131; x_wconf 88' lang='lat' dir='ltr'><strong>adversus</strong></span> <span class='ocrx_word' id='word_1_256' title='bbox 1879 3081 1967 3130; x_wconf 91' lang='lat' dir='ltr'><strong>tot</strong></span> <span class='ocrx_word' id='word_1_257' title='bbox 1989 3089 2212 3132; x_wconf 89' lang='lat' dir='ltr'><strong>mucro·</strong></span> 
     </span>
     <span class='ocr_line' id='line_1_34' title="bbox 222 3154 2212 3234; baseline -0.001 -19"><span class='ocrx_word' id='word_1_258' title='bbox 222 3175 329 3215; x_wconf 90' lang='lat' dir='ltr'><strong>nes</strong></span> <span class='ocrx_word' id='word_1_259' title='bbox 354 3156 729 3234; x_wconf 85' lang='lat' dir='ltr'><strong>profuturam.</strong></span> <span class='ocrx_word' id='word_1_260' title='bbox 808 3154 927 3214; x_wconf 89' lang='lat' dir='ltr'><strong>Sed</strong></span> <span class='ocrx_word' id='word_1_261' title='bbox 956 3163 1250 3214; x_wconf 84' lang='lat' dir='ltr'><strong>extractus</strong></span> <span class='ocrx_word' id='word_1_262' title='bbox 1280 3155 1620 3214; x_wconf 88' lang='lat' dir='ltr'><strong>rumoribus·</strong></span> <span class='ocrx_word' id='word_1_263' title='bbox 1649 3155 1846 3232; x_wconf 79' lang='lat' dir='ltr'><strong>falsis,</strong></span> <span class='ocrx_word' id='word_1_264' title='bbox 1893 3173 2041 3234; x_wconf 89' lang='lat' dir='ltr'><strong>quos</strong></span> <span class='ocrx_word' id='word_1_265' title='bbox 2078 3173 2212 3216; x_wconf 85' lang='lat' dir='ltr'><strong>con-</strong></span> 
     </span>
     <span class='ocr_line' id='line_1_35' title="bbox 222 3238 2212 3319; baseline 0 -21"><span class='ocrx_word' id='word_1_266' title='bbox 222 3241 447 3318; x_wconf 87' lang='lat' dir='ltr'><strong>spirati,</strong></span> <span class='ocrx_word' id='word_1_267' title='bbox 472 3250 533 3299; x_wconf 90' lang='lat' dir='ltr'><strong>ut</strong></span> <span class='ocrx_word' id='word_1_268' title='bbox 553 3239 755 3299; x_wconf 88' lang='lat' dir='ltr'><strong>eumin</strong></span> <span class='ocrx_word' id='word_1_269' title='bbox 780 3238 1073 3317; x_wconf 87' lang='lat' dir='ltr'><strong>publicum</strong></span> <span class='ocrx_word' id='word_1_270' title='bbox 1096 3240 1408 3315; x_wconf 88' lang='lat' dir='ltr'><strong>elicerent,</strong></span> <span class='ocrx_word' id='word_1_271' title='bbox 1443 3238 1516 3298; x_wconf 90' lang='lat' dir='ltr'><strong>de</strong></span> <span class='ocrx_word' id='word_1_272' title='bbox 1539 3239 1814 3299; x_wconf 81' lang='lat' dir='ltr'><strong>industrIa</strong></span> <span class='ocrx_word' id='word_1_273' title='bbox 1841 3239 2212 3319; x_wconf 84' lang='lat' dir='ltr'><strong>dissiparant,</strong></span> 
     </span>
    </p>

    <p class='ocr_par' dir='ltr' id='par_1_11' title="bbox 149 3323 2215 3654">
     <span class='ocr_line' id='line_1_36' title="bbox 149 3323 2213 3404; baseline -0.003 -16"><span class='ocrx_word' id='word_1_274' title='bbox 149 3347 205 3388; x_wconf 83' lang='lat'><strong>³5</strong></span> <span class='ocrx_word' id='word_1_275' title='bbox 226 3325 430 3402; x_wconf 88' lang='lat' dir='ltr'><strong>paucis</strong></span> <span class='ocrx_word' id='word_1_276' title='bbox 452 3333 676 3384; x_wconf 89' lang='lat' dir='ltr'><strong>temere</strong></span> <span class='ocrx_word' id='word_1_277' title='bbox 698 3323 1109 3383; x_wconf 82' lang='lat' dir='ltr'><strong>affirmantibus</strong></span> <span class='ocrx_word' id='word_1_278' title='bbox 1138 3330 1492 3384; x_wconf 86' lang='lat' dir='ltr'><strong>transactum</strong></span> <span class='ocrx_word' id='word_1_279' title='bbox 1513 3325 1809 3401; x_wconf 85' lang='lat' dir='ltr'><strong>negotium</strong></span> <span class='ocrx_word' id='word_1_280' title='bbox 1824 3371 1841 3402; x_wconf 89' lang='lat'>‚</span> <span class='ocrx_word' id='word_1_281' title='bbox 1869 3339 2213 3404; x_wconf 55' lang='lat' dir='ltr'><strong>oppressos„</strong></span> 
     </span>
     <span class='ocr_line' id='line_1_37' title="bbox 224 3407 2215 3488; baseline -0.001 -21"><span class='ocrx_word' id='word_1_282' title='bbox 224 3410 320 3488; x_wconf 85' lang='lat' dir='ltr'><strong>qui</strong></span> <span class='ocrx_word' id='word_1_283' title='bbox 344 3409 841 3484; x_wconf 87' lang='lat' dir='ltr'><strong>tumultuarentur,</strong></span> <span class='ocrx_word' id='word_1_284' title='bbox 868 3407 1143 3468; x_wconf 82' lang='lat' dir='ltr'><strong>advenire</strong></span> <span class='ocrx_word' id='word_1_285' title='bbox 1167 3407 1491 3486; x_wconf 85' lang='lat' dir='ltr'><strong>frequentis</strong></span> <span class='ocrx_word' id='word_1_286' title='bbox 1507 3417 1742 3468; x_wconf 86' lang='lat' dir='ltr'><strong>ceteros</strong></span> <span class='ocrx_word' id='word_1_287' title='bbox 1759 3408 2215 3485; x_wconf 86' lang='lat' dir='ltr'><strong>gratulabundos</strong></span> 
     </span>
     <span class='ocr_line' id='line_1_38' title="bbox 220 3491 2214 3571; baseline -0.003 -19"><span class='ocrx_word' id='word_1_288' title='bbox 220 3501 281 3552; x_wconf 87' lang='lat' dir='ltr'><strong>et</strong></span> <span class='ocrx_word' id='word_1_289' title='bbox 303 3493 361 3551; x_wconf 89' lang='lat' dir='ltr'><strong>in</strong></span> <span class='ocrx_word' id='word_1_290' title='bbox 392 3510 563 3553; x_wconf 89' lang='lat' dir='ltr'><strong>omne</strong></span> <span class='ocrx_word' id='word_1_291' title='bbox 589 3491 928 3570; x_wconf 87' lang='lat' dir='ltr'><strong>obsequium</strong></span> <span class='ocrx_word' id='word_1_292' title='bbox 952 3500 1218 3571; x_wconf 88' lang='lat' dir='ltr'><strong>paratos;</strong></span> <span class='ocrx_word' id='word_1_293' title='bbox 1246 3493 1319 3550; x_wconf 88' lang='lat' dir='ltr'><strong>iis</strong></span> <span class='ocrx_word' id='word_1_294' title='bbox 1340 3498 1404 3548; x_wconf 82' lang='lat' dir='ltr'><strong>nt</strong></span> <span class='ocrx_word' id='word_1_295' title='bbox 1427 3501 1768 3552; x_wconf 84' lang='lat' dir='ltr'><strong>occurreret</strong></span> <span class='ocrx_word' id='word_1_296' title='bbox 1792 3492 2034 3570; x_wconf 90' lang='lat' dir='ltr'><strong>prodiit,</strong></span> <span class='ocrx_word' id='word_1_297' title='bbox 2059 3499 2214 3550; x_wconf 89' lang='lat' dir='ltr'><strong>tanta</strong></span> 
     </span>
     <span class='ocr_line' id='line_1_39' title="bbox 219 3571 2212 3654; baseline -0.002 -18"><span class='ocrx_word' id='word_1_298' title='bbox 219 3575 435 3636; x_wconf 85' lang='lat' dir='ltr'><strong>fiducia</strong></span> <span class='ocrx_word' id='word_1_299' title='bbox 457 3586 518 3636; x_wconf 90' lang='lat' dir='ltr'><strong>ut</strong></span> <span class='ocrx_word' id='word_1_300' title='bbox 548 3577 712 3636; x_wconf 88' lang='lat' dir='ltr'><strong>militi</strong></span> <span class='ocrx_word' id='word_1_301' title='bbox 740 3575 961 3636; x_wconf 86' lang='lat' dir='ltr'><strong>cuidam</strong></span> <span class='ocrx_word' id='word_1_302' title='bbox 998 3577 1255 3635; x_wconf 88' lang='lat' dir='ltr'><strong>occisum</strong></span> <span class='ocrx_word' id='word_1_303' title='bbox 1286 3593 1319 3635; x_wconf 91' lang='lat' dir='ltr'><strong>a</strong></span> <span class='ocrx_word' id='word_1_304' title='bbox 1359 3592 1421 3633; x_wconf 91' lang='lat' dir='ltr'><strong>se</strong></span> <span class='ocrx_word' id='word_1_305' title='bbox 1459 3572 1744 3635; x_wconf 86' lang='lat' dir='ltr'><strong>Othonem</strong></span> <span class='ocrx_word' id='word_1_306' title='bbox 1779 3576 2052 3654; x_wconf 85' lang='lat' dir='ltr'><strong>glorianti</strong></span> <span class='ocrx_word' id='word_1_307' title='bbox 2077 3571 2212 3647; x_wconf 81' lang='lat' dir='ltr'><strong>Quo</strong></span> 
     </span>
    </p>
   </div>
  </div>
 </body>
</html>
