2700 4234
973 255 1389 305 PRAEFATIO.
1953 258 2091 309 1111

255 427 440 491 erant,
471 416 532 473 in
559 417 668 472 hac
699 414 950 471 editione
987 421 1248 473 accurate
1274 432 1598 488 expressam
1630 431 1759 472 esse
1788 416 1933 475 scito
1952 435 2085 476 ver-

255 504 570 562 siculorum
599 498 778 554 initiis
810 498 1080 554 reductis.

386 587 473 642 De
501 580 956 640 vita·Gaesarum
995 581 1128 637 libri
1165 588 1295 640 octo
1326 598 1437 653 quo
1470 587 1725 655 tempore
1758 583 1933 655 editi,
1973 602 2085 657 quo

257 668 548 745 principio
579 664 860 738 praediti,
901 680 1008 735 qua
1050 666 1268 723 ratione
1301 666 1359 721 in
1389 665 1570 722 libros
1606 671 1664 721 ct
1698 667 1883 740 capita
1914 668 2083 725 divisi

259 754 507 820 fuerint,
554 748 946 820 exposuimus;
985 748 1094 805 iam
1123 749 1417 805 dicendum
1450 754 1567 819 est,
1612 763 1723 820 quo
1752 751 1999 808 oonsilio
2030 758 2087 807 et

263 852 377 910 quo
411 830 702 891 scribendi
746 846 960 902 genere
991 832 1320 904 compositi,
1356 832 1597 903 denique
1624 833 1824 904 quibus
1856 834 2085 891 iudiciis

264 939 295 977 a
325 916 578 993 posteris
617 914 842 986 excepti
875 914 1004 971 sint.

388 998 616 1059 Amisso
647 998 840 1070 operis
869 997 1033 1054 initio
1065 1014 1185 1053 cum
1219 1004 1503 1056 auctorem
1532 1001 1715 1073 ipsum
1742 1000 1811 1056 dc
1844 1000 2085 1058 consilio

268 1102 374 1143 suo
402 1082 730 1152 laborisque
754 1081 1084 1137 adiumentis
1102 1081 1471 1139 disserentem
1488 1099 1596 1140 non
1628 1084 1952 1153 habeamus,
1979 1085 2087 1141 hoe

271 1167 404 1225 mihi
435 1166 658 1223 videtur
687 1170 816 1220 ante
859 1166 1041 1221 omnia
1083 1180 1150 1221 ac
1185 1165 1367 1237 probe
1401 1168 1693 1223 tenendum
1732 1182 1894 1237 esse,
1940 1172 2001 1221 ut
2030 1166 2089 1222 in

274 1252 576 1308 vitarum
619 1248 1162 1320 scriptoribus,
1203 1248 1401 1305 nonin
1436 1250 1793 1307 historiarum
1842 1250 2089 1307 auctori-

279 1335 384 1390 bus
429 1330 696 1388 collocari
737 1346 802 1387 se
833 1326 1160 1405 voluerit⁸)·.
1246 1332 1439 1406 ltaque
1470 1332 1662 1405 inique
1707 1334 1953 1403 faceret,
1994 1332 2088 1405 qui

277 1414 598 1489 prooemia,
649 1414 976 1483 orationes,
1020 1431 1228 1471 morum
1270 1416 1720 1473 adumbrationes
1764 1422 1821 1472 et
1860 1417 1907 1473 si
1947 1432 2089 1489 quae

275 1500 464 1557 solent
497 1498 658 1553 liuius
689 1497 920 1568 generis
953 1498 1153 1555 altiora
1179 1506 1234 1553 et
1265 1500 1533 1571 ampliora
1556 1501 1625 1556 ab
1649 1500 1937 1556 historicis
1968 1516 2089 1555 cum

275 1598 462 1639 rerum
489 1586 774 1651 gestarum
805 1582 1070 1638 memoria
1107 1582 1406 1652 coniungi,
1451 1599 1481 1636 a
1511 1583 1835 1652 Tranquillo
1866 1582 2091 1639 deside-

272 1671 459 1729 raret3
502 1663 639 1720 talia
677 1680 858 1736 neque
899 1664 1130 1736 scripsit
1173 1679 1355 1735 neque
1386 1682 1451 1720 se
1479 1665 1813 1736 scripturum
1854 1664 2092 1737 recepit,

274 1752 388 1805 hoc
431 1763 596 1804 unum
643 1754 864 1803 secutus
909 1752 968 1801 ut
1009 1747 1307 1804 Caesarum
1355 1748 1652 1804 duodecim
1694 1747 1859 1803 vitam
1910 1764 2093 1819 neque

277 1832 576 1905 quicquam
615 1837 908 1903 praeterea
953 1837 1330 1903 componeret.
1422 1832 1553 1889 Tale
1596 1831 1889 1887 consilium
1918 1832 2092 1887 haud-

279 1930 553 1988 quaquam
586 1914 1002 1986 inprobandum
1045 1914 1224 1984 duco,
1267 1931 1387 1970 cum
1432 1932 1527 1971 res
1560 1916 1905 1971 enarrandae
1944 1921 2092 1985 sunt,

277 2015 504 2071 quarum
534 2014 742 2054 summa
774 1998 846 2055 ad
879 2012 1042 2053 unum
1072 1998 1381 2070 principem
1423 2000 1588 2069 regio
1620 1998 1839 2069 quidem
1871 1998 2093 2054 nomine

278 2087 558 2139 carentem
594 2082 698 2137 sed
737 2086 1018 2153 potestate
1057 2081 1182 2153 plus
1227 2098 1387 2153 quam
1435 2084 1594 2152 regia
1638 2081 1947 2153 praeditum
1994 2081 2095 2136 de-

275 2168 386 2222 lata
419 2171 537 2229 est;
569 2165 737 2219 immo
759 2162 1087 2220 laudandum
1123 2181 1251 2220 esse
1279 2165 1537 2221 existimo
1558 2207 1575 2234 ‚
1605 2181 1725 2220 cum
1762 2165 2093 2237 scriptorem

281 2250 521 2321 aliquem
583 2247 752 2303 video
809 2246 1158 2305 intellexisse
1225 2250 1336 2303 hoc
1396 2264 1459 2303 se
1515 2248 1799 2304 scribendi
1860 2262 2093 2317 genere,

279 2327 427 2404 quod
475 2334 532 2387 in
564 2330 693 2385 vitis
744 2331 1088 2403 exponendis
1121 2338 1410 2401 versetur,
1453 2332 1675 2388 facilius
1710 2346 1871 2402 quam
1915 2330 2093 2385 histo-

275 2416 398 2474 rica
425 2420 567 2484 arte,
607 2430 735 2470 rara
765 2414 862 2469 illa
893 2420 950 2469 et
983 2415 1381 2486 praeclara,.et
1410 2415 1520 2472 sibi
1553 2421 1610 2470 et
1640 2414 1767 2470 aliis
1793 2414 1931 2470 satis
1964 2428 2095 2469 esse

279 2498 574 2554 facturum.

404 2580 520 2636 Sed
549 2581 653 2637 hoc
687 2586 868 2637 tamen
901 2582 1316 2638 concedendum
1351 2588 1459 2652 est,
1492 2582 1883 2638 Suetonianum
1915 2595 2095 2651 genus
2114 2583 2271 2637 Operi·
2307 2584 2414 2625 viu·

280 2680 462 2736 neque
507 2664 578 2721 ad
615 2664 792 2719 Taciti
839 2663 1162 2735 Agricolam
1206 2682 1389 2736 neque
1432 2666 1506 2721 ad
1546 2665 1904 2721 Plutarcbeas
1948 2664 2095 2719 vitas

283 2747 580 2805 accedere.
635 2746 869 2803 Primum
899 2748 1044 2803 enim
1071 2755 1377 2822 temporum
1408 2749 1631 2804 nimium
1660 2748 1960 2817 indiligens
1990 2752 2097 2815 est,

288 2841 406 2887 cu'm
437 2846 552 2887 non
587 2830 753 2888 modo
785 2831 854 2887 ad
895 2847 1158 2888 annorum
1201 2848 1459 2887 numeros
1491 2837 1714 2903 praeter
1746 2830 1981 2886 natalem
2014 2829 2095 2884 sa-

284 2915 560 2986 talemque
587 2914 730 2969 diem
763 2914 900 2969 nihil
931 2914 1054 2969 fere
1076 2916 1349 2984 retulerit,
1382 2916 1483 2971 sed
1512 2930 1582 2969 ue
1614 2929 1717 2986 per
1746 2912 1945 2970 aetatis
1970 2911 2092 2983 qui-

284 2999 406 3053 dem
469 2998 678 3068 gradus
721 2997 1039 3053 distinxerit
1105 2998 1226 3054 eius
1268 2998 1505 3054 hominis
1554 2998 1710 3053 cuius
1752 2997 1919 3053 vitam
1961 3011 2092 3067 per-

287 3080 563 3151 sequitur,
587 3095 770 3135 mores
796 3080 1218 3151 corroboratos,
1241 3082 1575 3149 immutatos,
1604 3086 1934 3150 corruptosz
1963 3077 2093 3133 hinc

289 3164 436 3218 litut
479 3163 632 3218 illius
663 3180 872 3219 morum
918 3170 1026 3221 tam
1059 3165 1330 3221 bonorum
1370 3180 1529 3235 quam
1564 3164 1827 3219 malorum
1872 3161 2093 3230 singula

287 3246 618 3301 documenta
649 3246 992 3302 inveniamus
1023 3249 1212 3317 multa,
1241 3249 1340 3304 sed
1358 3246 1607 3303 universi
1636 3244 1849 3316 ingenii
1880 3258 2009 3299 mox
2038 3243 2094 3297 in

424 3372 482 3434 3)
532 3374 590 3423 Id
621 3384 683 3423 ne
717 3374 994 3441 Vopiscum
1031 3377 1236 3441 quidem
1270 3376 1441 3438 latuit,
1494 3377 1579 3441 qui
1625 3376 1678 3424 in
1714 3374 1875 3425 Probo
1910 3388 2020 3438 cap.
2062 3372 2095 3420 2

291 3458 386 3493 non
416 3450 471 3492 ut
499 3443 769 3493 Sallustios
787 3481 806 3503 ,
845 3443 1033 3507 inquit,
1071 3447 1246 3498 Livias
1287 3446 1488 3496 Tacitos
1520 3446 1713 3509 Trogos
1850 3443 2093 3499 innitar-er,

293 3510 384 3559 sed
413 3510 636 3561 Marium
667 3510 945 3563 Maoeanmn
965 3549 980 3572 ,
1012 3512 1297 3564 Suetonium
1328 3512 1665 3577 Tranquillum
1696 3520 1773 3561 etc
