2700 4234
2 3974 16 4070 ἠ-

29 4046 39 4062 a

1134 350 1343 399 NERO.
2117 339 2230 402 181

233 527 419 589 neque
452 525 523 568 eo
557 507 738 566 setius
772 515 1083 566 coronatus
1116 515 1224 566 est.
1281 505 1593 566 Decedens
1623 505 1832 567 deiude
1870 509 2234 586 provinciam

232 597 556 655 universam
585 591 853 650 libertate
884 589 1142 665 donavit,
1168 591 1448 669 simulque
1473 577 1710 649 iudices
1723 592 1952 650 civitate
1972 591 2234 654 Romana

234 688 291 738 et
321 677 565 756 pecunia
596 672 819 752 grandi.
910 674 1072 749 Quae
1109 674 1395 734 beneficia
1437 691 1470 732 e
1515 672 1705 734 medio
1752 675 1935 734 stadio
1967 673 2233 735 Isthmio·

232 779 356 821 rum
388 759 479 819 die
512 777 615 820 sua
645 759 773 836 ipse
803 775 957 818 voce
986 759 1398 835 pronuntiavit.

188 865 213 903 ⁶
356 844 653 905 Reversus
684 860 717 900 e
752 841 997 901 Graecia
1028 840 1358 918 Neapolim,
1395 840 1548 918 quod
1576 841 1634 898 in
1668 858 1737 900 ea
1769 843 2010 920 primum
2052 853 2318 910 artem25

234 929 579 1007 protulerat,
626 926 771 986 albis
814 926 980 1004 equis
1022 925 1255 1001 introiit,
1307 926 1553 984 disiecta
1598 933 1764 1002 parte
1813 928 1980 1002 muri,
2011 935 2072 984 ut
2108 945 2236 988 mos

235 1013 659 1071 hieronicarum
694 1018 812 1075 est:
856 1008 1025 1068 simili
1068 1009 1241 1068 modo
1271 1010 1534 1083 Antium,
1574 1007 1705 1067 inde
1740 1009 2058 1086 Albanum,
2103 1010 2237 1070 inde

234 1098 503 1163 Romam
537 1093 641 1153 sed
671 1102 729 1152 et
758 1092 1000 1153 Romam
1036 1109 1107 1152 eo
1151 1111 1339 1168 curru,
1380 1109 1497 1170 quo
1527 1091 1824 1168 Augustus
1865 1093 2002 1153 olim
2043 1097 2235 1155 trium-

236 1180 537 1258 phaverat,
571 1187 630 1236 et
658 1179 713 1234 in
744 1187 907 1236 veste
944 1194 1234 1255 purpurea
1267 1175 1653 1253 distinctaque
1685 1176 1870 1236 stellis
1899 1179 2094 1237 aureis
2120 1179 2236 1238 cla-

169 1275 216 1316 .o
234 1262 409 1337 mide,
454 1277 843 1338 coronamque
876 1261 1067 1338 capite
1104 1277 1320 1338 gerens
1350 1259 1775 1338 Olympiacam,
1819 1259 2027 1321 dextra
2067 1280 2238 1322 manu

236 1346 515 1422 Pythiam,
554 1353 871 1423 praeeunte
899 1361 1111 1423 pompa
1147 1353 1471 1404 ceterarum
1503 1361 1629 1403 cum
1657 1344 1856 1421 titulis,
1889 1344 1987 1403 ubi
2007 1352 2066 1403 et
2089 1363 2236 1424 quos

238 1447 352 1508 quo
386 1430 709 1492 cantionum
738 1445 929 1506 quove
958 1427 1277 1487 fabularum
1302 1437 1641 1504 argumento
1671 1429 1935 1498 vicisset;
1990 1445 2237 1507 sequen-

236 1514 387 1573 tibus
421 1531 646 1572 currum
681 1514 969 1572 ovantium
997 1512 1108 1570 ritu
1144 1511 1535 1589 plausoribus,
1569 1511 1966 1588 Augustianos
1999 1512 2235 1572 milites-

240 1617 351 1678 que
394 1617 456 1656 se
502 1595 772 1674 triumphi
831 1597 955 1655 eius
1010 1595 1452 1656 clamitantibuS.
1567 1594 1811 1672 Dehinc,
1855 1594 2044 1655 diruto
2094 1597 2239 1655 circi

170 1694 217 1734 15
239 1682 469 1742 maximi
500 1699 658 1755 arcu,
691 1697 797 1758 per
828 1678 1145 1740 Velabrum
1174 1679 1480 1758 forumque
1509 1677 1784 1738 Palatium
1817 1688 1876 1738 et
1898 1679 2238 1758 Apollinem

240 1765 405 1844 petit.
490 1761 786 1822 Incedenti
829 1765 1044 1861 passim
1095 1764 1364 1822 victimae
1419 1780 1630 1822 eaesae
1690 1781 1896 1842 sparso
1951 1781 2060 1842 per
2111 1763 2239 1822 vias

238 1847 549 1908 identidem
596 1863 794 1922 croco,
842 1848 1224 1925 ingestaeque
1270 1865 1412 1906 aves
1455 1865 1527 1906 ac
1568 1846 1831 1907 lemnisci
1876 1857 1934 1906 et
1976 1845 2238 1907 bellaria.-

240 1935 451 1992 Sacras
486 1947 736 1990 coronas
770 1931 825 1989 in
856 1931 1134 1990 cubiculis
1180 1934 1395 1991 circum
1438 1930 1629 1990 lectos
1671 1934 1902 2010 posuit,
1949 1933 2084 1990 item
2125 1940 2238 1990 sta-

237 2027 365 2076 tuas
398 2033 529 2075 suas
560 2014 954 2076 citharoedico
985 2014 1179 2074 habitu
1210 2016 1354 2094 (qua
1386 2024 1522 2074 nota
1563 2011 1733 2076 etiam
1780 2033 2062 2074 nummum
2107 2033 2238 2092 per-

165 2111 217 2150 20
239 2099 471 2178 cussit.)
560 2099 651 2158 Ac
681 2107 814 2178 post
849 2098 996 2158 haec
1028 2107 1242 2158 tantum
1276 2099 1418 2158 afuit
1448 2117 1479 2158 a
1501 2098 1844 2159 remittendo
1870 2098 2238 2178 laxandoque

238 2183 448 2258 studio,
485 2193 544 2243 ut
579 2181 1016 2243 conservandae
1045 2185 1213 2242 vocis
1241 2184 1428 2259 gratia
1469 2201 1659 2260 neque
1701 2183 1912 2242 milites
1953 2199 2238 2259 umquam,

236 2268 349 2326 nisi
393 2267 604 2326 absens
645 2275 739 2325 aut
785 2266 900 2325 alio
950 2266 1129 2326 verba
1183 2268 1612 2345 pronuntiante,
1669 2265 1995 2345 appellaret
2025 2271 2237 2343 *neque

238 2353 546 2430 quicquam
579 2351 733 2409 serio
764 2350 974 2408 iocove
1009 2352 1217 2427 egerit,
1249 2351 1359 2409 nisi
1390 2358 1610 2410 astante
1636 2349 1958 2427 phonascO,
1991 2350 2085 2426 qui
2116 2367 2236 2408 mo-

237 2443 430 2507 neret,
468 2439 767 2510 parceret
807 2432 1060 2494 arteriis
1101 2451 1180 2494 ac
1218 2433 1543 2494 sudarium
1597 2433 1684 2493 ad
1720 2450 1791 2494 os
1842 2433 2196 2511 applicaret
2207 2457 2238 2503 ;

164 2537 218 2576 25
238 2516 547 2594 multisque
579 2516 675 2575 vel
708 2517 1011 2576 amicitiam
1039 2537 1198 2577 suam
1228 2517 1504 2596 optulerit
1530 2518 1627 2577 vel
1651 2517 1995 2577 simultatem
2019 2516 2236 2576 indixe-

237 2603 336 2676 rit,
372 2609 542 2678 prout
570 2600 812 2678 quisque
844 2619 908 2660 se
940 2603 1125 2679 magis
1156 2604 1466 2680 parciusve
1501 2601 1812 2661 laudasset.

366 2683 761 2760 petulantiam,
798 2684 1112 2762 libidinem,
1145 2685 1448 2761 luxuriam,
1483 2687 1800 2761 avaritiam,
1837 2685 2235 2746 crudelitatem
2253 2698 2346 2768 26,

240 2769 456 2828 sensim
499 2768 727 2846 quidem
772 2771 955 2846 primo
1011 2778 1069 2828 et
1128 2768 1361 2828 occulte
1418 2779 1475 2828 et
1529 2769 1689 2828 velut
1743 2769 1978 2828 iuvenili
2037 2785 2239 2829 errore

242 2853 526 2928 exercuit,
566 2852 672 2912 sed
701 2861 761 2911 ut
794 2861 928 2912 tunc
976 2870 1205 2931 quoque
1252 2852 1483 2912 dubium
1523 2853 1733 2911 nemini
1775 2852 1957 2928 foret,
2001 2861 2240 2912 naturae

164 2952 217 2992 3ο
240 2936 341 2996 illa
375 2937 527 3012 vitia,
558 2955 673 2996 non
708 2939 913 2996 aetatis
945 2955 1101 2996 esse.
1177 2937 1316 2996 Post
1350 2936 1757 3015 crepusculum
1781 2937 1969 2994 statim
1995 2935 2238 3014 adrepto

238 3019 420 3098 pilleo
452 3020 547 3079 vel
590 3021 795 3100 galero
837 3021 1085 3100 popinas
1122 3021 1300 3081 inibat
1342 3023 1673 3098 circumque
1713 3021 1880 3080 vicos
1921 3018 2241 3096 vagabatur

238 3102 601 3180 ludibundus,
638 3122 749 3164 nec
782 3106 907 3164 sine
942 3105 1203 3184 pernicie
1236 3113 1446 3165 tamen.
1536 3102 1829 3183 Siquidem
1864 3102 2159 3162 redeuntis
2208 3121 2242 3162 a

240 3205 421 3247 caena
453 3187 769 3248 verberare
801 3207 871 3248 ac
902 3198 1297 3267 repugnantes
1320 3188 1628 3248 vulnerare
1655 3187 1990 3266 cloacisque
2015 3186 2238 3247 demer-

238 3288 384 3348 gere
415 3281 696 3348 assuerat,
720 3273 991 3332 tabernas
1012 3275 1181 3332 etiam
1205 3273 1519 3349 effringere
1544 3281 1603 3331 et
1627 3271 1919 3351 expilare;
1955 3270 2239 3346 Quintana

166 3375 219 3415 35
242 3355 396 3414 domi
422 3356 751 3432 constituta,
775 3355 873 3415 ubi
896 3365 1097 3434 partae
1121 3364 1180 3415 et
1207 3355 1280 3415 ad
1300 3355 1678 3416 licitationem
1701 3355 2043 3415 dividendae
2069 3346 2250 3433 prae-'

238 3437 347 3498 dae
380 3439 627 3518 pretium
662 3439 1077 3500 absumeretur.
1165 3437 1257 3498 Ac
1284 3457 1470 3517 saepe
1501 3441 1556 3497 in
1589 3441 1714 3498 eius
1736 3440 1890 3499 modi
1921 3441 2064 3498 rixis
2100 3456 2236 3497 ocu·

236 3523 425 3582 lorum
467 3531 524 3582 et
576 3524 730 3584 vitae
772 3523 1089 3602 periculum
1130 3521 1301 3599 adiit,
1346 3541 1380 3582 a
1422 3523 1667 3600 quodam
1708 3522 2032 3598 laticlavio,
2076 3522 2238 3580 cuius

237 3624 483 3667 uxorem
510 3606 956 3683 adtrectaverat,
987 3624 1179 3688 prope
1209 3604 1280 3666 ad
1306 3624 1515 3666 necem
1539 3623 1764 3666 caesus.
1855 3605 2048 3681 Quare
2081 3619 2235 3662 num·
