<?xml version="1.0" encoding="UTF-8"?>
<!DOCTYPE html PUBLIC "-//W3C//DTD XHTML 1.0 Transitional//EN"
    "http://www.w3.org/TR/xhtml1/DTD/xhtml1-transitional.dtd">
<html xmlns="http://www.w3.org/1999/xhtml" xml:lang="en" lang="en">
 <head>
  <title>
</title>
<meta http-equiv="Content-Type" content="text/html;charset=utf-8" />
  <meta name='ocr-system' content='tesseract 3.04.00' />
  <meta name='ocr-capabilities' content='ocr_page ocr_carea ocr_par ocr_line ocrx_word'/>
</head>
<body>
  <div class='ocr_page' id='page_1' title='image "./csuetonitranqui05rothgoog_0238.png"; bbox 0 0 2700 4234; ppageno 0'>
   <div class='ocr_carea' id='block_1_1' title="bbox 547 289 2446 358">
    <p class='ocr_par' dir='ltr' id='par_1_1' title="bbox 547 289 2446 358">
     <span class='ocr_line' id='line_1_1' title="bbox 547 289 2446 358; baseline 0.001 -9"><span class='ocrx_word' id='word_1_1' title='bbox 547 289 664 352; x_wconf 85' lang='lat'><strong>128</strong></span> <span class='ocrx_word' id='word_1_2' title='bbox 748 301 808 350; x_wconf 82' lang='lat' dir='ltr'><strong>o.</strong></span> <span class='ocrx_word' id='word_1_3' title='bbox 833 299 1132 349; x_wconf 68' lang='lat' dir='ltr'><strong>summ-11</strong></span> <span class='ocrx_word' id='word_1_4' title='bbox 1154 299 1410 358; x_wconf 64' lang='lat' dir='ltr'><strong>ramo.</strong></span> <span class='ocrx_word' id='word_1_5' title='bbox 1442 299 1535 347; x_wconf 74' lang='lat' dir='ltr'><strong>nn</strong></span> <span class='ocrx_word' id='word_1_6' title='bbox 1560 300 1729 348; x_wconf 60' lang='lat' dir='ltr'><strong>vrrs</strong></span> <span class='ocrx_word' id='word_1_7' title='bbox 1757 300 2129 350; x_wconf 71' lang='lat' dir='ltr'><strong>CAESAnmu</strong></span> <span class='ocrx_word' id='word_1_8' title='bbox 2167 301 2305 350; x_wconf 75' lang='lat' dir='ltr'><strong>ms.</strong></span> <span class='ocrx_word' id='word_1_9' title='bbox 2328 303 2446 350; x_wconf 88' lang='lat'>1111.</span> 
     </span>
    </p>
   </div>
   <div class='ocr_carea' id='block_1_2' title="bbox 458 453 2582 3614">
    <p class='ocr_par' dir='ltr' id='par_1_2' title="bbox 458 453 2582 1204">
     <span class='ocr_line' id='line_1_2' title="bbox 458 453 2517 536; baseline -0.001 -19"><span class='ocrx_word' id='word_1_10' title='bbox 458 463 523 517; x_wconf 75' lang='lat'><strong>21</strong></span> <span class='ocrx_word' id='word_1_11' title='bbox 670 455 866 536; x_wconf 83' lang='lat' dir='ltr'>Opera</span> <span class='ocrx_word' id='word_1_12' title='bbox 911 455 1016 515; x_wconf 89' lang='lat' dir='ltr'><strong>sub</strong></span> <span class='ocrx_word' id='word_1_13' title='bbox 1046 453 1283 518; x_wconf 72' lang='lat' dir='ltr'><strong>&#39;tiberio</strong></span> <span class='ocrx_word' id='word_1_14' title='bbox 1317 453 1765 531; x_wconf 82' lang='lat' dir='ltr'><strong>semiperfecta,</strong></span> <span class='ocrx_word' id='word_1_15' title='bbox 1805 455 2085 534; x_wconf 86' lang='lat' dir='ltr'><strong>templum</strong></span> <span class='ocrx_word' id='word_1_16' title='bbox 2110 454 2356 532; x_wconf 82' lang='lat' dir='ltr'>Augusti</span> <span class='ocrx_word' id='word_1_17' title='bbox 2384 455 2517 515; x_wconf 84' lang='lat' dir='ltr'><strong>thea-</strong></span> 
     </span>
     <span class='ocr_line' id='line_1_3' title="bbox 543 533 2517 619; baseline -0.001 -20"><span class='ocrx_word' id='word_1_18' title='bbox 543 549 808 619; x_wconf 83' lang='lat' dir='ltr'><strong>trumque</strong></span> <span class='ocrx_word' id='word_1_19' title='bbox 841 540 1109 618; x_wconf 82' lang='lat' dir='ltr'>Pompei,</span> <span class='ocrx_word' id='word_1_20' title='bbox 1155 537 1423 598; x_wconf 84' lang='lat' dir='ltr'><strong>absolvit.</strong></span> <span class='ocrx_word' id='word_1_21' title='bbox 1510 535 1812 596; x_wconf 83' lang='lat' dir='ltr'><strong>Inchoavit</strong></span> <span class='ocrx_word' id='word_1_22' title='bbox 1850 548 2045 599; x_wconf 90' lang='lat' dir='ltr'><strong>autem</strong></span> <span class='ocrx_word' id='word_1_23' title='bbox 2096 533 2279 618; x_wconf 83' lang='lat' dir='ltr'><strong>aquae</strong></span> <span class='ocrx_word' id='word_1_24' title='bbox 2320 538 2517 610; x_wconf 85' lang='lat' dir='ltr'><strong>ductum</strong></span> 
     </span>
     <span class='ocr_line' id='line_1_4' title="bbox 542 619 2515 702; baseline -0.002 -19"><span class='ocrx_word' id='word_1_25' title='bbox 542 624 789 702; x_wconf 77' lang='lat' dir='ltr'><strong>regione</strong></span> <span class='ocrx_word' id='word_1_26' title='bbox 837 622 1059 683; x_wconf 79' lang='lat' dir='ltr'>Tiburti</span> <span class='ocrx_word' id='word_1_27' title='bbox 1118 630 1178 681; x_wconf 90' lang='lat' dir='ltr'><strong>et</strong></span> <span class='ocrx_word' id='word_1_28' title='bbox 1238 619 1711 699; x_wconf 79' lang='lat' dir='ltr'><strong>amphitheatrum</strong></span> <span class='ocrx_word' id='word_1_29' title='bbox 1767 619 1924 682; x_wconf 81' lang='lat' dir='ltr'><strong>iuxta</strong></span> <span class='ocrx_word' id='word_1_30' title='bbox 1991 624 2243 700; x_wconf 82' lang='lat' dir='ltr'><strong>Saepta,</strong></span> <span class='ocrx_word' id='word_1_31' title='bbox 2310 639 2515 700; x_wconf 90' lang='lat' dir='ltr'><strong>quorum</strong></span> 
     </span>
     <span class='ocr_line' id='line_1_5' title="bbox 545 701 2582 786; baseline -0.002 -19"><span class='ocrx_word' id='word_1_32' title='bbox 545 725 786 786; x_wconf 90' lang='lat' dir='ltr'><strong>operum</strong></span> <span class='ocrx_word' id='word_1_33' title='bbox 814 725 846 766; x_wconf 91' lang='lat' dir='ltr'><strong>a</strong></span> <span class='ocrx_word' id='word_1_34' title='bbox 877 721 1224 766; x_wconf 80' lang='lat' dir='ltr'><strong>successore</strong></span> <span class='ocrx_word' id='word_1_35' title='bbox 1272 707 1396 764; x_wconf 88' lang='lat' dir='ltr'><strong>eius</strong></span> <span class='ocrx_word' id='word_1_36' title='bbox 1431 701 1671 764; x_wconf 82' lang='lat' dir='ltr'><strong>Claudio</strong></span> <span class='ocrx_word' id='word_1_37' title='bbox 1718 705 1959 765; x_wconf 88' lang='lat' dir='ltr'><strong>alterum</strong></span> <span class='ocrx_word' id='word_1_38' title='bbox 1998 714 2329 784; x_wconf 88' lang='lat' dir='ltr'><strong>per-actum,</strong></span> <span class='ocrx_word' id='word_1_39' title='bbox 2377 707 2515 765; x_wconf 88' lang='lat' dir='ltr'><strong>omis-</strong></span> <span class='ocrx_word' id='word_1_40' title='bbox 2581 777 2582 784; x_wconf 8' lang='grc' dir='ltr'>ἵ</span> 
     </span>
     <span class='ocr_line' id='line_1_6' title="bbox 545 788 2540 867; baseline -0.003 -16"><span class='ocrx_word' id='word_1_41' title='bbox 545 809 668 851; x_wconf 90' lang='lat' dir='ltr'><strong>sum</strong></span> <span class='ocrx_word' id='word_1_42' title='bbox 699 789 937 850; x_wconf 86' lang='lat' dir='ltr'><strong>alterum</strong></span> <span class='ocrx_word' id='word_1_43' title='bbox 973 797 1080 848; x_wconf 86' lang='lat' dir='ltr'><strong>est.</strong></span> <span class='ocrx_word' id='word_1_44' title='bbox 1161 788 1467 862; x_wconf 69' lang='lat' dir='ltr'><strong>Syracusis</strong></span> <span class='ocrx_word' id='word_1_45' title='bbox 1510 788 1791 867; x_wconf 82' lang='lat' dir='ltr'><strong>conlapsa</strong></span> <span class='ocrx_word' id='word_1_46' title='bbox 1822 798 2112 850; x_wconf 85' lang='lat' dir='ltr'><strong>vetustate</strong></span> <span class='ocrx_word' id='word_1_47' title='bbox 2154 791 2375 849; x_wconf 90' lang='lat' dir='ltr'><strong>moenia</strong></span> <span class='ocrx_word' id='word_1_48' title='bbox 2402 789 2540 848; x_wconf 76' lang='lat' dir='ltr'><strong>deo-s</strong></span> 
     </span>
     <span class='ocr_line' id='line_1_7' title="bbox 542 870 2515 953; baseline -0.003 -20"><span class='ocrx_word' id='word_1_49' title='bbox 542 891 781 953; x_wconf 88' lang='lat' dir='ltr'><strong>rumque</strong></span> <span class='ocrx_word' id='word_1_50' title='bbox 841 872 1018 932; x_wconf 84' lang='lat' dir='ltr'><strong>aedes</strong></span> <span class='ocrx_word' id='word_1_51' title='bbox 1066 872 1347 931; x_wconf 87' lang='lat' dir='ltr'><strong>refectae.</strong></span> <span class='ocrx_word' id='word_1_52' title='bbox 1442 870 1849 949; x_wconf 82' lang='lat' dir='ltr'><strong>Destinaverat</strong></span> <span class='ocrx_word' id='word_1_53' title='bbox 1906 882 1967 932; x_wconf 92' lang='lat' dir='ltr'><strong>et</strong></span> <span class='ocrx_word' id='word_1_54' title='bbox 2022 874 2177 932; x_wconf 85' lang='lat' dir='ltr'><strong>Sami</strong></span> <span class='ocrx_word' id='word_1_55' title='bbox 2229 872 2515 948; x_wconf 75' lang='lat' dir='ltr'><strong>Polycratis</strong></span> 
     </span>
     <span class='ocr_line' id='line_1_8' title="bbox 542 953 2513 1034; baseline -0.002 -18"><span class='ocrx_word' id='word_1_56' title='bbox 542 958 766 1033; x_wconf 89' lang='lat' dir='ltr'><strong>regiam</strong></span> <span class='ocrx_word' id='word_1_57' title='bbox 819 958 1161 1032; x_wconf 81' lang='lat' dir='ltr'><strong>restituere,</strong></span> <span class='ocrx_word' id='word_1_58' title='bbox 1200 954 1379 1016; x_wconf 79' lang='lat' dir='ltr'><strong>Mileti</strong></span> <span class='ocrx_word' id='word_1_59' title='bbox 1416 953 1754 1030; x_wconf 71' lang='lat' dir='ltr'><strong>Didymeum</strong></span> <span class='ocrx_word' id='word_1_60' title='bbox 1796 974 2124 1034; x_wconf 79' lang='lat' dir='ltr'><strong>peragere,</strong></span> <span class='ocrx_word' id='word_1_61' title='bbox 2175 958 2235 1014; x_wconf 90' lang='lat' dir='ltr'><strong>in</strong></span> <span class='ocrx_word' id='word_1_62' title='bbox 2277 958 2403 1032; x_wconf 83' lang='lat' dir='ltr'><strong>iugo</strong></span> <span class='ocrx_word' id='word_1_63' title='bbox 2437 953 2513 1012; x_wconf 86' lang='lat' dir='ltr'><strong>Al·</strong></span> 
     </span>
     <span class='ocr_line' id='line_1_9' title="bbox 545 1037 2515 1119; baseline -0.001 -22"><span class='ocrx_word' id='word_1_64' title='bbox 545 1040 698 1119; x_wconf 90' lang='lat' dir='ltr'><strong>pium</strong></span> <span class='ocrx_word' id='word_1_65' title='bbox 737 1039 937 1099; x_wconf 90' lang='lat' dir='ltr'><strong>urbem</strong></span> <span class='ocrx_word' id='word_1_66' title='bbox 980 1038 1267 1114; x_wconf 86' lang='lat' dir='ltr'><strong>condere,</strong></span> <span class='ocrx_word' id='word_1_67' title='bbox 1325 1037 1429 1098; x_wconf 87' lang='lat' dir='ltr'><strong>sed</strong></span> <span class='ocrx_word' id='word_1_68' title='bbox 1471 1047 1601 1097; x_wconf 88' lang='lat' dir='ltr'><strong>ante</strong></span> <span class='ocrx_word' id='word_1_69' title='bbox 1662 1042 1851 1099; x_wconf 91' lang='lat' dir='ltr'><strong>omnia</strong></span> <span class='ocrx_word' id='word_1_70' title='bbox 1908 1038 2184 1099; x_wconf 81' lang='lat' dir='ltr'><strong>Isthmum</strong></span> <span class='ocrx_word' id='word_1_71' title='bbox 2236 1041 2295 1098; x_wconf 85' lang='lat' dir='ltr'><strong>iu</strong></span> <span class='ocrx_word' id='word_1_72' title='bbox 2332 1038 2515 1098; x_wconf 84' lang='lat' dir='ltr'><strong>Achaia</strong></span> 
     </span>
     <span class='ocr_line' id='line_1_10' title="bbox 545 1120 2511 1204; baseline -0.002 -22"><span class='ocrx_word' id='word_1_73' title='bbox 545 1122 894 1204; x_wconf 84' lang='lat' dir='ltr'><strong>perfodere,</strong></span> <span class='ocrx_word' id='word_1_74' title='bbox 944 1124 1289 1200; x_wconf 84' lang='lat' dir='ltr'><strong>miseratque</strong></span> <span class='ocrx_word' id='word_1_75' title='bbox 1333 1122 1442 1181; x_wconf 90' lang='lat' dir='ltr'><strong>iam</strong></span> <span class='ocrx_word' id='word_1_76' title='bbox 1491 1120 1562 1181; x_wconf 86' lang='lat' dir='ltr'><strong>ad</strong></span> <span class='ocrx_word' id='word_1_77' title='bbox 1600 1121 2005 1182; x_wconf 88' lang='lat' dir='ltr'><strong>dimetiendum</strong></span> <span class='ocrx_word' id='word_1_78' title='bbox 2048 1140 2200 1202; x_wconf 90' lang='lat' dir='ltr'><strong>opus</strong></span> <span class='ocrx_word' id='word_1_79' title='bbox 2244 1120 2511 1201; x_wconf 87' lang='lat' dir='ltr'><strong>primipila-</strong></span> 
     </span>
    </p>

    <p class='ocr_par' dir='ltr' id='par_1_3' title="bbox 459 1204 2551 1350">
     <span class='ocr_line' id='line_1_11' title="bbox 459 1204 2551 1284; baseline -0.004 -17"><span class='ocrx_word' id='word_1_80' title='bbox 459 1214 687 1267; x_wconf 77' lang='lat' dir='ltr'><strong>22rem.</strong></span> <span class='ocrx_word' id='word_1_81' title='bbox 752 1205 1042 1266; x_wconf 82' lang='lat' dir='ltr'><strong>Hactenus</strong></span> <span class='ocrx_word' id='word_1_82' title='bbox 1086 1206 1248 1283; x_wconf 92' lang='lat' dir='ltr'><strong>quasi</strong></span> <span class='ocrx_word' id='word_1_83' title='bbox 1271 1217 1278 1222; x_wconf 84' lang='lat'>·</span> <span class='ocrx_word' id='word_1_84' title='bbox 1305 1204 1379 1264; x_wconf 92' lang='lat' dir='ltr'><strong>de</strong></span> <span class='ocrx_word' id='word_1_85' title='bbox 1434 1206 1727 1284; x_wconf 79' lang='lat' dir='ltr'><strong>principe3</strong></span> <span class='ocrx_word' id='word_1_86' title='bbox 1787 1205 2011 1284; x_wconf 90' lang='lat' dir='ltr'><strong>reliqua</strong></span> <span class='ocrx_word' id='word_1_87' title='bbox 2070 1215 2130 1264; x_wconf 87' lang='lat' dir='ltr'><strong>ut</strong></span> <span class='ocrx_word' id='word_1_88' title='bbox 2180 1206 2258 1265; x_wconf 87' lang='lat' dir='ltr'><strong>de</strong></span> <span class='ocrx_word' id='word_1_89' title='bbox 2294 1213 2509 1264; x_wconf 86' lang='lat' dir='ltr'><strong>monstro</strong></span> <span class='ocrx_word' id='word_1_90' title='bbox 2524 1221 2551 1260; x_wconf 75' lang='lat' dir='ltr'>m</span> 
     </span>
     <span class='ocr_line' id='line_1_12' title="bbox 544 1287 1004 1350; baseline -0.009 -2"><span class='ocrx_word' id='word_1_91' title='bbox 544 1287 826 1350; x_wconf 85' lang='lat' dir='ltr'><strong>narranda</strong></span> <span class='ocrx_word' id='word_1_92' title='bbox 857 1295 1004 1348; x_wconf 92' lang='lat' dir='ltr'><strong>sunt.</strong></span> 
     </span>
    </p>

    <p class='ocr_par' dir='ltr' id='par_1_4' title="bbox 533 1370 2582 3614">
     <span class='ocr_line' id='line_1_13' title="bbox 675 1370 2511 1452; baseline -0.003 -22"><span class='ocrx_word' id='word_1_93' title='bbox 675 1370 1082 1450; x_wconf 86' lang='lat' dir='ltr'><strong>Compluribus</strong></span> <span class='ocrx_word' id='word_1_94' title='bbox 1129 1371 1567 1448; x_wconf 85' lang='lat' dir='ltr'><strong>cognominibus</strong></span> <span class='ocrx_word' id='word_1_95' title='bbox 1607 1371 1923 1452; x_wconf 83' lang='lat' dir='ltr'><strong>adsumptis</strong></span> <span class='ocrx_word' id='word_1_96' title='bbox 1980 1373 2142 1452; x_wconf 88' lang='lat' dir='ltr'><strong>(nam</strong></span> <span class='ocrx_word' id='word_1_97' title='bbox 2176 1382 2241 1433; x_wconf 86' lang='lat' dir='ltr'><strong>et</strong></span> <span class='ocrx_word' id='word_1_98' title='bbox 2282 1375 2436 1452; x_wconf 87' lang='lat' dir='ltr'><strong>pius</strong></span> <span class='ocrx_word' id='word_1_99' title='bbox 2472 1375 2511 1426; x_wconf 85' lang='lat' dir='ltr'><strong>et</strong></span> 
     </span>
     <span class='ocr_line' id='line_1_14' title="bbox 544 1453 2513 1535; baseline -0.004 -20"><span class='ocrx_word' id='word_1_100' title='bbox 544 1464 958 1516; x_wconf 88' lang='lat' dir='ltr'><strong>castrorum</strong></span> <span class='ocrx_word' id='word_1_101' title='bbox 999 1453 1223 1514; x_wconf 82' lang='lat' dir='ltr'><strong>filius</strong></span> <span class='ocrx_word' id='word_1_102' title='bbox 1268 1464 1328 1514; x_wconf 92' lang='lat' dir='ltr'><strong>et</strong></span> <span class='ocrx_word' id='word_1_103' title='bbox 1369 1463 1584 1533; x_wconf 91' lang='lat' dir='ltr'><strong>pater</strong></span> <span class='ocrx_word' id='word_1_104' title='bbox 1628 1459 2101 1516; x_wconf 84' lang='lat' dir='ltr'><strong>exercituum</strong></span> <span class='ocrx_word' id='word_1_105' title='bbox 2145 1465 2209 1516; x_wconf 90' lang='lat' dir='ltr'><strong>et</strong></span> <span class='ocrx_word' id='word_1_106' title='bbox 2243 1457 2513 1535; x_wconf 85' lang='lat' dir='ltr'><strong>optimus</strong></span> 
     </span>
     <span class='ocr_line' id='line_1_15' title="bbox 541 1536 2509 1615; baseline -0.003 -17"><span class='ocrx_word' id='word_1_107' title='bbox 541 1541 890 1599; x_wconf 87' lang='lat' dir='ltr'><strong>maximus</strong></span> <span class='ocrx_word' id='word_1_108' title='bbox 934 1537 1212 1600; x_wconf 85' lang='lat' dir='ltr'><strong>Caesar</strong></span> <span class='ocrx_word' id='word_1_109' title='bbox 1257 1536 1608 1615; x_wconf 82' lang='lat' dir='ltr'><strong>vocabatur)</strong></span> <span class='ocrx_word' id='word_1_110' title='bbox 1670 1557 1797 1598; x_wconf 90' lang='lat' dir='ltr'><strong>cum</strong></span> <span class='ocrx_word' id='word_1_111' title='bbox 1856 1539 2079 1600; x_wconf 88' lang='lat' dir='ltr'><strong>audiret</strong></span> <span class='ocrx_word' id='word_1_112' title='bbox 2128 1540 2291 1600; x_wconf 80' lang='lat' dir='ltr'><strong>forte</strong></span> <span class='ocrx_word' id='word_1_113' title='bbox 2348 1553 2509 1614; x_wconf 86' lang='lat' dir='ltr'><strong>reges,</strong></span> 
     </span>
     <span class='ocr_line' id='line_1_16' title="bbox 543 1620 2553 1702; baseline -0.005 -20"><span class='ocrx_word' id='word_1_114' title='bbox 543 1625 640 1702; x_wconf 91' lang='lat' dir='ltr'><strong>qui</strong></span> <span class='ocrx_word' id='word_1_115' title='bbox 671 1622 849 1682; x_wconf 80' lang='lat' dir='ltr'><strong>oflicii</strong></span> <span class='ocrx_word' id='word_1_116' title='bbox 881 1640 1054 1682; x_wconf 86' lang='lat' dir='ltr'><strong>causa</strong></span> <span class='ocrx_word' id='word_1_117' title='bbox 1098 1623 1155 1681; x_wconf 91' lang='lat' dir='ltr'><strong>in</strong></span> <span class='ocrx_word' id='word_1_118' title='bbox 1191 1621 1390 1681; x_wconf 88' lang='lat' dir='ltr'><strong>urbem</strong></span> <span class='ocrx_word' id='word_1_119' title='bbox 1432 1622 1814 1700; x_wconf 87' lang='lat' dir='ltr'><strong>advenerant,</strong></span> <span class='ocrx_word' id='word_1_120' title='bbox 1860 1625 2259 1684; x_wconf 87' lang='lat' dir='ltr'><strong>concertantis</strong></span> <span class='ocrx_word' id='word_1_121' title='bbox 2294 1641 2327 1684; x_wconf 89' lang='lat' dir='ltr'><strong>a</strong></span> <span class='ocrx_word' id='word_1_122' title='bbox 2368 1620 2433 1679; x_wconf 90' lang='lat' dir='ltr'><strong>ud</strong></span> <span class='ocrx_word' id='word_1_123' title='bbox 2463 1635 2510 1676; x_wconf 87' lang='lat' dir='ltr'><strong>se</strong></span> <span class='ocrx_word' id='word_1_124' title='bbox 2524 1633 2553 1672; x_wconf 82' lang='lat'><strong>15</strong></span> 
     </span>
     <span class='ocr_line' id='line_1_17' title="bbox 543 1699 2511 1784; baseline -0.003 -18"><span class='ocrx_word' id='word_1_125' title='bbox 543 1725 718 1784; x_wconf 91' lang='lat' dir='ltr'><strong>super</strong></span> <span class='ocrx_word' id='word_1_126' title='bbox 750 1724 987 1766; x_wconf 87' lang='lat' dir='ltr'><strong>caenam</strong></span> <span class='ocrx_word' id='word_1_127' title='bbox 1027 1705 1063 1764; x_wconf 92' lang='lat' dir='ltr'><strong>d</strong></span> <span class='ocrx_word' id='word_1_128' title='bbox 1135 1704 1432 1765; x_wconf 88' lang='lat' dir='ltr'><strong>nobilitate</strong></span> <span class='ocrx_word' id='word_1_129' title='bbox 1475 1707 1747 1782; x_wconf 82' lang='lat' dir='ltr'><strong>generis,</strong></span> <span class='ocrx_word' id='word_1_130' title='bbox 1796 1706 2178 1767; x_wconf 80' lang='lat' dir='ltr'><strong>exclamavit:</strong></span> <span class='ocrx_word' id='word_1_131' title='bbox 2242 1707 2305 1766; x_wconf 89' lang='lat' dir='ltr'><em>E</em></span> <span class='ocrx_word' id='word_1_132' title='bbox 2396 1699 2511 1763; x_wconf 83' lang='grc' dir='ltr'><strong><em>κοί-</em></strong></span> 
     </span>
     <span class='ocr_line' id='line_1_18' title="bbox 541 1779 2511 1870; baseline -0.004 -22"><span class='ocrx_word' id='word_1_133' title='bbox 541 1808 746 1868; x_wconf 79' lang='grc' dir='ltr'><strong><em>ρανος</em></strong></span> <span class='ocrx_word' id='word_1_134' title='bbox 787 1787 984 1866; x_wconf 79' lang='grc' dir='ltr'><strong><em>ἔστω,</em></strong></span> <span class='ocrx_word' id='word_1_135' title='bbox 1035 1807 1066 1847; x_wconf 89' lang='grc' dir='ltr'><strong><em>ε</em></strong></span> <span class='ocrx_word' id='word_1_136' title='bbox 1093 1806 1127 1858; x_wconf 83' lang='grc' dir='ltr'><em>ς</em></span> <span class='ocrx_word' id='word_1_137' title='bbox 1157 1779 1510 1866; x_wconf 66' lang='grc' dir='ltr'><strong>βασιλεύςὶ</strong></span> <span class='ocrx_word' id='word_1_138' title='bbox 1565 1806 1676 1847; x_wconf 88' lang='lat' dir='ltr'><strong>nec</strong></span> <span class='ocrx_word' id='word_1_139' title='bbox 1716 1788 1949 1849; x_wconf 90' lang='lat' dir='ltr'><strong>multum</strong></span> <span class='ocrx_word' id='word_1_140' title='bbox 1990 1790 2133 1850; x_wconf 80' lang='lat' dir='ltr'><strong>afuit</strong></span> <span class='ocrx_word' id='word_1_141' title='bbox 2174 1792 2315 1870; x_wconf 89' lang='lat' dir='ltr'><strong>quin</strong></span> <span class='ocrx_word' id='word_1_142' title='bbox 2360 1787 2511 1848; x_wconf 83' lang='lat' dir='ltr'><strong>statim</strong></span> 
     </span>
     <span class='ocr_line' id='line_1_19' title="bbox 541 1871 2511 1951; baseline -0.002 -21"><span class='ocrx_word' id='word_1_143' title='bbox 541 1871 800 1930; x_wconf 87' lang='lat' dir='ltr'><strong>diadema</strong></span> <span class='ocrx_word' id='word_1_144' title='bbox 843 1879 1094 1930; x_wconf 86' lang='lat' dir='ltr'><strong>sumeret</strong></span> <span class='ocrx_word' id='word_1_145' title='bbox 1141 1873 1515 1949; x_wconf 83' lang='lat' dir='ltr'><strong>speciemque</strong></span> <span class='ocrx_word' id='word_1_146' title='bbox 1564 1873 1924 1951; x_wconf 88' lang='lat' dir='ltr'><strong>principatus</strong></span> <span class='ocrx_word' id='word_1_147' title='bbox 1974 1875 2033 1932; x_wconf 93' lang='lat' dir='ltr'><strong>in</strong></span> <span class='ocrx_word' id='word_1_148' title='bbox 2090 1875 2268 1950; x_wconf 85' lang='lat' dir='ltr'><strong>regni</strong></span> <span class='ocrx_word' id='word_1_149' title='bbox 2307 1873 2511 1932; x_wconf 77' lang='lat' dir='ltr'><strong>formam</strong></span> 
     </span>
     <span class='ocr_line' id='line_1_20' title="bbox 543 1953 2508 2035; baseline -0.003 -23"><span class='ocrx_word' id='word_1_150' title='bbox 543 1960 934 2012; x_wconf 86' lang='lat' dir='ltr'><strong>converteret.</strong></span> <span class='ocrx_word' id='word_1_151' title='bbox 1002 1954 1234 2012; x_wconf 87' lang='lat' dir='ltr'><strong>Verum·</strong></span> <span class='ocrx_word' id='word_1_152' title='bbox 1266 1953 1617 2031; x_wconf 88' lang='lat' dir='ltr'><strong>admonitus,</strong></span> <span class='ocrx_word' id='word_1_153' title='bbox 1664 1965 1723 2015; x_wconf 92' lang='lat' dir='ltr'><strong>et</strong></span> <span class='ocrx_word' id='word_1_154' title='bbox 1766 1959 2090 2035; x_wconf 87' lang='lat' dir='ltr'><strong>principum</strong></span> <span class='ocrx_word' id='word_1_155' title='bbox 2130 1965 2189 2016; x_wconf 90' lang='lat' dir='ltr'><strong>et</strong></span> <span class='ocrx_word' id='word_1_156' title='bbox 2236 1972 2428 2033; x_wconf 80' lang='lat' dir='ltr'><strong>regum</strong></span> <span class='ocrx_word' id='word_1_157' title='bbox 2460 1967 2508 2009; x_wconf 83' lang='lat' dir='ltr'><strong>se</strong></span> 
     </span>
     <span class='ocr_line' id='line_1_21' title="bbox 539 2035 2551 2112; baseline -0.002 -18"><span class='ocrx_word' id='word_1_158' title='bbox 539 2037 872 2096; x_wconf 86' lang='lat' dir='ltr'><strong>excessisse</strong></span> <span class='ocrx_word' id='word_1_159' title='bbox 920 2035 1243 2112; x_wconf 80' lang='lat' dir='ltr'><strong>fastigium,</strong></span> <span class='ocrx_word' id='word_1_160' title='bbox 1309 2035 1557 2096; x_wconf 82' lang='lat' dir='ltr'><strong>divinam</strong></span> <span class='ocrx_word' id='word_1_161' title='bbox 1613 2057 1689 2098; x_wconf 82' lang='lat' dir='ltr'><strong>ex</strong></span> <span class='ocrx_word' id='word_1_162' title='bbox 1736 2057 1810 2098; x_wconf 90' lang='lat' dir='ltr'><strong>eo</strong></span> <span class='ocrx_word' id='word_1_163' title='bbox 1860 2042 2221 2100; x_wconf 87' lang='lat' dir='ltr'><strong>maiestatem</strong></span> <span class='ocrx_word' id='word_1_164' title='bbox 2276 2049 2551 2101; x_wconf 61' lang='lat' dir='ltr'><strong>assererem</strong></span> 
     </span>
     <span class='ocr_line' id='line_1_22' title="bbox 541 2117 2509 2200; baseline -0.003 -21"><span class='ocrx_word' id='word_1_165' title='bbox 541 2119 650 2179; x_wconf 84' lang='lat' dir='ltr'><strong>sibi</strong></span> <span class='ocrx_word' id='word_1_166' title='bbox 703 2121 932 2200; x_wconf 86' lang='lat' dir='ltr'><strong>coepit;</strong></span> <span class='ocrx_word' id='word_1_167' title='bbox 997 2119 1246 2198; x_wconf 88' lang='lat' dir='ltr'><strong>datoque</strong></span> <span class='ocrx_word' id='word_1_168' title='bbox 1305 2123 1545 2196; x_wconf 84' lang='lat' dir='ltr'><strong>negotio</strong></span> <span class='ocrx_word' id='word_1_169' title='bbox 1604 2131 1665 2182; x_wconf 91' lang='lat' dir='ltr'><strong>ut</strong></span> <span class='ocrx_word' id='word_1_170' title='bbox 1720 2123 2023 2183; x_wconf 88' lang='lat' dir='ltr'><strong>simulacra</strong></span> <span class='ocrx_word' id='word_1_171' title='bbox 2076 2124 2361 2192; x_wconf 83' lang='lat' dir='ltr'><strong>numinum</strong></span> <span class='ocrx_word' id='word_1_172' title='bbox 2407 2117 2509 2178; x_wconf 90' lang='lat' dir='ltr'><strong>reli·</strong></span> 
     </span>
     <span class='ocr_line' id='line_1_23' title="bbox 539 2203 2509 2285; baseline -0.001 -24"><span class='ocrx_word' id='word_1_173' title='bbox 539 2205 716 2282; x_wconf 86' lang='lat' dir='ltr'><strong>gione</strong></span> <span class='ocrx_word' id='word_1_174' title='bbox 761 2213 818 2263; x_wconf 88' lang='lat' dir='ltr'><strong>et</strong></span> <span class='ocrx_word' id='word_1_175' title='bbox 862 2213 986 2264; x_wconf 89' lang='lat' dir='ltr'><strong>arte</strong></span> <span class='ocrx_word' id='word_1_176' title='bbox 1030 2203 1366 2282; x_wconf 86' lang='lat' dir='ltr'><strong>praeclara,</strong></span> <span class='ocrx_word' id='word_1_177' title='bbox 1426 2205 1578 2264; x_wconf 87' lang='lat' dir='ltr'><strong>inter</strong></span> <span class='ocrx_word' id='word_1_178' title='bbox 1619 2223 1770 2284; x_wconf 85' lang='lat' dir='ltr'><strong>quae</strong></span> <span class='ocrx_word' id='word_1_179' title='bbox 1809 2203 2038 2285; x_wconf 76' lang='lat' dir='ltr'><strong>Olympi</strong></span> <span class='ocrx_word' id='word_1_180' title='bbox 2074 2205 2271 2284; x_wconf 85' lang='lat' dir='ltr'><strong>Iovis,</strong></span> <span class='ocrx_word' id='word_1_181' title='bbox 2332 2218 2509 2283; x_wconf 89' lang='lat' dir='ltr'><strong>appor-</strong></span> 
     </span>
     <span class='ocr_line' id='line_1_24' title="bbox 539 2286 2510 2369; baseline -0.003 -23"><span class='ocrx_word' id='word_1_182' title='bbox 539 2295 794 2347; x_wconf 88' lang='lat' dir='ltr'><strong>tarentur</strong></span> <span class='ocrx_word' id='word_1_183' title='bbox 828 2306 861 2346; x_wconf 89' lang='lat' dir='ltr'><strong>e</strong></span> <span class='ocrx_word' id='word_1_184' title='bbox 895 2288 1168 2362; x_wconf 87' lang='lat' dir='ltr'><strong>Graecia,</strong></span> <span class='ocrx_word' id='word_1_185' title='bbox 1227 2286 1433 2365; x_wconf 89' lang='lat' dir='ltr'><strong>quibus</strong></span> <span class='ocrx_word' id='word_1_186' title='bbox 1476 2291 1667 2366; x_wconf 89' lang='lat' dir='ltr'><strong>capite</strong></span> <span class='ocrx_word' id='word_1_187' title='bbox 1708 2289 1943 2368; x_wconf 87' lang='lat' dir='ltr'><strong>dempto</strong></span> <span class='ocrx_word' id='word_1_188' title='bbox 1992 2308 2154 2349; x_wconf 90' lang='lat' dir='ltr'><strong>suum</strong></span> <span class='ocrx_word' id='word_1_189' title='bbox 2194 2291 2510 2369; x_wconf 85' lang='lat' dir='ltr'><strong>imponeret,</strong></span> 
     </span>
     <span class='ocr_line' id='line_1_25' title="bbox 541 2369 2509 2452; baseline -0.003 -22"><span class='ocrx_word' id='word_1_190' title='bbox 541 2379 763 2450; x_wconf 89' lang='lat' dir='ltr'><strong>partem</strong></span> <span class='ocrx_word' id='word_1_191' title='bbox 791 2371 994 2431; x_wconf 88' lang='lat' dir='ltr'><strong>Palatii</strong></span> <span class='ocrx_word' id='word_1_192' title='bbox 1027 2370 1098 2430; x_wconf 87' lang='lat' dir='ltr'><strong>ad</strong></span> <span class='ocrx_word' id='word_1_193' title='bbox 1137 2371 1324 2430; x_wconf 81' lang='lat' dir='ltr'><strong>forum</strong></span> <span class='ocrx_word' id='word_1_194' title='bbox 1360 2389 1541 2449; x_wconf 88' lang='lat' dir='ltr'><strong>usque</strong></span> <span class='ocrx_word' id='word_1_195' title='bbox 1586 2374 1909 2450; x_wconf 83' lang='lat' dir='ltr'><strong>promovit,</strong></span> <span class='ocrx_word' id='word_1_196' title='bbox 1952 2381 2126 2452; x_wconf 88' lang='lat' dir='ltr'><strong>atque</strong></span> <span class='ocrx_word' id='word_1_197' title='bbox 2158 2374 2309 2433; x_wconf 86' lang='lat' dir='ltr'><strong>aede</strong></span> <span class='ocrx_word' id='word_1_198' title='bbox 2340 2369 2509 2431; x_wconf 84' lang='lat' dir='ltr'><strong>Casto-</strong></span> 
     </span>
     <span class='ocr_line' id='line_1_26' title="bbox 537 2452 2555 2533; baseline -0 -21"><span class='ocrx_word' id='word_1_199' title='bbox 537 2456 618 2512; x_wconf 86' lang='lat' dir='ltr'><strong>ris</strong></span> <span class='ocrx_word' id='word_1_200' title='bbox 649 2462 709 2513; x_wconf 89' lang='lat' dir='ltr'><strong>et</strong></span> <span class='ocrx_word' id='word_1_201' title='bbox 742 2452 994 2514; x_wconf 89' lang='lat' dir='ltr'><strong>Pollucis</strong></span> <span class='ocrx_word' id='word_1_202' title='bbox 1026 2457 1082 2512; x_wconf 91' lang='lat' dir='ltr'><strong>in</strong></span> <span class='ocrx_word' id='word_1_203' title='bbox 1114 2453 1459 2513; x_wconf 82' lang='lat' dir='ltr'><strong>vestibulum</strong></span> <span class='ocrx_word' id='word_1_204' title='bbox 1490 2456 1927 2533; x_wconf 83' lang='lat' dir='ltr'><strong>transfigurata,</strong></span> <span class='ocrx_word' id='word_1_205' title='bbox 1984 2459 2317 2517; x_wconf 83' lang='lat' dir='ltr'><strong>consistens</strong></span> <span class='ocrx_word' id='word_1_206' title='bbox 2360 2461 2555 2526; x_wconf 73' lang='lat' dir='ltr'><strong>saepe2⁵</strong></span> 
     </span>
     <span class='ocr_line' id='line_1_27' title="bbox 536 2533 2509 2612; baseline 0.001 -20"><span class='ocrx_word' id='word_1_207' title='bbox 536 2537 686 2593; x_wconf 89' lang='lat' dir='ltr'><strong>inter</strong></span> <span class='ocrx_word' id='word_1_208' title='bbox 725 2535 935 2594; x_wconf 84' lang='lat' dir='ltr'><strong>fratres</strong></span> <span class='ocrx_word' id='word_1_209' title='bbox 976 2536 1151 2612; x_wconf 89' lang='lat' dir='ltr'><strong>deos,</strong></span> <span class='ocrx_word' id='word_1_210' title='bbox 1211 2536 1456 2596; x_wconf 90' lang='lat' dir='ltr'><strong>medium</strong></span> <span class='ocrx_word' id='word_1_211' title='bbox 1504 2537 1851 2598; x_wconf 89' lang='lat' dir='ltr'><strong>adorandum</strong></span> <span class='ocrx_word' id='word_1_212' title='bbox 1892 2557 1959 2598; x_wconf 91' lang='lat' dir='ltr'><strong>se</strong></span> <span class='ocrx_word' id='word_1_213' title='bbox 2001 2539 2339 2600; x_wconf 86' lang='lat' dir='ltr'><strong>adeuntibus</strong></span> <span class='ocrx_word' id='word_1_214' title='bbox 2380 2533 2509 2595; x_wconf 88' lang='lat' dir='ltr'><strong>exhi-</strong></span> 
     </span>
     <span class='ocr_line' id='line_1_28' title="bbox 537 2617 2510 2696; baseline 0.001 -20"><span class='ocrx_word' id='word_1_215' title='bbox 537 2617 743 2686; x_wconf 87' lang='lat' dir='ltr'><strong>bebat;</strong></span> <span class='ocrx_word' id='word_1_216' title='bbox 820 2627 877 2676; x_wconf 93' lang='lat' dir='ltr'><strong>et</strong></span> <span class='ocrx_word' id='word_1_217' title='bbox 921 2617 1148 2696; x_wconf 86' lang='lat' dir='ltr'><strong>quidam</strong></span> <span class='ocrx_word' id='word_1_218' title='bbox 1191 2637 1319 2678; x_wconf 89' lang='lat' dir='ltr'><strong>eum</strong></span> <span class='ocrx_word' id='word_1_219' title='bbox 1368 2619 1736 2681; x_wconf 89' lang='lat' dir='ltr'><strong>Latiarem</strong></span> <span class='ocrx_word' id='word_1_220' title='bbox 1787 2621 2035 2682; x_wconf 86' lang='lat' dir='ltr'><strong>Iovem</strong></span> <span class='ocrx_word' id='word_1_221' title='bbox 2092 2622 2510 2683; x_wconf 80' lang='lat' dir='ltr'><strong>consalutarunt-</strong></span> 
     </span>
     <span class='ocr_line' id='line_1_29' title="bbox 538 2700 2510 2784; baseline 0.001 -23"><span class='ocrx_word' id='word_1_222' title='bbox 538 2700 839 2779; x_wconf 90' lang='lat' dir='ltr'><strong>Templum</strong></span> <span class='ocrx_word' id='word_1_223' title='bbox 881 2702 1049 2762; x_wconf 87' lang='lat' dir='ltr'><strong>etiam</strong></span> <span class='ocrx_word' id='word_1_224' title='bbox 1092 2704 1302 2761; x_wconf 89' lang='lat' dir='ltr'><strong>numini</strong></span> <span class='ocrx_word' id='word_1_225' title='bbox 1347 2720 1455 2762; x_wconf 90' lang='lat' dir='ltr'><strong>suo</strong></span> <span class='ocrx_word' id='word_1_226' title='bbox 1509 2708 1807 2784; x_wconf 87' lang='lat' dir='ltr'><strong>proprium</strong></span> <span class='ocrx_word' id='word_1_227' title='bbox 1849 2715 1909 2764; x_wconf 89' lang='lat' dir='ltr'><strong>et</strong></span> <span class='ocrx_word' id='word_1_228' title='bbox 1958 2707 2304 2766; x_wconf 88' lang='lat' dir='ltr'><strong>sacerdotes</strong></span> <span class='ocrx_word' id='word_1_229' title='bbox 2342 2713 2398 2764; x_wconf 90' lang='lat' dir='ltr'><strong>et</strong></span> <span class='ocrx_word' id='word_1_230' title='bbox 2432 2717 2510 2758; x_wconf 82' lang='lat' dir='ltr'><strong>ex·</strong></span> 
     </span>
     <span class='ocr_line' id='line_1_30' title="bbox 539 2785 2510 2867; baseline 0 -23"><span class='ocrx_word' id='word_1_231' title='bbox 539 2787 986 2862; x_wconf 87' lang='lat' dir='ltr'><strong>cogitatissimas</strong></span> <span class='ocrx_word' id='word_1_232' title='bbox 1034 2785 1255 2847; x_wconf 87' lang='lat' dir='ltr'><strong>hostias</strong></span> <span class='ocrx_word' id='word_1_233' title='bbox 1288 2787 1545 2846; x_wconf 87' lang='lat' dir='ltr'><strong>instituit.</strong></span> <span class='ocrx_word' id='word_1_234' title='bbox 1633 2788 1699 2848; x_wconf 92' lang='lat' dir='ltr'><strong>In</strong></span> <span class='ocrx_word' id='word_1_235' title='bbox 1741 2790 1958 2867; x_wconf 91' lang='lat' dir='ltr'><strong>templo</strong></span> <span class='ocrx_word' id='word_1_236' title='bbox 2008 2789 2369 2850; x_wconf 86' lang='lat' dir='ltr'><strong>simulacrum</strong></span> <span class='ocrx_word' id='word_1_237' title='bbox 2419 2791 2510 2844; x_wconf 79' lang='lat' dir='ltr'><strong>sta-</strong></span> 
     </span>
     <span class='ocr_line' id='line_1_31' title="bbox 537 2863 2557 2950; baseline 0.001 -22"><span class='ocrx_word' id='word_1_238' title='bbox 537 2868 636 2928; x_wconf 87' lang='lat' dir='ltr'><strong>bat</strong></span> <span class='ocrx_word' id='word_1_239' title='bbox 677 2887 910 2929; x_wconf 88' lang='lat' dir='ltr'><strong>aureum</strong></span> <span class='ocrx_word' id='word_1_240' title='bbox 955 2869 1270 2946; x_wconf 92' lang='lat' dir='ltr'><strong>iconicum,</strong></span> <span class='ocrx_word' id='word_1_241' title='bbox 1333 2869 1820 2950; x_wconf 83' lang='lat' dir='ltr'><strong>amiciebaturque</strong></span> <span class='ocrx_word' id='word_1_242' title='bbox 1868 2871 2078 2932; x_wconf 90' lang='lat' dir='ltr'><strong>cotidie</strong></span> <span class='ocrx_word' id='word_1_243' title='bbox 2123 2883 2322 2949; x_wconf 88' lang='lat' dir='ltr'><strong>veste,</strong></span> <span class='ocrx_word' id='word_1_244' title='bbox 2382 2863 2557 2948; x_wconf 74' lang='lat' dir='ltr'><strong>qualiso</strong></span> 
     </span>
     <span class='ocr_line' id='line_1_32' title="bbox 538 2952 2511 3034; baseline 0 -23"><span class='ocrx_word' id='word_1_245' title='bbox 538 2954 664 3031; x_wconf 89' lang='lat' dir='ltr'><strong>ipse</strong></span> <span class='ocrx_word' id='word_1_246' title='bbox 709 2963 986 3013; x_wconf 86' lang='lat' dir='ltr'><strong>uteretur.</strong></span> <span class='ocrx_word' id='word_1_247' title='bbox 1074 2952 1409 3028; x_wconf 81' lang='lat' dir='ltr'><strong>Magisteria</strong></span> <span class='ocrx_word' id='word_1_248' title='bbox 1468 2954 1777 3015; x_wconf 87' lang='lat' dir='ltr'><strong>sacerdotii</strong></span> <span class='ocrx_word' id='word_1_249' title='bbox 1820 2955 2129 3016; x_wconf 88' lang='lat' dir='ltr'><strong>ditissimus</strong></span> <span class='ocrx_word' id='word_1_250' title='bbox 2178 2958 2418 3034; x_wconf 89' lang='lat' dir='ltr'><strong>quisque</strong></span> <span class='ocrx_word' id='word_1_251' title='bbox 2468 2954 2511 3005; x_wconf 75' lang='lat' dir='ltr'><strong>et</strong></span> 
     </span>
     <span class='ocr_line' id='line_1_33' title="bbox 537 3033 2510 3118; baseline -0.001 -22"><span class='ocrx_word' id='word_1_252' title='bbox 537 3035 845 3097; x_wconf 86' lang='lat' dir='ltr'><strong>ambitione</strong></span> <span class='ocrx_word' id='word_1_253' title='bbox 890 3046 949 3096; x_wconf 86' lang='lat' dir='ltr'><strong>et</strong></span> <span class='ocrx_word' id='word_1_254' title='bbox 988 3036 1306 3097; x_wconf 88' lang='lat' dir='ltr'><strong>licitatione</strong></span> <span class='ocrx_word' id='word_1_255' title='bbox 1351 3038 1595 3097; x_wconf 85' lang='lat' dir='ltr'><strong>maxima</strong></span> <span class='ocrx_word' id='word_1_256' title='bbox 1638 3038 1862 3098; x_wconf 82' lang='lat' dir='ltr'><strong>vicibus</strong></span> <span class='ocrx_word' id='word_1_257' title='bbox 1914 3039 2344 3118; x_wconf 86' lang='lat' dir='ltr'><strong>comparabant.</strong></span> <span class='ocrx_word' id='word_1_258' title='bbox 2414 3033 2510 3094; x_wconf 75' lang='lat'><em>110-</em></span> 
     </span>
     <span class='ocr_line' id='line_1_34' title="bbox 537 3119 2582 3201; baseline -0.003 -22"><span class='ocrx_word' id='word_1_259' title='bbox 537 3121 682 3180; x_wconf 84' lang='lat' dir='ltr'><strong>stiae</strong></span> <span class='ocrx_word' id='word_1_260' title='bbox 717 3128 882 3182; x_wconf 88' lang='lat' dir='ltr'><strong>erant</strong></span> <span class='ocrx_word' id='word_1_261' title='bbox 922 3120 1405 3200; x_wconf 89' lang='lat' dir='ltr'><strong>phoenicopteri,</strong></span> <span class='ocrx_word' id='word_1_262' title='bbox 1469 3138 1761 3201; x_wconf 81' lang='lat' dir='ltr'><strong>pavones,</strong></span> <span class='ocrx_word' id='word_1_263' title='bbox 1814 3131 2138 3200; x_wconf 90' lang='lat' dir='ltr'><strong>tetraones‚</strong></span> <span class='ocrx_word' id='word_1_264' title='bbox 2198 3119 2508 3186; x_wconf 87' lang='lat' dir='ltr'><strong>numidicae,</strong></span> <span class='ocrx_word' id='word_1_265' title='bbox 2581 3155 2582 3188; x_wconf 62' lang='lat'><em>3</em></span> 
     </span>
     <span class='ocr_line' id='line_1_35' title="bbox 535 3200 2582 3284; baseline 0.003 -25"><span class='ocrx_word' id='word_1_266' title='bbox 535 3200 952 3280; x_wconf 87' lang='lat' dir='ltr'><strong>meleagrides,</strong></span> <span class='ocrx_word' id='word_1_267' title='bbox 1017 3203 1362 3282; x_wconf 89' lang='lat' dir='ltr'><strong>phasianae,</strong></span> <span class='ocrx_word' id='word_1_268' title='bbox 1410 3221 1557 3282; x_wconf 87' lang='lat' dir='ltr'><strong>qnae</strong></span> <span class='ocrx_word' id='word_1_269' title='bbox 1593 3206 1911 3282; x_wconf 87' lang='lat' dir='ltr'><strong>generatim</strong></span> <span class='ocrx_word' id='word_1_270' title='bbox 1956 3224 2064 3284; x_wconf 87' lang='lat' dir='ltr'><strong>per</strong></span> <span class='ocrx_word' id='word_1_271' title='bbox 2105 3204 2366 3282; x_wconf 87' lang='lat' dir='ltr'><strong>singulos</strong></span> <span class='ocrx_word' id='word_1_272' title='bbox 2406 3201 2509 3260; x_wconf 82' lang='lat' dir='ltr'><strong>dies</strong></span> <span class='ocrx_word' id='word_1_273' title='bbox 2581 3241 2582 3266; x_wconf 73' lang='lat' dir='ltr'>i</span> 
     </span>
     <span class='ocr_line' id='line_1_36' title="bbox 535 3281 2582 3366; baseline 0.001 -24"><span class='ocrx_word' id='word_1_274' title='bbox 535 3285 980 3344; x_wconf 89' lang='lat' dir='ltr'><strong>immolarentur.</strong></span> <span class='ocrx_word' id='word_1_275' title='bbox 1067 3285 1144 3345; x_wconf 87' lang='lat' dir='ltr'><strong>Et</strong></span> <span class='ocrx_word' id='word_1_276' title='bbox 1200 3286 1466 3346; x_wconf 86' lang='lat' dir='ltr'><strong>noctibus</strong></span> <span class='ocrx_word' id='word_1_277' title='bbox 1529 3286 1755 3366; x_wconf 91' lang='lat' dir='ltr'><strong>quidem</strong></span> <span class='ocrx_word' id='word_1_278' title='bbox 1812 3288 2039 3366; x_wconf 88' lang='lat' dir='ltr'><strong>plenam</strong></span> <span class='ocrx_word' id='word_1_279' title='bbox 2101 3281 2582 3366; x_wconf 68' lang='lat' dir='ltr'><strong>fulgentemquezs&#39;</strong></span> 
     </span>
     <span class='ocr_line' id='line_1_37' title="bbox 534 3365 2582 3451; baseline 0.003 -26"><span class='ocrx_word' id='word_1_280' title='bbox 534 3365 722 3425; x_wconf 88' lang='lat' dir='ltr'><strong>lunam</strong></span> <span class='ocrx_word' id='word_1_281' title='bbox 763 3366 1038 3428; x_wconf 81' lang='lat' dir='ltr'><strong>invitabat</strong></span> <span class='ocrx_word' id='word_1_282' title='bbox 1075 3368 1304 3428; x_wconf 84' lang='lat' dir='ltr'><strong>assidue</strong></span> <span class='ocrx_word' id='word_1_283' title='bbox 1345 3372 1403 3429; x_wconf 90' lang='lat' dir='ltr'><strong>in</strong></span> <span class='ocrx_word' id='word_1_284' title='bbox 1450 3371 1747 3450; x_wconf 87' lang='lat' dir='ltr'><strong>amplexus</strong></span> <span class='ocrx_word' id='word_1_285' title='bbox 1798 3379 1967 3451; x_wconf 89' lang='lat' dir='ltr'><strong>atque</strong></span> <span class='ocrx_word' id='word_1_286' title='bbox 2013 3371 2403 3446; x_wconf 82' lang='lat' dir='ltr'><strong>concubitum,</strong></span> <span class='ocrx_word' id='word_1_287' title='bbox 2441 3367 2507 3423; x_wconf 82' lang='lat' dir='ltr'><strong>in·</strong></span> <span class='ocrx_word' id='word_1_288' title='bbox 2581 3385 2582 3432; x_wconf 63' lang='grc' dir='ltr'><em>ὲ</em></span> 
     </span>
     <span class='ocr_line' id='line_1_38' title="bbox 533 3445 2582 3531; baseline 0.002 -26"><span class='ocrx_word' id='word_1_289' title='bbox 533 3446 720 3506; x_wconf 90' lang='lat' dir='ltr'><strong>terdiu</strong></span> <span class='ocrx_word' id='word_1_290' title='bbox 748 3464 890 3507; x_wconf 84' lang='lat' dir='ltr'><strong>vero</strong></span> <span class='ocrx_word' id='word_1_291' title='bbox 924 3467 1052 3510; x_wconf 91' lang='lat' dir='ltr'><strong>cum</strong></span> <span class='ocrx_word' id='word_1_292' title='bbox 1083 3449 1412 3528; x_wconf 87' lang='lat' dir='ltr'><strong>Capitolino</strong></span> <span class='ocrx_word' id='word_1_293' title='bbox 1454 3455 1595 3515; x_wconf 84' lang='lat' dir='ltr'><strong>love</strong></span> <span class='ocrx_word' id='word_1_294' title='bbox 1640 3463 1871 3515; x_wconf 88' lang='lat' dir='ltr'><strong>secreto</strong></span> <span class='ocrx_word' id='word_1_295' title='bbox 1917 3454 2307 3531; x_wconf 79' lang='lat' dir='ltr'><strong>fabulabatur,</strong></span> <span class='ocrx_word' id='word_1_296' title='bbox 2356 3447 2507 3511; x_wconf 87' lang='lat' dir='ltr'><strong>modo</strong></span> <span class='ocrx_word' id='word_1_297' title='bbox 2581 3445 2582 3456; x_wconf 73' lang='grc'>’</span> 
     </span>
     <span class='ocr_line' id='line_1_39' title="bbox 533 3515 2509 3614; baseline 0.002 -26"><span class='ocrx_word' id='word_1_298' title='bbox 533 3515 894 3590; x_wconf 74' lang='lat' dir='ltr'><strong>insusifrrans</strong></span> <span class='ocrx_word' id='word_1_299' title='bbox 927 3550 996 3592; x_wconf 90' lang='lat' dir='ltr'><strong>ac</strong></span> <span class='ocrx_word' id='word_1_300' title='bbox 1036 3533 1324 3612; x_wconf 90' lang='lat' dir='ltr'><strong>praebens</strong></span> <span class='ocrx_word' id='word_1_301' title='bbox 1354 3537 1413 3594; x_wconf 88' lang='lat' dir='ltr'><strong>in</strong></span> <span class='ocrx_word' id='word_1_302' title='bbox 1453 3540 1639 3596; x_wconf 84' lang='lat' dir='ltr'><strong>vicem</strong></span> <span class='ocrx_word' id='word_1_303' title='bbox 1684 3555 1911 3614; x_wconf 85' lang='lat' dir='ltr'><strong>aurem,</strong></span> <span class='ocrx_word' id='word_1_304' title='bbox 1968 3538 2140 3599; x_wconf 90' lang='lat' dir='ltr'><strong>modo</strong></span> <span class='ocrx_word' id='word_1_305' title='bbox 2175 3538 2381 3599; x_wconf 86' lang='lat' dir='ltr'><strong>clarius</strong></span> <span class='ocrx_word' id='word_1_306' title='bbox 2414 3546 2509 3592; x_wconf 76' lang='lat' dir='ltr'><strong>nec</strong></span> 
     </span>
    </p>
   </div>
   <div class='ocr_carea' id='block_1_3' title="bbox 2569 413 2594 2522">
    <p class='ocr_par' dir='ltr' id='par_1_5' title="bbox 2569 413 2594 2522">
     <span class='ocr_line' id='line_1_40' title="bbox 2569 413 2594 2522; baseline 0 0"><span class='ocrx_word' id='word_1_307' title='bbox 2569 413 2594 2522; x_wconf 95' lang='lat' dir='ltr'><strong> </strong></span> 
     </span>
    </p>
   </div>
   <div class='ocr_carea' id='block_1_4' title="bbox 2574 2939 2589 4215">
    <p class='ocr_par' dir='ltr' id='par_1_6' title="bbox 2574 2939 2589 4215">
     <span class='ocr_line' id='line_1_41' title="bbox 2574 2939 2589 4215; baseline 0 0"><span class='ocrx_word' id='word_1_308' title='bbox 2574 2939 2589 4215; x_wconf 95' lang='lat' dir='ltr'><strong> </strong></span> 
     </span>
    </p>
   </div>
  </div>
 </body>
</html>
