2700 4234
902 337 916 344 “
1005 337 1349 386 neamus.
1559 397 1577 418 ἦ
1652 289 1836 422 ἴς,Ψ
2114 325 2195 388 87

209 489 355 570 plebi
386 489 489 550 fuit
521 490 837 554 secedendi
869 511 1068 554 rursus
1101 511 1133 553 a
1163 491 1446 572 patribus,
1472 473 1783 560 (Claudius
1809 492 2052 570 Drusus,
2083 501 2196 553 sta-

206 584 290 635 tua
331 573 437 634 sibi
467 573 789 636 diademata
819 574 891 636 ad
917 576 1080 656 Appi
1113 576 1326 638 Forum
1357 579 1581 656 posita,
1622 576 1843 637 Italiam
1881 594 1988 655 per
2022 576 2197 636 clien-

205 658 339 720 telas
382 676 676 740 occupare
717 663 1072 756 temptavit.)
1120 660 1393 721 Claudius
1438 661 1687 722 Pulcher
1728 660 1882 740 apud
1921 659 2197 736 Siciliam,
2260 655 2267 660 ’

201 759 308 802 non
347 743 722 822 pascentibus
765 746 824 804 in
857 745 1212 824 auspicando
1244 745 1417 825 pullis
1448 763 1519 804 ac
1551 763 1660 824 per
1688 752 2079 822 contemptum
2109 761 2199 802 re-

159 827 422 904 tligionis
461 830 604 887 mari
649 829 960 906 demersis,
1003 832 1166 908 quasi
1205 837 1276 890 ut
1311 829 1589 890 biberent
1618 828 1867 909 quando
1901 845 2038 888 esse
2065 827 2198 888 nol-

197 911 346 987 lent,
398 912 686 991 proelium
728 912 935 973 navale
983 914 1136 984 iniit;
1191 923 1648 993 superatusque,
1694 930 1821 973 cum
1862 911 2203 974 dictatorem

197 995 386 1063 dicere
429 1014 464 1055 a
510 1005 716 1056 senatu
745 996 1073 1075 iuberetur,
1118 997 1280 1058 velut
1320 1000 1525 1058 iterum
1570 995 1837 1058 inludens
1887 995 2200 1056 discrimini

194 1079 454 1158 public-0,
489 1081 713 1141 Glician
738 1082 1018 1141 viatorem
1051 1099 1212 1142 snum
1243 1082 1403 1142 dixit.

310 1163 525 1224 Extant
543 1173 602 1224 et
619 1164 959 1226 feminarum
977 1165 1246 1245 exempla
1262 1166 1493 1227 diversa
1522 1182 1730 1243 aeque,
1748 1163 2031 1242 siquidem
2055 1180 2201 1240 gen-

130 1260 176 1302 ιο
192 1249 263 1307 tis
304 1249 560 1308 eiusdem
598 1257 839 1328 utraque
875 1247 1116 1310 Claudia
1146 1250 1286 1327 fuit,
1323 1258 1383 1309 et
1418 1267 1567 1328 quae
1602 1265 1811 1308 navem
1851 1265 1977 1306 cum
2018 1247 2201 1305 sacris

189 1331 386 1393 Matris
436 1333 607 1394 deum
657 1332 870 1392 Idaeae
922 1333 1338 1394 obhaerentem
1386 1333 1662 1394 Tiberino
1719 1331 1871 1392 vado
1930 1329 2200 1404 extraxit,

191 1425 424 1495 precata
456 1416 764 1496 propalam
783 1463 801 1495 ,
835 1425 905 1478 ut
933 1418 1024 1479 ita
1053 1417 1292 1478 demum
1320 1435 1392 1478 se
1420 1423 1779 1498 sequeretur
1798 1461 1815 1491 ,
1848 1415 1908 1474 si
1934 1413 2059 1474 sibi
2082 1431 2197 1491 pu·

191 1500 400 1562 dicitia
441 1507 808 1572 constant,-
867 1511 926 1562 et
968 1520 1116 1581 quae
1163 1519 1320 1563 novo
1364 1519 1529 1561 more
1571 1500 1840 1560 iudicium
1882 1497 2203 1558 maiestatis

191 1585 334 1663 apud
389 1585 673 1664 populum
724 1585 930 1646 mulier
981 1585 1188 1662 subiit,
1244 1585 1400 1664 quod
1440 1586 1498 1644 in
1540 1584 1801 1642 conferta
1846 1581 2203 1641 multitudine

131 1679 175 1721 ¹⁵
192 1687 363 1746 aegre
397 1669 766 1747 procedente
800 1679 1082 1748 carpento
1113 1669 1305 1749 palam
1335 1675 1673 1748 optaverat,
1719 1671 1787 1726 ut
1813 1664 2024 1744 frater
2052 1680 2205 1724 suus

191 1751 444 1814 Pulcher
485 1755 907 1814 reuiuesceret
921 1755 929 1760 “
945 1760 1132 1834 atque
1161 1754 1384 1813 iterum
1411 1753 1678 1812 classem
1706 1750 2040 1822 amitteret,
2085 1764 2204 1826 quo

190 1837 380 1898 minor
429 1837 628 1898 turba
672 1837 914 1899 Romae
959 1837 1147 1916 foret.
1240 1837 1555 1898 Praeterea
1623 1833 2041 1896 notatissimum
2094 1833 2203 1907 est,

193 1919 458 1982 Claudios
495 1923 710 1998 omnis,
743 1932 1000 2001 excepto
1034 1922 1345 1982 dumtaxat
1373 1921 1437 1982 P.
1475 1918 1720 1996 Clodio,
1756 1919 1851 1997 qui
1882 1915 1959 1976 ob
2000 1913 2203 1994 expel-

191 2004 409 2066 lendum
451 2004 605 2065 urbe
639 2003 988 2066 Ciceronem
1017 2005 1253 2085 plebeio
1285 2005 1499 2066 homini
1534 2013 1705 2084 atque
1736 2003 1909 2062 etiam
1938 2008 2072 2060 natu
2102 1997 2204 2057 mi-

131 2091 312 2149 2⁰nori
347 2091 404 2148 in
437 2089 820 2168 adoptionem
847 2109 914 2150 se
947 2089 1133 2167 dedit,
1167 2091 1478 2168 optimates
1510 2088 1965 2163 adsertoresque
1998 2085 2207 2142 unicos

193 2173 477 2250 dignitatis
551 2191 622 2233 ac
683 2176 978 2252 potentiae
1032 2175 1403 2253 patriciorum
1460 2189 1694 2251 semper
1750 2170 1963 2244 fuisse,
2033 2174 2207 2244 atque

193 2257 461 2318 adversus
495 2256 738 2337 plebem
765 2258 912 2319 adeo
943 2258 1240 2320 violentos
1270 2267 1328 2318 et
1359 2265 1762 2330 contumaceS,
1793 2260 1855 2311 ut
1884 2269 1961 2311 ue
1997 2248 2206 2329 capitis

194 2340 410 2420 quidem
455 2342 766 2421 quisquam
796 2361 932 2404 reus
968 2342 1121 2422 apud
1161 2341 1441 2421 populum
1470 2347 1693 2399 mutare
1724 2344 1950 2396 vestem
1982 2342 2081 2393 aut
2110 2332 2208 2390 de-

196 2427 414 2503 precari
447 2427 816 2497 sustinuerit3
851 2427 1110 2487 nonnulli
1139 2427 1196 2485 in
1227 2425 1611 2485 altercatione
1642 2430 1703 2482 et
1730 2420 1921 2496 iurgio
1946 2416 2209 2478 tribunos

135 2507 348 2587 zsplehi
379 2509 760 2589 pulsaverint.
827 2510 1014 2572 Etiam
1042 2510 1212 2587 virgo
1246 2509 1505 2570 Vestalis
1531 2507 1803 2581 fratrem,
1851 2503 2071 2562 iniussu
2105 2515 2209 2579 po-

201 2591 312 2670 puli
356 2594 837 2673 triumphantem,
885 2611 1132 2656 ascenso
1180 2591 1347 2653 simul
1396 2611 1597 2670 curru,
1640 2607 1822 2670 usque
1867 2588 1925 2646 in
1972 2584 2209 2664 Capito·

200 2675 324 2735 lium
361 2687 681 2756 prosecuta
723 2687 844 2756 est,
895 2697 970 2740 ne
1018 2688 1222 2739 vetare
1262 2686 1359 2737 aut
1400 2675 1769 2738 intercedere
1810 2673 1903 2733 fas
1946 2670 2212 2748 cuiquam

199 2759 546 2822 tribunorum
577 2771 756 2822 esset.
2088 2773 2101 2784 ·

319 2843 412 2904 Ex
447 2845 562 2906 hac
612 2848 796 2926 stirpe
837 2846 1108 2910 Tiberius
1150 2843 1372 2910 Caesar
1414 2861 1601 2922 genus
1649 2840 1851 2915 trahit,
1894 2847 1953 2897 et
1982 2837 2268 2916 quideme,

139 2936 528 3008 neutrumque:
576 2940 877 3009 paternum
905 2950 938 2991 a
975 2930 1212 2992 Tiberio
1245 2929 1515 3004 Nerone,
1561 2934 1881 2986 maternum
1912 2921 1983 2982 ab
2014 2920 2212 3000 Appio

206 3008 476 3090 Pulchro,
521 3016 620 3092 qui
661 3014 832 3074 ambo
862 3015 1024 3094 Appi
1059 3012 1236 3074 Caeci
1281 3014 1381 3074 lilii
1421 3011 1670 3072 fuerunt.
1733 3007 1993 3067 Insertus
2036 3012 2127 3063 est
2156 3010 2216 3062 et

203 3091 482 3156 Liviorum
525 3099 806 3175 familiae,
854 3099 1133 3177 adoptato
1177 3098 1236 3156 in
1281 3115 1407 3157 eam
1440 3104 1701 3156 materno
1732 3109 1865 3152 avo.
1933 3089 2099 3165 Quae
2130 3086 2213 3146 fa·

206 3176 384 3257 milia,
435 3197 762 3261 quanquam
809 3183 1077 3262 plebeia,
1130 3191 1320 3242 tamen
1372 3190 1430 3240 et
1470 3182 1601 3259 ipsa
1650 3175 1955 3238 admodum
2000 3170 2213 3248 floruit,

211 3269 336 3323 octo
369 3265 766 3327 consulatibus
788 3313 806 3344 ,
855 3268 1120 3328 censuris
1155 3265 1409 3342 duabus,
1454 3261 1757 3341 triumphis
1782 3258 1999 3334 tribus,
2036 3256 2213 3316 dicta·

149 3352 194 3394 8⁵
213 3349 330 3406 tura
374 3349 546 3410 etiam
589 3369 660 3411 ac
690 3352 1029 3428 magisterio
1063 3350 1317 3429 equitum
1344 3349 1661 3417 honorata;
1702 3344 1860 3406 clara
1890 3352 1951 3405 et
1976 3340 2213 3418 insigni-

210 3424 314 3488 bus
347 3435 523 3511 viris,
569 3453 639 3496 ac
679 3437 928 3496 maxime
971 3435 1298 3496 Salinatore
1341 3433 1682 3510 Drusisque.
1761 3428 2052 3489 Salinator
2097 3424 2214 3483 uni-

212 3527 406 3576 versas
446 3518 630 3580 tribus
659 3523 719 3580 in
751 3519 1250 3600 censuratnotavit
1278 3517 1531 3578 levitatis
1559 3515 1827 3590 nomine,
1864 3507 2048 3590 quod,
2088 3523 2217 3565 cum

217 3609 276 3652 se
313 3607 449 3676 post
487 3605 740 3679 priorem
782 3603 1142 3666 consulatum
1190 3602 1367 3662 multa
1406 3602 1677 3670 inrogata
1712 3595 2215 3666 condemnassent,
