2700 4234
924 318 1341 369 PRAEFATIO.
1726 315 1736 324 ’
1805 325 2036 376 ΧΧΧῙΧ

226 491 379 534 nores
406 477 512 533 eod
536 476 743 549 Copes.
788 475 1011 534 vindob
1039 485 1087 536 1.
1137 479 1310 536 Busil.
1348 479 1422 537 ul.
1465 479 1801 538 Sabellicus.
1857 485 2032 541 miaews

226 563 424 618 Momm.
472 563 632 616 mirus
658 560 785 617 Med
809 565 860 618 1.
892 567 941 621 3.
990 561 1061 618 ιι.
1088 579 1356 620 romanas
1377 553 1546 620 'Puris
1559 570 1716 626 6116.
1753 566 1824 624 ul.
1855 559 2028 650 Edu!

224 652 284 706 16
308 647 590 703 intervallo
622 659 733 716 per
761 643 941 702 Velie.
976 644 1103 701 Med
1126 655 1174 705 1.
1208 653 1259 708 3.
1294 647 1371 704 ul.
1402 649 1544 703 inter
1573 649 1786 706 Memm.
1823 667 2029 724 maqnu

222 732 271 786 vi
297 744 403 800 per
440 729 598 786 Paris
616 733 775 788 6116.
808 729 879 784 al.
914 727 1049 784 Edd.
1090 721 1119 808 ΙΙ
1160 735 1261 802 39,
1290 737 1360 792 18
1383 733 1647 804 profiteri
1680 735 1788 791 eod
1809 735 2025 792 viterb.

222 813 521 886 Stephanus
556 827 662 885 pro
692 813 942 883 confiteri
982 805 996 890 Ι
1044 820 1110 874 31
1144 813 1400 885 farinast
1429 815 1736 874 Politiuuus
1779 835 1884 891 pro
1928 817 2028 892 fu-

219 901 335 952 rina
364 902 443 954 est
474 897 569 954 vel
593 895 799 967 farina
824 897 878 952 si
902 887 931 975 ΙΙ
957 901 1057 970 40,
1088 903 1157 955 22
1197 898 1433 956 cubiculi
1461 899 1642 956 Lares
1669 901 1888 974 Lipsius
1920 919 2026 975 pro

138 986 141 991 '
218 981 546 1038 cubiculares
584 973 594 1058 Ι
634 986 701 1040 31
732 980 881 1052 quod
909 1011 992 1020 —
1014 979 1197 1037 Roma
1230 989 1314 1039 est
1345 983 1584 1040 delenda
1621 992 1818 1042 censet
1845 985 2028 1057 Guyet

216 1071 269 1120 et
302 1063 697 1135 Cannegieter‚
728 1063 832 1122 cfr.
862 1065 1046 1136 Lydus
1072 1083 1131 1138 p.
1166 1073 1286 1138 101,
1319 1072 1388 1126 12
1418 1069 1591 1125 Boun.
1626 1059 1654 1145 ΙΙ
1681 1075 1769 1138 42,
1793 1075 1856 1127 21
1884 1087 2023 1139 par·

216 1148 340 1204 tibus
372 1147 685 1206 Beroaldus
714 1163 821 1220 pro
848 1149 1109 1219 patribus
1134 1141 1167 1230 ΙΙ
1195 1155 1294 1222 43,
1327 1156 1400 1211 28
1426 1159 1702 1223 compecto
1723 1152 1786 1209 Io
1799 1154 1869 1208 Fr
1885 1153 2026 1209 Gro-

216 1231 419 1290 novius.
467 1237 760 1302 empnam
788 1231 1011 1304 Lipsius
1042 1249 1146 1304 pro
1182 1239 1469 1306 conspecto
1497 1225 1526 1314 ΙΙ
1555 1239 1658 1307 44,
1693 1243 1758 1296 31
1791 1237 2024 1308 Cleopa-

216 1320 297 1370 tra
322 1315 525 1374 Heium.
559 1315 629 1372 Io
651 1314 723 1372 Fr
746 1312 1061 1372 Gronovius
1082 1335 1209 1390 ·pro
1240 1318 1568 1392 Cleopatrae
1603 1310 1614 1396 Ι
1651 1325 1720 1378 34
1761 1319 1872 1376 CN.
1905 1320 2024 1377 Do-

213 1401 399 1457 mitium
438 1397 730 1472 oportuit,
772 1399 877 1455 err.
921 1417 979 1472 p.
1026 1405 1127 1459 201
1144 1442 1161 1471 ,
1206 1407 1272 1462 37
1316 1393 1343 1483 ΙΙ
1383 1407 1483 1474 45,
1511 1409 1547 1462 4
1581 1406 1814 1475 repetita
1854 1404 2025 1464 Italia

213 1482 451 1540 Seheffer
484 1497 595 1556 pro
634 1485 831 1554 repetit
868 1485 982 1539 alia
1032 1481 1043 1556 Ι
1092 1491 1161 1546 28
1188 1485 1592 1544 Ptolemaeeum
1633 1489 1962 1559 Beruegger
1993 1477 2022 1566 ΙΙ

210 1572 291 1636 46,
314 1572 381 1628 29
418 1567 585 1626 Ubios
618 1565 901 1638 Pithoeus,
932 1568 1037 1624 sed
1066 1569 1169 1624 cfr.
1205 1571 1430 1626 Tacitus
1459 1587 1588 1627 auu.
1619 1576 1674 1640 2,
1707 1576 1792 1630 26.
1827 1572 2026 1628 Victor

210 1650 333 1722 epit.
380 1659 405 1710 1
431 1692 448 1721 ‚
486 1656 517 1712 7
560 1642 595 1730 ΙΙ
638 1656 736 1720 48,
768 1657 839 1712 28
882 1649 1073 1707 Sicilia
1117 1653 1225 1711 eod
1249 1653 1419 1710 Busil.
1457 1653 1597 1710 Edd.
1641 1669 1746 1724 pro
1790 1653 2020 1720 Officia!

208 1739 270 1792 32
295 1733 549 1807 perfecto
596 1747 705 1805 ego
747 1751 851 1808 pro
884 1735 1193 1808 inperfecto
1236 1728 1247 1815 Ι
1302 1743 1406 1808 49,
1440 1743 1509 1798 30
1535 1737 1718 1793 Iulius
1746 1737 1958 1791 Meum.
1993 1726 2022 1817 ΙΙ

206 1825 287 1888 5ο,
299 1823 361 1876 21
390 1821 642 1890 primum
664 1818 873 1878 Mem-1.
906 1836 1011 1894 pro
1034 1821 1221 1893 primo
1268 1812 1279 1901 Ι
1307 1825 1447 1888 52,6
1465 1821 1702 1877 sestertii
1719 1821 1782 1876 10
1797 1820 1865 1876 Fr
1881 1819 2022 1876 Gro-

208 1901 392 1964 novius
450 1923 555 1980 pro
615 1908 917 1962 sestertium
972 1899 983 1982 Ι
1030 1913 1101 1966 35
1141 1905 1442 1979 professus
1491 1905 1610 1961 Exe
1629 1903 1803 1960 Notre
1829 1905 2020 1974 Deme,
2119 1950 2130 1964 .

206 1991 409 2048 vindob
432 1997 486 2050 2.
530 1990 805 2048 Gruterus
838 2005 945 2062 pro
979 1987 1279 2062 professus
1306 1997 1390 2046 est
1413 1983 1441 2067 ΙΙ
1473 1997 1578 2060 53,
1619 1997 1654 2049 3
1693 1989 1939 2060 exempli
1963 1989 2018 2043 in

208 2074 403 2130 Hemm.
448 2075 613 2132 Puris
646 2076 819 2139 5802ss
878 2073 1013 2130 item
1046 2073 1203 2130 Paris
1240 2079 1378 2134 5801
1425 2091 1457 2130 u
1496 2073 1674 2146 primu
1715 2089 1879 2128 manu
1914 2087 2018 2144 pro

208 2161 432 2231 exempli
477 2159 739 2216 correxit
780 2171 926 2230 quae
966 2158 1025 2212 in
1091 2150 1102 2234 Ι
1162 2164 1229 2216 10
1274 2162 1638 2230 grassaturas
1690 2155 2018 2212 Salmasius.

206 2243 571 2314 yrassalurad
596 2241 809 2296 Momm.
841 2256 949 2314 pro
976 2246 1333 2313 yrassalores
1371 2235 1380 2315 Ι
1419 2248 1488 2300 13
1527 2241 1741 2296 exussit
1779 2239 1946 2296 Guelf
1967 2246 2014 2296 1.

208 2327 497 2383 Beroaldus
538 2341 653 2399 pro
696 2326 941 2398 eoecussic
986 2319 997 2402 Ι
1050 2331 1116 2384 21
1164 2325 1375 2381 addidit
1412 2323 1727 2396 Stephanus
1766 2337 1872 2394 pro
1915 2321 2016 2376 ad-

208 2409 335 2465 dixit
364 2401 377 2488 Ι
412 2417 483 2471 23
505 2410 763 2468 vicesimo
796 2407 1056 2466 Cuiaeius
1084 2425 1189 2482 pro
1224 2410 1535 2464 tricensimo
1565 2407 1657 2463 vel
1687 2406 1956 2462 tricesimo
1986 2393 2015 2486 ΙΙ

210 2501 290 2563 55,
315 2499 383 2554 23
400 2495 672 2570 protinus
701 2509 738 2547 a
766 2492 989 2564 quidum
1016 2493 1167 2566 ¹apud
1192 2491 1540 2555 Torrentium
1581 2507 1685 2562 pro
1707 2490 1970 2562 protinus
2001 2492 2014 2560 Ι

208 2582 271 2636 36
298 2591 368 2634 ex
392 2576 720 2651 enprobatzzs·
752 2575 889 2632 Edd.
906 2593 1011 2650 pro
1040 2579 1097 2632 in
1124 2576 1480 2648 exprobratis
1502 2567 1533 2654 ΙΙ
1563 2580 1651 2645 56,
1676 2580 1741 2634 12
1770 2588 2016 2630 mensum

212 2675 327 2731 ego.
379 2669 757 2734 quatemmcm
804 2674 1091 2716 mensuum
1144 2660 1358 2716 Menum.
1421 2661 1688 2715 mensium
1735 2659 1939 2730 reliqui
1999 2648 2012 2738 Ι

214 2749 275 2802 13
302 2747 385 2800 sui
410 2749 649 2818 quisque
682 2744 974 2815 Egnatius.
1020 2759 1182 2801 suam
1215 2745 1478 2814 cuiusque
1515 2743 1735 2810 Duker,
1779 2742 1882 2796 efr.
1929 2747 2016 2798 ta-
2131 2739 2165 2780 ·'

212 2824 333 2884 buln
348 2827 747 2886 Heracleensis
783 2844 903 2901 cap.
930 2833 963 2888 6
998 2833 1054 2883 et
1081 2833 1114 2888 7
1153 2821 1164 2905 Ι
1204 2835 1269 2888 15
1298 2825 1709 2898 Scaptiensibus
1737 2822 2017 2879 tribulibus

214 2908 498 2970 Beroaldus
530 2927 640 2984 pro
662 2909 1057 2983 Scaptensibus
1082 2913 1326 2968 tribubus
1363 2903 1372 2986 Ι
1410 2915 1480 2968 20
1509 2909 1772 2966 civitatem
1803 2907 2014 2963 Roma·

214 3008 333 3048 nam
366 2997 476 3052 eod
503 2995 677 3054 Busil.
710 2994 933 3052 vindob
963 3004 1015 3055 1.
1052 3001 1104 3053 2.
1157 2995 1311 3052 Cort.
1357 2995 1429 3051 ed
1451 2995 1584 3050 Rom
1613 2999 1660 3052 1.
1705 2992 2012 3049 Beroaldus

215 3091 308 3146 pro
334 3081 574 3136 civitates
606 3079 919 3144 Romanas,
954 3080 1060 3137 efr.
1095 3098 1150 3152 p.
1182 3086 1307 3150 205,
1341 3083 1409 3140 37
1460 3074 1467 3153 Ι
1517 3082 1583 3138 37
1613 3077 1827 3133 circove
1857 3074 2012 3132 Puris

214 3163 356 3220 6116.
384 3162 509 3219 Med
534 3169 584 3220 2.
614 3163 762 3218 Frib.
792 3163 964 3220 Basil.
995 3164 1115 3236 alii,
1145 3164 1327 3235 Lydus
1357 3163 1502 3218 iufra
1535 3179 1589 3234 p.
1620 3164 1744 3230 287,
1776 3163 1875 3224 143
1909 3158 2013 3214 oft.
2044 3075 2104 3251 ι

216 3257 371 3315 supra
398 3263 453 3319 p.
478 3245 659 3303 XXIX
686 3237 715 3326 ΙΙ
754 3251 821 3307 57
840 3286 857 3317 ,
890 3251 923 3308 7
954 3250 1197 3303 sestertio
1236 3245 1458 3303 Ernesti
1505 3259 1610 3317 pro
1655 3243 1960 3298 sestertium
2002 3233 2013 3321 Ι

217 3329 249 3384 9
274 3331 512 3386 trecenos
541 3330 867 3388 Torrentius
908 3347 1012 3403 pro
1042 3321 1323 3408 tricenos]
1361 3337 1432 3391 33
1466 3332 1596 3402 post
1617 3341 1679 3383 se
1713 3325 1821 3384 eod
1843 3323 2012 3382 Busil.

222 3406 422 3469 vindob
448 3421 477 3471 1
520 3431 623 3486 pro
648 3429 851 3486 poss-e,-
894 3414 997 3470 err.
1036 3432 1095 3487 p.
1128 3421 1229 3485 96,
1267 3419 1341 3474 38
1379 3407 1388 3492 Ι
1427 3419 1498 3475 34
1533 3410 1769 3485 posthac
1807 3410 1933 3466 Med
1957 3415 2010 3468 2.

220 3488 357 3551 Fris.
388 3495 553 3553 Foue.
587 3498 903 3570 Stephanus
944 3514 1052 3570 pro
1089 3506 1219 3569 post
1254 3497 1404 3554 hanc
1455 3492 1466 3575 Ι
1517 3505 1584 3558 35
1621 3496 1845 3552 duceret
1885 3493 2014 3550 Ste-

220 3573 421 3642 Phnmu
460 3571 491 3658 ΙΙ
529 3587 627 3653 58,
656 3587 693 3640 2
718 3581 961 3640 Munera
990 3581 1215 3655 supplet
1241 3581 1586 3639 Perizonius.
1668 3574 2018 3636 vir-censibus
