2700 4234
444 320 486 383 6
606 331 665 380 c.
706 329 1010 379 sun-‘rom
1052 328 1311 388 TRANQ.
1342 324 1440 375 ns
1469 328 1638 377 vrrs
1670 328 2042 377 csessmm
2076 332 2216 379 Lm.
2259 332 2310 380 1.

446 506 597 567 quos
626 486 905 566 placitum
934 491 1123 561 esset,
1170 483 1506 544 dictaturam
1553 482 1802 545 Crassus
1845 484 2182 564 invaderet,
2229 489 2359 567 ipse
2389 488 2464 548 ab

446 590 521 633 eo
555 572 835 648 magister
868 570 1121 648 equitum
1152 566 1475 645 diceretur,
1510 572 1934 647 constitutaque
1961 570 2036 629 ad
2071 572 2368 631 arbitrium
2395 590 2462 633 re

445 655 717 735 publica,
761 654 959 715 Sullae
993 660 1051 712 et
1082 651 1372 712 Autronio
1411 653 1744 712 consulatus
1785 655 2206 714 restitueretur.
2263 656 2459 715 Memi-

442 748 652 801 nerunt
681 738 848 799 huius
876 737 1293 798 coniurationis
1321 736 1603 797 Tanusius
1627 736 1940 798 Geminus
1923 758 1979 797 ιιι
2004 738 2244 799 historia
2261 785 2278 816 ,
2309 740 2459 800 Mar-

445 844 550 886 cus
581 823 821 885 Bibulus
852 824 909 882 in
938 820 1143 881 edictis
1161 866 1179 897 ,
1212 819 1279 881 C.
1306 818 1484 882 Curio
1511 830 1678 900 pater
1710 822 1769 880 in
1799 822 2180 884 orationibus.
2238 823 2327 883 De
2352 823 2462 883 hac
2487 842 2513 881 5

445 910 781 987 significare
822 906 1049 967 videtur
1091 913 1150 964 et
1181 903 1429 982 Cicero,
1481 908 1541 965 in
1583 904 1828 983 quadam
1862 906 1935 965 ad
1965 906 2176 967 Axium
2211 907 2460 987 epistula

443 994 747 1069 referens,
775 989 1091 1052 Caesarem
1119 990 1176 1049 in
1202 990 1504 1050 consulatu
1531 991 1907 1050 confirmasse
1937 1010 2214 1069 regnum,
2239 990 2309 1051 de
2343 1009 2459 1071 quo

442 1076 651 1138 aedilis
695 1078 1001 1155 cogitarat.
1061 1073 1345 1134 Tanusius
1395 1074 1602 1150 adicit,
1650 1072 1924 1135 Crassum
1967 1076 2316 1153 paenitentia
2362 1074 2462 1135 vel

443 1169 599 1222 metu
632 1160 785 1219 diem
819 1159 983 1221 caedi
1012 1157 1354 1219 destinatum
1382 1176 1500 1218 non
1535 1156 1768 1236 obisse,
1807 1168 1866 1219 et
1895 1158 2115 1219 idcirco
2147 1178 2220 1218 ne
2243 1158 2458 1221 Caesa-

445 1263 570 1306 rem
601 1244 831 1323 quidem
872 1245 1130 1320 signum,
1168 1242 1326 1321 quod
1362 1242 1433 1302 ab
1475 1259 1551 1302 eo
1591 1242 1716 1301 dari
1758 1252 2143 1320 convenerat,
2188 1242 2452 1311 dedisse;
2480 1259 2532 1299 ιο

448 1329 799 1390 convenisse
843 1336 1033 1388 autem
1075 1325 1251 1388 Curio
1307 1328 1418 1402 ait,
1472 1335 1530 1384 ut
1573 1336 1772 1404 togam
1813 1324 1887 1386 de
1933 1343 2132 1387 umero
2161 1327 2459 1403 deiceret.

446 1413 608 1474 Idem
644 1411 821 1473 Curio
854 1410 958 1472 sed
995 1420 1054 1471 et
1092 1410 1170 1471 Μ.
1205 1410 1482 1471 Actorius
1509 1409 1670 1471 Naso
1702 1419 1976 1471 auctores
2021 1419 2185 1488 sunt,
2229 1410 2460 1489 conspi-
2684 1444 2685 1447 =

446 1515 612 1559 rasse
644 1515 775 1557 eum
810 1490 982 1557 etiam
1014 1513 1142 1557 cum
1174 1494 1375 1556 Gnaeo
1399 1494 1613 1555 Pisone
1657 1494 2067 1571 adulescente,
2115 1498 2204 1555 cui
2248 1495 2324 1555 ob
2369 1512 2462 1555 su·-

449 1582 776 1662 spicionem
827 1580 1084 1640 urbanae
1149 1580 1563 1640 coniurationis
1613 1580 1915 1659 provincia
1965 1578 2242 1658 Hispania
2306 1578 2461 1639 ultro

448 1675 615 1726 extra
646 1665 906 1725 ordinem
948 1661 1080 1725 data
1114 1664 1213 1733 sit3
1254 1672 1640 1743 pactumque,
1691 1672 1752 1722 ut
1786 1662 1954 1723 simul
1985 1664 2131 1723 foris
2165 1662 2298 1741 ille,
2332 1663 2465 1741 ipse
2487 1680 2534 1721 15

446 1751 671 1810 Romae
696 1748 768 1811 ad
788 1768 889 1809 res
912 1764 1097 1808 novas
1124 1757 1579 1825 consurgerent,
1607 1765 1714 1827 per
1736 1746 2065 1808 Ambranos
2093 1758 2150 1807 et
2175 1747 2464 1826 Transpa-

453 1835 671 1901 danos:
705 1834 1037 1901 destitutum
1066 1832 1366 1909 utriusque
1397 1833 1700 1892 consilium
1729 1841 1917 1891 morte
1948 1832 2198 1892 Pisonis.

365 1926 432 1978 10
577 1916 806 1977 Aedilis
850 1925 1086 1995 praeter
1142 1916 1434 1975 comitium
1489 1934 1560 1976 ac
1609 1916 1797 1975 forum
1854 1915 2248 1995 basilicasque
2295 1915 2468 1975 etiam

448 2000 803 2079 Capitolium
834 2000 1063 2060 ornavit
1093 2000 1416 2078 porticibus
1447 2002 1517 2060 ad
1541 2009 1776 2079 ‚tempus
1813 2001 2096 2061 extructis
2115 2044 2132 2077 ,
2164 2002 2222 2059 in
2255 1998 2468 2078 quibus

447 2084 775 2146 abundante
816 2102 1011 2144 rerum
1048 2084 1219 2163 copia
1261 2101 1398 2162 pars
1439 2094 1753 2164 apparatus
1797 2094 2213 2164 exponeretur.
2273 2084 2467 2143 Vena·
2487 2104 2539 2145 20

446 2172 638 2230 tiones
690 2179 883 2229 autem
921 2168 1210 2249 ludosque
1258 2176 1318 2227 et
1363 2188 1488 2229 cum
1534 2169 1771 2247 collega
1815 2177 1872 2228 et
1915 2169 2226 2247 separatim
2269 2166 2470 2242 edidit,

449 2270 566 2334 quo
612 2254 825 2315 factum
868 2262 991 2331 est,
1050 2262 1112 2313 ut
1160 2254 1539 2313 communium
1596 2270 1831 2331 quoque
1885 2254 2255 2331 inpensarum
2307 2250 2472 2310 solus

446 2340 697 2415 gratiam
730 2348 1000 2417 caperet,
1043 2356 1156 2398 nec
1190 2336 1582 2398 dissimularet
1613 2336 1849 2413 collega
1875 2338 2000 2395 eius
2034 2336 2267 2397 Marcus
2296 2334 2470 2395 Bibu-

448 2422 572 2499 lus,
621 2423 899 2483 evenisse
938 2422 1064 2483 sibi
1098 2420 1266 2501 quod
1286 2419 1562 2483 Polluci.-
1581 2427 1663 2481 ut
1691 2419 1850 2481 em’m
1869 2420 2128 2499 yeminis·
2153 2417 2472 2498 fratribus

448 2506 641 2566 aedes
684 2507 752 2566 in
786 2505 932 2583 foro
968 2500 1300 2567 constituta
1347 2512 1581 2566 tantum
1615 2502 1906 2565 Castoris·
1962 2510 2327 2581 vocaretur,
2378 2503 2474 2563 ita
2491 2518 2542 2559 25

448 2608 630 2651 suam
655 2587 1081 2669 Caesarisque
1107 2590 1584 2668 munificentiam
1613 2590 1798 2649 unius
1831 2587 2138 2649 Caesaris·
2165 2587 2311 2648 dict.
2354 2586 2474 2647 Ad-

450 2675 587 2734 iecit
616 2676 861 2754 insuper
885 2672 1106 2735 Caesar
1144 2676 1316 2734 etiam
1336 2672 1746 2751 gladiatorium
1775 2691 2012 2749 munus,
2046 2672 2152 2733 sed
2175 2672 2474 2749 aliquanto

451 2758 827 2838 paucioribus
877 2776 1048 2837 quam
1082 2756 1476 2818 destinaverat
1519 2757 1783 2837 paribus;
1833 2774 1962 2817 nam
2010 2776 2136 2817 cum
2169 2754 2475 2833 multiplici
2683 2804 2685 2833 j

449 2843 703 2922 undique
764 2842 985 2903 familia
1050 2850 1388 2922 comparata
1441 2842 1705 2902 inimicos
1761 2842 2177 2918 exterruisset,
2249 2846 2477 2900 cautum
2684 2882 2685 2915 ¹

450 2936 542 2985 est
584 2927 659 2986 de
703 2943 943 2987 numero
967 2925 1387 3004 gladiatorum,
1417 2943 1534 3004 quo
1557 2944 1631 2985 ne
1653 2926 1934 2987 maiorem
1960 2926 2228 3005 cuiquam
2250 2922 2473 2984 habere
2495 2936 2546 2978 3ο

447 3010 670 3069 Romae
698 3010 921 3071 liceret.

366 3120 430 3172 η
585 3092 913 3156 Conciliato
952 3096 1157 3175 populi
1202 3094 1408 3155 favore
1452 3074 1754 3173 temptavit
1797 3112 1906 3173 per
1949 3102 2173 3173 partem
2217 3092 2476 3153 tribuno-
2683 3094 2685 3115 '

455 3196 614 3255 rum,
647 3186 711 3237 ut
740 3179 850 3239 sibi
874 3178 1185 3258 Aegyptus
1220 3180 1522 3278 provincia
1556 3178 1718 3257 plebi
1749 3178 1897 3238 scito
1932 3178 2198 3253 daretur,
2232 3186 2476 3238 nanctus

452 3263 894 3323 extraordinarii
939 3264 1169 3343 imperii
1201 3265 1607 3339 occasionem,
1655 3262 1811 3342 quod
1847 3260 2230 3323 Alexandrini
2267 3278 2476 3337 regem

450 3364 615 3405 suum
645 3346 867 3407 socium
898 3355 1073 3426 atque
1109 3347 1351 3407 amicum
1384 3366 1417 3407 a
1450 3356 1654 3407 senatu
1697 3346 2057 3426 appellatum
2100 3344 2470 3423 expulerant,
2495 3354 2544 3397 3⁵
2659 3367 2669 3406 ι

448 3447 672 3507 resque
703 3430 885 3507 vulgo
916 3430 1356 3510 inprobabatur.
1417 3430 1547 3491 Nec
1577 3431 1823 3491 obtinuit
1851 3430 2200 3491 adversante
2232 3429 2476 3507 optima-

449 3515 589 3572 tium
633 3514 922 3596 factione,
966 3531 1214 3594 quorum
1246 3517 1650 3576 auctoritatem
1685 3524 1745 3575 ut
1790 3514 1998 3593 quibus
2044 3520 2248 3593 posset
2285 3511 2479 3571 modis

449 3597 507 3655 iu
546 3598 737 3657 vicem
780 3589 1166 3677 deminueret,
1223 3606 1467 3679 tropaea
1514 3599 1616 3661 Gai
1652 3599 1796 3660 Mari
1850 3598 1922 3659 de
1963 3597 2239 3677 Iugurtha
2283 3594 2480 3675 deque
