2700 4234
902 322 1316 372 PRAEFATIO.
1781 327 2023 376 LXXVII

195 485 457 543 istimem.
548 483 635 538 Me
684 481 903 553 quidem
953 483 1424 538 contradicentem
1467 500 1572 540 non
1609 486 1866 555 habebit,
1918 485 2011 558 qui

196 575 373 626 totum
406 582 615 638 corpus
647 565 955 622 Latinarum
980 562 1292 621 litterarum
1332 567 1606 623 historiae
1639 569 2012 625 Suetonianae

196 658 417 725 septem
454 645 547 705 vel
580 655 707 704 octo
738 648 949 704 libellis
981 649 1302 705 constitisse
1335 649 1444 706 sibi
1481 651 1844 722 persuaserit.

318 735 588 790 Fortasse
628 739 857 803 quaerat
894 731 1096 802 aliquis
1132 732 1333 803 ecquid
1376 740 1560 789 exstet
1597 735 1826 805 indicii,
1868 737 2012 792 unde

197 820 431 876 eluceat
481 832 589 887 quo
635 815 982 886 potissimum
1033 821 1280 886 tempore
1326 814 1628 874 Suetonius
1673 819 1778 874 hos
1829 818 2010 877 libros

194 900 455 958 edidisse
502 900 791 962 videntum
850 914 1029 968 neque
1073 898 1562 969 praetermittenda
1602 907 1729 956 sunt
1757 917 1898 972 quae
1941 903 2011 959 ad

194 1001 324 1040 eam
367 999 485 1038 rem
534 980 943 1037 diiudicandum
985 980 1317 1052 pertineant.
1410 981 1571 1048 Quod
1621 985 1668 1038 si
1716 984 2008 1042 illustrium

195 1069 451 1124 virorum
492 1067 559 1121 ab
602 1065 703 1120 illo
744 1064 1077 1136 scriptorum
1118 1069 1303 1120 aetate
1344 1073 1658 1136 postremos
1707 1069 2010 1124 contuleri-

199 1165 324 1206 mus
355 1165 477 1205 cum
506 1148 579 1204 iis
608 1162 750 1218 quos
783 1163 892 1202 non
925 1146 1172 1218 scripsit,
1202 1147 1498 1218 probabile
1527 1149 1790 1206 iudicium
1821 1151 2007 1207 lacere

203 1232 549 1295 videbimur3
605 1231 876 1287 vivorum-
912 1230 1056 1284 enim
1104 1230 1417 1286 nominibus
1467 1238 1524 1288 et
1563 1232 1696 1288 vitis
1747 1233 2012 1290 abstinuit

202 1331 551 1372 necessario.

334 1397 793 1455 Commemoravit
831 1396 1004 1466 igitur
1059 1413 1116 1467 p.
1152 1401 1257 1456 272
1305 1396 1730 1470 Quintilianum,
1772 1402 2006 1469 Isaeum,
2070 1438 2081 1450 .

199 1481 399 1538 lulium
432 1482 687 1538 Tironem
715 1481 992 1548 rhetores,
1026 1495 1164 1550 quos
1192 1485 1482 1552 antequam
1511 1481 1641 1537 libri
1673 1484 1744 1539 de
1772 1484 2010 1540 Illustri-

199 1567 307 1622 bus
337 1565 477 1621 viris
511 1565 807 1620 ederentur
839 1563 984 1618 diem
1016 1561 1208 1618 obisse
1244 1569 1486 1634 oportet.
1575 1565 1686 1620 lam
1714 1564 2007 1631 Quintilia-

200 1665 306 1704 nus
335 1649 429 1704 vel
460 1647 773 1704 Domitiano
799 1646 889 1701 vel
918 1643 1099 1700 Nerva
1130 1646 1440 1716 imperante
1471 1646 1588 1701 fato
1618 1645 2008 1723 concessum),

198 1733 397 1788 Isaeus
433 1733 533 1786 sub
566 1729 725 1786 initia
757 1729 1103 1800 principatus
1121 1728 1341 1784 Traiani
1375 1745 1570 1783 annum
1603 1731 2009 1800 sexagesimum

199 1821 531 1870 excesserat
554 1819 697 1869 teste
729 1812 908 1868 Plinio
945 1811 1107 1883 epist.
1133 1817 1187 1882 2,
1214 1819 1268 1882 3,
1300 1818 1354 1870 5.
1390 1812 1493 1867 cfr.
1528 1813 1806 1870 Iuvenalis
1829 1821 1883 1886 3,
1908 1819 2006 1880 74;

199 1899 399 1953 Iulium
438 1898 715 1965 Tironem,
756 1911 915 1966 quem
960 1895 1210 1950 nonnulli
1254 1895 1510 1966 imperite
1551 1913 1670 1952 cum
1719 1897 2007 1956 Ciceronis

199 1981 412 2037 liberto
444 1976 578 2053 (cfr.
619 1997 675 2052 p.
707 1985 829 2048 289,
868 1973 966 2049 14)
1000 1979 1386 2044 confuderunt,
1420 1979 1565 2035 idem
1596 1981 1805 2037 Plinius
1841 1982 2004 2053 epist.

196 2071 265 2134 6,
308 2071 376 2124 31
422 2071 689 2120 mortuum
724 2079 851 2118 esse
895 2061 1065 2117 tradit
1096 2078 1217 2117 cum
1252 2063 1520 2118 Traianus
1551 2064 1606 2117 in
1634 2065 1805 2120 Dacia
1837 2073 2006 2136 esset,

198 2147 237 2202 i.
276 2165 327 2206 e.
368 2147 512 2202 anno
545 2153 647 2206 105
676 2146 767 2202 vel
802 2150 923 2204 106.
966 2144 1106 2200 Hinc
1143 2145 1456 2200 certissime
1488 2147 1757 2218 sequitur,
1789 2153 1848 2202 ut
1881 2155 2009 2219 post

197 2247 400 2287 annum
431 2235 533 2290 106
566 2229 625 2284 hi
658 2229 788 2284 libri
820 2229 956 2285 editi
988 2229 1115 2282 sint.

323 2313 483 2368 Nunc
516 2311 810 2368 videndum
842 2313 911 2367 de
945 2311 1018 2367 iis
1053 2327 1191 2382 quos
1228 2311 1582 2382 Tranquillus
1613 2327 1722 2366 non
1757 2311 2004 2385 scripsit.

194 2397 403 2454 Eorum
432 2403 553 2452 tres
582 2395 825 2464 nomino,
860 2395 1176 2450 Iuvenalem
1208 2395 1456 2450 Tacitum
1488 2393 1720 2449 Plinium
1734 2389 1825 2468 ⁸³).
1911 2397 2003 2451 Iu-

194 2481 415 2537 venalis
454 2478 730 2547 vitarum,
777 2494 915 2549 quas
968 2478 1147 2533 editas
1198 2477 1329 2533 vide
1381 2478 1525 2549 apud
1570 2476 1824 2534 ottonem
1872 2480 2006 2534 lahn

194 2569 393 2636 p.386,
422 2562 623 2617 nullam
656 2561 909 2617 Suetonii
940 2576 1005 2616 ac
1040 2577 1109 2616 ne
1140 2559 1278 2616 satis
1302 2561 1522 2637 quidem
1551 2567 1821 2618 vetustam
1855 2579 2003 2632 esse,

192 2648 305 2704 iam
336 2646 487 2718 inter
524 2661 713 2702 omnes
744 2649 987 2707 constat:
1019 2643 1273 2714 singulae
1308 2644 1452 2699 euim
1481 2645 1606 2717 plus
1640 2645 1890 2701 minusve
1922 2646 2004 2703 fa-
2077 2693 2082 2698 .

192 2731 433 2787 bulosae
476 2735 604 2784 sunt
644 2733 701 2782 et
739 2727 889 2782 nulla
932 2727 1041 2782 lide
1074 2727 1309 2796 dignae,
1351 2742 1472 2783 cum
1525 2729 1595 2782 de
1635 2728 1757 2799 ipsa
1800 2735 2003 2800 poetae

190 2819 380 2869 aetate
420 2817 643 2868 taceant
682 2817 775 2866 aut
818 2811 959 2866 falsa
1006 2810 1260 2879 tradant,
1312 2826 1472 2880 quem
1525 2827 1574 2864 a.
1620 2815 1718 2870 12⁴7
1761 2810 1819 2865 in
1859 2810 2004 2866 vivis

330 3005 423 3072 62)
458 3007 604 3058 Falso
638 3009 890 3058 viventem
915 3007 1143 3057 nonnulli
1174 3023 1203 3057 a
1238 3007 1399 3058 Plinio
1431 3016 1480 3058 et
1515 3009 1751 3059 Iuvenale
1783 3022 2002 3059 comme-

188 3074 380 3126 morari
413 3076 700 3127 voluerunt.
770 3075 999 3125 Pliniana
1028 3076 1240 3141 epistola
1272 3075 1332 3136 6,
1375 3074 1444 3127 32
1477 3078 1523 3127 si
1559 3093 1677 3128 vere
1708 3077 1774 3126 ad
1805 3076 2003 3136 Quinti-

190 3145 381 3196 lianum
424 3144 542 3194 data
588 3152 691 3204 est,
745 3142 873 3192 nihil
922 3158 1107 3194 causae
1144 3152 1355 3211 apparet
1397 3160 1486 3194 cur
1525 3145 1588 3195 de
1637 3145 1790 3196 Fabio
1835 3146 2001 3209 magis

190 3227 343 3275 quam
374 3213 441 3263 de
472 3211 637 3263 Nonio
669 3212 926 3278 capiatur-3
974 3211 1225 3263 rhetorem
1258 3212 1430 3262 omnia
1461 3214 1764 3274 excludunt,
1821 3211 1914 3262 cfr.
1947 3212 1998 3275 2,

192 3281 275 3341 14,
314 3281 363 3332 9.
411 3280 461 3342 6,
498 3280 559 3341 6,
587 3279 637 3332 3.
712 3279 965 3330 quenalis
1003 3279 1145 3331 locus
1180 3282 1229 3341 7,
1266 3281 1366 3332 189
1398 3281 1461 3331 de
1497 3290 1694 3332 mortuo
1723 3279 1850 3346 agit,
1886 3294 2000 3330 cum

186 3349 273 3420 ille
308 3363 411 3401 non
446 3349 610 3400 soleat
650 3347 751 3399 nisi
785 3355 1011 3398 mortuos
1044 3363 1269 3415 carpere.

323 3434 418 3499 63)
465 3432 599 3484 Nam
625 3433 690 3483 de
722 3432 893 3483 Salvio
924 3433 1119 3484 Iuliano
1156 3441 1205 3483 et
1242 3434 1494 3484 Frontone
1527 3441 1575 3483 et
1606 3433 1838 3500 Ulpiano,
1871 3449 1998 3499 quos

187 3499 439 3555 Hermann
455 3539 472 3566 ,
518 3501 673 3552 credo
704 3509 759 3551 ut
790 3503 1134 3552 centenarium
1170 3515 1436 3552 numerum
1471 3503 1758 3567 compleret,
1795 3511 1992 3568 postre-

182 3585 293 3622 mos
330 3571 485 3634 fecit,
524 3569 861 3636 Hieronymus
891 3569 1187 3636 Eutropium
1228 3570 1313 3620 lib.
1358 3569 1483 3620 VIII.
1513 3579 1768 3620 auctorem
1799 3569 1986 3621 habuit.
