<?xml version="1.0" encoding="UTF-8"?>
<!DOCTYPE html PUBLIC "-//W3C//DTD XHTML 1.0 Transitional//EN"
    "http://www.w3.org/TR/xhtml1/DTD/xhtml1-transitional.dtd">
<html xmlns="http://www.w3.org/1999/xhtml" xml:lang="en" lang="en">
 <head>
  <title>
</title>
<meta http-equiv="Content-Type" content="text/html;charset=utf-8" />
  <meta name='ocr-system' content='tesseract 3.04.00' />
  <meta name='ocr-capabilities' content='ocr_page ocr_carea ocr_par ocr_line ocrx_word'/>
</head>
<body>
  <div class='ocr_page' id='page_1' title='image "./csuetonitranqui05rothgoog_0153.png"; bbox 0 0 2700 4234; ppageno 0'>
   <div class='ocr_carea' id='block_1_1' title="bbox 952 284 2350 363">
    <p class='ocr_par' dir='ltr' id='par_1_1' title="bbox 952 284 2350 363">
     <span class='ocr_line' id='line_1_1' title="bbox 952 284 2350 363; baseline 0.005 -6"><span class='ocrx_word' id='word_1_1' title='bbox 952 308 1162 359; x_wconf 77' lang='lat' dir='ltr'>mvns</span> <span class='ocrx_word' id='word_1_2' title='bbox 1199 309 1582 362; x_wconf 73' lang='lat' dir='ltr'>Auens&#39;rus.</span> <span class='ocrx_word' id='word_1_3' title='bbox 2185 302 2267 363; x_wconf 87' lang='grc'>43</span> <span class='ocrx_word' id='word_1_4' title='bbox 2345 284 2350 287; x_wconf 55' lang='grc'><strong>’</strong></span> 
     </span>
    </p>
   </div>
   <div class='ocr_carea' id='block_1_2' title="bbox 220 464 2270 1219">
    <p class='ocr_par' dir='ltr' id='par_1_2' title="bbox 220 464 2270 1219">
     <span class='ocr_line' id='line_1_2' title="bbox 260 464 2268 547; baseline 0 -19"><span class='ocrx_word' id='word_1_5' title='bbox 260 468 453 528; x_wconf 86' lang='lat' dir='ltr'>sortiri</span> <span class='ocrx_word' id='word_1_6' title='bbox 490 464 587 525; x_wconf 84' lang='lat' dir='ltr'>vel</span> <span class='ocrx_word' id='word_1_7' title='bbox 623 467 837 525; x_wconf 82' lang='lat' dir='ltr'><strong>micare</strong></span> <span class='ocrx_word' id='word_1_8' title='bbox 870 465 1135 540; x_wconf 86' lang='lat' dir='ltr'>iussisse,</span> <span class='ocrx_word' id='word_1_9' title='bbox 1170 472 1229 523; x_wconf 91' lang='lat' dir='ltr'>ut</span> <span class='ocrx_word' id='word_1_10' title='bbox 1258 465 1522 528; x_wconf 85' lang='lat' dir='ltr'>alterutri</span> <span class='ocrx_word' id='word_1_11' title='bbox 1553 469 1999 545; x_wconf 82' lang='lat' dir='ltr'>concederetur,</span> <span class='ocrx_word' id='word_1_12' title='bbox 2035 486 2102 529; x_wconf 86' lang='lat' dir='ltr'>ac</span> <span class='ocrx_word' id='word_1_13' title='bbox 2133 487 2268 547; x_wconf 90' lang='lat' dir='ltr'>spe-</span> 
     </span>
     <span class='ocr_line' id='line_1_3' title="bbox 262 549 2266 632; baseline -0 -20"><span class='ocrx_word' id='word_1_14' title='bbox 262 561 449 612; x_wconf 88' lang='lat' dir='ltr'>ctasse</span> <span class='ocrx_word' id='word_1_15' title='bbox 492 558 795 627; x_wconf 87' lang='lat' dir='ltr'>utrumque</span> <span class='ocrx_word' id='word_1_16' title='bbox 830 549 1206 626; x_wconf 85' lang='lat' dir='ltr'>morientem,</span> <span class='ocrx_word' id='word_1_17' title='bbox 1250 568 1380 612; x_wconf 83' lang='lat' dir='ltr'>cum</span> <span class='ocrx_word' id='word_1_18' title='bbox 1429 560 1629 629; x_wconf 88' lang='lat' dir='ltr'>patre,</span> <span class='ocrx_word' id='word_1_19' title='bbox 1675 554 1807 632; x_wconf 88' lang='lat' dir='ltr'>quia</span> <span class='ocrx_word' id='word_1_20' title='bbox 1848 570 1913 613; x_wconf 92' lang='lat' dir='ltr'>se</span> <span class='ocrx_word' id='word_1_21' title='bbox 1954 552 2266 631; x_wconf 81' lang='lat' dir='ltr'>optulerat,</span> 
     </span>
     <span class='ocr_line' id='line_1_4' title="bbox 258 632 2268 711; baseline 0 -16"><span class='ocrx_word' id='word_1_22' title='bbox 258 636 456 695; x_wconf 89' lang='lat' dir='ltr'>occiso</span> <span class='ocrx_word' id='word_1_23' title='bbox 494 632 645 693; x_wconf 79' lang='lat' dir='ltr'>filius</span> <span class='ocrx_word' id='word_1_24' title='bbox 679 648 911 711; x_wconf 88' lang='lat' dir='ltr'>quoque</span> <span class='ocrx_word' id='word_1_25' title='bbox 950 632 1329 695; x_wconf 81' lang='lat' dir='ltr'>voluntariam</span> <span class='ocrx_word' id='word_1_26' title='bbox 1369 635 1746 698; x_wconf 89' lang='lat' dir='ltr'>occubuisset</span> <span class='ocrx_word' id='word_1_27' title='bbox 1787 654 2012 697; x_wconf 83' lang='lat' dir='ltr'>necem.</span> <span class='ocrx_word' id='word_1_28' title='bbox 2073 638 2268 711; x_wconf 81' lang='lat' dir='ltr'>Quare</span> 
     </span>
     <span class='ocr_line' id='line_1_5' title="bbox 259 715 2270 799; baseline 0.001 -22"><span class='ocrx_word' id='word_1_29' title='bbox 259 720 438 778; x_wconf 87' lang='lat' dir='ltr'>ceteri</span> <span class='ocrx_word' id='word_1_30' title='bbox 460 762 479 795; x_wconf 93' lang='lat'>,</span> <span class='ocrx_word' id='word_1_31' title='bbox 506 719 563 775; x_wconf 91' lang='lat' dir='ltr'>in</span> <span class='ocrx_word' id='word_1_32' title='bbox 592 715 683 777; x_wconf 90' lang='lat' dir='ltr'>his</span> <span class='ocrx_word' id='word_1_33' title='bbox 711 716 788 777; x_wconf 87' lang='grc' dir='ltr'>Μ.</span> <span class='ocrx_word' id='word_1_34' title='bbox 815 716 1105 777; x_wconf 88' lang='lat' dir='ltr'>Favonius</span> <span class='ocrx_word' id='word_1_35' title='bbox 1135 717 1235 777; x_wconf 88' lang='lat' dir='ltr'>ille</span> <span class='ocrx_word' id='word_1_36' title='bbox 1266 716 1508 779; x_wconf 89' lang='lat' dir='ltr'>Catonis</span> <span class='ocrx_word' id='word_1_37' title='bbox 1534 720 1824 799; x_wconf 88' lang='lat' dir='ltr'>aemulus,</span> <span class='ocrx_word' id='word_1_38' title='bbox 1857 738 1986 781; x_wconf 91' lang='lat' dir='ltr'>cum</span> <span class='ocrx_word' id='word_1_39' title='bbox 2018 721 2270 781; x_wconf 87' lang='lat' dir='ltr'>catenati</span> 
     </span>
     <span class='ocr_line' id='line_1_6' title="bbox 220 801 2268 882; baseline 0.003 -24"><span class='ocrx_word' id='word_1_40' title='bbox 220 818 243 858; x_wconf 72' lang='grc' dir='ltr'>ε</span> <span class='ocrx_word' id='word_1_41' title='bbox 263 801 754 881; x_wconf 73' lang='lat' dir='ltr'>producerentur,</span> <span class='ocrx_word' id='word_1_42' title='bbox 787 801 1140 879; x_wconf 84' lang='lat' dir='ltr'>imperatore</span> <span class='ocrx_word' id='word_1_43' title='bbox 1168 801 1424 863; x_wconf 90' lang='lat' dir='ltr'>Antonio</span> <span class='ocrx_word' id='word_1_44' title='bbox 1455 803 1778 867; x_wconf 83' lang='lat' dir='ltr'>honorifice</span> <span class='ocrx_word' id='word_1_45' title='bbox 1811 804 2089 882; x_wconf 88' lang='lat' dir='ltr'>salutato,</span> <span class='ocrx_word' id='word_1_46' title='bbox 2118 804 2268 864; x_wconf 88' lang='lat' dir='ltr'>hunc</span> 
     </span>
     <span class='ocr_line' id='line_1_7' title="bbox 254 884 1566 964; baseline 0 -18"><span class='ocrx_word' id='word_1_47' title='bbox 254 884 591 946; x_wconf 86' lang='lat' dir='ltr'>foedissimo</span> <span class='ocrx_word' id='word_1_48' title='bbox 624 885 879 945; x_wconf 88' lang='lat' dir='ltr'>convitio</span> <span class='ocrx_word' id='word_1_49' title='bbox 912 902 1107 946; x_wconf 88' lang='lat' dir='ltr'>coram</span> <span class='ocrx_word' id='word_1_50' title='bbox 1139 886 1566 964; x_wconf 81' lang='lat' dir='ltr'>prosciderunt.</span> 
     </span>
     <span class='ocr_line' id='line_1_8' title="bbox 380 968 2270 1048; baseline 0.001 -19"><span class='ocrx_word' id='word_1_51' title='bbox 380 968 613 1029; x_wconf 89' lang='lat' dir='ltr'>Partitis</span> <span class='ocrx_word' id='word_1_52' title='bbox 658 977 795 1046; x_wconf 90' lang='lat' dir='ltr'>post</span> <span class='ocrx_word' id='word_1_53' title='bbox 840 970 1143 1029; x_wconf 83' lang='lat' dir='ltr'>victoriam</span> <span class='ocrx_word' id='word_1_54' title='bbox 1186 970 1432 1048; x_wconf 83' lang='lat' dir='ltr'>officiis,</span> <span class='ocrx_word' id='word_1_55' title='bbox 1485 989 1612 1033; x_wconf 91' lang='lat' dir='ltr'>cum</span> <span class='ocrx_word' id='word_1_56' title='bbox 1654 972 1940 1034; x_wconf 86' lang='lat' dir='ltr'>Antonius</span> <span class='ocrx_word' id='word_1_57' title='bbox 1971 972 2270 1035; x_wconf 77' lang='lat' dir='ltr'>Orientem</span> 
     </span>
     <span class='ocr_line' id='line_1_9' title="bbox 256 1051 2270 1130; baseline 0.001 -15"><span class='ocrx_word' id='word_1_58' title='bbox 256 1051 670 1128; x_wconf 88' lang='lat' dir='ltr'>ordinandum,</span> <span class='ocrx_word' id='word_1_59' title='bbox 703 1052 835 1130; x_wconf 87' lang='lat' dir='ltr'>ipse</span> <span class='ocrx_word' id='word_1_60' title='bbox 862 1062 1179 1115; x_wconf 88' lang='lat' dir='ltr'>veteranos</span> <span class='ocrx_word' id='word_1_61' title='bbox 1207 1056 1264 1113; x_wconf 90' lang='lat' dir='ltr'>in</span> <span class='ocrx_word' id='word_1_62' title='bbox 1292 1053 1516 1117; x_wconf 89' lang='lat' dir='ltr'>Italiam</span> <span class='ocrx_word' id='word_1_63' title='bbox 1543 1055 1912 1117; x_wconf 81' lang='lat' dir='ltr'>reducendos</span> <span class='ocrx_word' id='word_1_64' title='bbox 1945 1066 2008 1117; x_wconf 85' lang='lat' dir='ltr'>et</span> <span class='ocrx_word' id='word_1_65' title='bbox 2033 1058 2270 1117; x_wconf 88' lang='lat' dir='ltr'>munici-</span> 
     </span>
     <span class='ocr_line' id='line_1_10' title="bbox 257 1136 2270 1219; baseline 0.001 -22"><span class='ocrx_word' id='word_1_66' title='bbox 257 1136 487 1217; x_wconf 85' lang='lat' dir='ltr'>palibus</span> <span class='ocrx_word' id='word_1_67' title='bbox 544 1137 705 1213; x_wconf 88' lang='lat' dir='ltr'>agris</span> <span class='ocrx_word' id='word_1_68' title='bbox 760 1136 1157 1197; x_wconf 80' lang='lat' dir='ltr'>conlocandos</span> <span class='ocrx_word' id='word_1_69' title='bbox 1199 1140 1567 1217; x_wconf 78' lang='lat' dir='ltr'>recepisset,</span> <span class='ocrx_word' id='word_1_70' title='bbox 1622 1158 1812 1219; x_wconf 88' lang='lat' dir='ltr'>neque</span> <span class='ocrx_word' id='word_1_71' title='bbox 1859 1150 2270 1203; x_wconf 82' lang='lat' dir='ltr'>veteranorum</span> 
     </span>
    </p>
   </div>
   <div class='ocr_carea' id='block_1_3' title="bbox 96 1223 2270 1307">
    <p class='ocr_par' dir='ltr' id='par_1_3' title="bbox 96 1223 2270 1307">
     <span class='ocr_line' id='line_1_11' title="bbox 96 1223 2270 1307; baseline 0.003 -30"><span class='ocrx_word' id='word_1_72' title='bbox 96 1304 101 1307; x_wconf 21' lang='grc' dir='ltr'>Ι</span> <span class='ocrx_word' id='word_1_73' title='bbox 187 1234 239 1278; x_wconf 83' lang='grc' dir='ltr'>ιο</span> <span class='ocrx_word' id='word_1_74' title='bbox 258 1240 449 1300; x_wconf 85' lang='lat' dir='ltr'>neque</span> <span class='ocrx_word' id='word_1_75' title='bbox 494 1236 904 1298; x_wconf 83' lang='lat' dir='ltr'>possessorum</span> <span class='ocrx_word' id='word_1_76' title='bbox 950 1224 1195 1298; x_wconf 78' lang='lat' dir='ltr'>gratiam</span> <span class='ocrx_word' id='word_1_77' title='bbox 1234 1225 1447 1301; x_wconf 85' lang='lat' dir='ltr'>tenuit,</span> <span class='ocrx_word' id='word_1_78' title='bbox 1493 1223 1692 1285; x_wconf 87' lang='lat' dir='ltr'>alteris</span> <span class='ocrx_word' id='word_1_79' title='bbox 1734 1224 1878 1302; x_wconf 89' lang='lat' dir='ltr'>pelli</span> <span class='ocrx_word' id='word_1_80' title='bbox 1923 1243 2022 1303; x_wconf 90' lang='lat' dir='ltr'>se,</span> <span class='ocrx_word' id='word_1_81' title='bbox 2069 1225 2270 1285; x_wconf 89' lang='lat' dir='ltr'>alteris</span> 
     </span>
    </p>
   </div>
   <div class='ocr_carea' id='block_1_4' title="bbox 178 1306 2363 3651">
    <p class='ocr_par' dir='ltr' id='par_1_4' title="bbox 254 1306 2354 1637">
     <span class='ocr_line' id='line_1_12' title="bbox 255 1306 2354 1387; baseline 0.002 -24"><span class='ocrx_word' id='word_1_82' title='bbox 255 1323 377 1365; x_wconf 91' lang='lat' dir='ltr'>non</span> <span class='ocrx_word' id='word_1_83' title='bbox 417 1321 527 1383; x_wconf 89' lang='lat' dir='ltr'>pro</span> <span class='ocrx_word' id='word_1_84' title='bbox 570 1320 679 1382; x_wconf 89' lang='lat' dir='ltr'>spe</span> <span class='ocrx_word' id='word_1_85' title='bbox 719 1306 1056 1365; x_wconf 87' lang='lat' dir='ltr'>meritorum</span> <span class='ocrx_word' id='word_1_86' title='bbox 1100 1308 1338 1366; x_wconf 89' lang='lat' dir='ltr'>tractari</span> <span class='ocrx_word' id='word_1_87' title='bbox 1369 1308 1768 1386; x_wconf 85' lang='lat' dir='ltr'>querentibus.</span> <span class='ocrx_word' id='word_1_88' title='bbox 1843 1308 1972 1384; x_wconf 84' lang='lat' dir='ltr'>Quo</span> <span class='ocrx_word' id='word_1_89' title='bbox 2006 1318 2270 1387; x_wconf 91' lang='lat' dir='ltr'>tempore</span> <span class='ocrx_word' id='word_1_90' title='bbox 2288 1308 2354 1361; x_wconf 82' lang='lat'>14</span> 
     </span>
     <span class='ocr_line' id='line_1_13' title="bbox 254 1377 2268 1470; baseline 0.001 -21"><span class='ocrx_word' id='word_1_91' title='bbox 254 1377 665 1449; x_wconf 78' lang='lat' dir='ltr'>J..‘Ant0nium</span> <span class='ocrx_word' id='word_1_92' title='bbox 697 1385 909 1447; x_wconf 84' lang='lat' dir='ltr'>fiducia</span> <span class='ocrx_word' id='word_1_93' title='bbox 944 1389 1312 1466; x_wconf 87' lang='lat' dir='ltr'>consulatus,</span> <span class='ocrx_word' id='word_1_94' title='bbox 1345 1408 1516 1470; x_wconf 87' lang='lat' dir='ltr'>quem</span> <span class='ocrx_word' id='word_1_95' title='bbox 1552 1392 1831 1469; x_wconf 79' lang='lat' dir='ltr'>gerebat,</span> <span class='ocrx_word' id='word_1_96' title='bbox 1869 1411 1938 1454; x_wconf 90' lang='lat' dir='ltr'>ac</span> <span class='ocrx_word' id='word_1_97' title='bbox 1972 1393 2268 1453; x_wconf 82' lang='lat' dir='ltr'>fraternae</span> 
     </span>
     <span class='ocr_line' id='line_1_14' title="bbox 256 1472 2270 1553; baseline 0.001 -20"><span class='ocrx_word' id='word_1_98' title='bbox 256 1473 555 1553; x_wconf 88' lang='lat' dir='ltr'>potentiae</span> <span class='ocrx_word' id='word_1_99' title='bbox 587 1488 686 1530; x_wconf 90' lang='lat' dir='ltr'>res</span> <span class='ocrx_word' id='word_1_100' title='bbox 715 1488 898 1532; x_wconf 86' lang='lat' dir='ltr'>novas</span> <span class='ocrx_word' id='word_1_101' title='bbox 926 1472 1261 1533; x_wconf 87' lang='lat' dir='ltr'>molientem</span> <span class='ocrx_word' id='word_1_102' title='bbox 1290 1474 1615 1553; x_wconf 85' lang='lat' dir='ltr'>confugere</span> <span class='ocrx_word' id='word_1_103' title='bbox 1655 1475 1952 1537; x_wconf 87' lang='lat' dir='ltr'>Perusiam</span> <span class='ocrx_word' id='word_1_104' title='bbox 1979 1478 2180 1553; x_wconf 85' lang='lat' dir='ltr'>coegit</span> <span class='ocrx_word' id='word_1_105' title='bbox 2209 1484 2270 1535; x_wconf 88' lang='lat' dir='ltr'>et</span> 
     </span>
     <span class='ocr_line' id='line_1_15' title="bbox 258 1554 2268 1637; baseline 0 -19"><span class='ocrx_word' id='word_1_106' title='bbox 258 1556 329 1618; x_wconf 89' lang='lat' dir='ltr'>ad</span> <span class='ocrx_word' id='word_1_107' title='bbox 371 1555 723 1616; x_wconf 87' lang='lat' dir='ltr'>deditionem</span> <span class='ocrx_word' id='word_1_108' title='bbox 764 1554 918 1615; x_wconf 82' lang='lat' dir='ltr'>same</span> <span class='ocrx_word' id='word_1_109' title='bbox 962 1557 1267 1635; x_wconf 85' lang='lat' dir='ltr'>compulit,</span> <span class='ocrx_word' id='word_1_110' title='bbox 1324 1576 1441 1629; x_wconf 88' lang='lat' dir='ltr'>non</span> <span class='ocrx_word' id='word_1_111' title='bbox 1477 1567 1668 1619; x_wconf 87' lang='lat' dir='ltr'>tamen</span> <span class='ocrx_word' id='word_1_112' title='bbox 1711 1561 1835 1619; x_wconf 77' lang='lat' dir='ltr'>sine</span> <span class='ocrx_word' id='word_1_113' title='bbox 1883 1562 2108 1637; x_wconf 87' lang='lat' dir='ltr'>magnis</span> <span class='ocrx_word' id='word_1_114' title='bbox 2149 1561 2268 1619; x_wconf 88' lang='lat' dir='ltr'>suis</span> 
     </span>
    </p>

    <p class='ocr_par' dir='ltr' id='par_1_5' title="bbox 188 1637 2318 2057">
     <span class='ocr_line' id='line_1_16' title="bbox 188 1637 2268 1721; baseline 0 -20"><span class='ocrx_word' id='word_1_115' title='bbox 188 1661 238 1701; x_wconf 87' lang='lat'>15</span> <span class='ocrx_word' id='word_1_116' title='bbox 259 1650 319 1701; x_wconf 89' lang='lat' dir='ltr'>et</span> <span class='ocrx_word' id='word_1_117' title='bbox 348 1648 483 1700; x_wconf 88' lang='lat' dir='ltr'>ante</span> <span class='ocrx_word' id='word_1_118' title='bbox 526 1637 745 1698; x_wconf 89' lang='lat' dir='ltr'>bellum</span> <span class='ocrx_word' id='word_1_119' title='bbox 784 1648 844 1700; x_wconf 90' lang='lat' dir='ltr'>et</span> <span class='ocrx_word' id='word_1_120' title='bbox 882 1642 938 1699; x_wconf 91' lang='lat' dir='ltr'>in</span> <span class='ocrx_word' id='word_1_121' title='bbox 978 1640 1139 1702; x_wconf 88' lang='lat' dir='ltr'>bello</span> <span class='ocrx_word' id='word_1_122' title='bbox 1172 1640 1618 1702; x_wconf 85' lang='lat' dir='ltr'>discriminibus.</span> <span class='ocrx_word' id='word_1_123' title='bbox 1691 1642 1836 1701; x_wconf 87' lang='lat' dir='ltr'>Nam</span> <span class='ocrx_word' id='word_1_124' title='bbox 1867 1662 1995 1703; x_wconf 91' lang='lat' dir='ltr'>cum</span> <span class='ocrx_word' id='word_1_125' title='bbox 2039 1651 2268 1721; x_wconf 88' lang='lat' dir='ltr'>specta-</span> 
     </span>
     <span class='ocr_line' id='line_1_17' title="bbox 260 1719 2270 1804; baseline 0 -20"><span class='ocrx_word' id='word_1_126' title='bbox 260 1724 395 1784; x_wconf 87' lang='lat' dir='ltr'>culo</span> <span class='ocrx_word' id='word_1_127' title='bbox 424 1720 688 1783; x_wconf 90' lang='lat' dir='ltr'>ludorum</span> <span class='ocrx_word' id='word_1_128' title='bbox 720 1726 1056 1801; x_wconf 85' lang='lat' dir='ltr'>gregarium</span> <span class='ocrx_word' id='word_1_129' title='bbox 1097 1724 1333 1785; x_wconf 86' lang='lat' dir='ltr'>militem</span> <span class='ocrx_word' id='word_1_130' title='bbox 1379 1728 1437 1785; x_wconf 91' lang='lat' dir='ltr'>in</span> <span class='ocrx_word' id='word_1_131' title='bbox 1483 1719 1940 1804; x_wconf 68' lang='lat' dir='ltr'>quattuordecim</span> <span class='ocrx_word' id='word_1_132' title='bbox 1977 1725 2270 1787; x_wconf 87' lang='lat' dir='ltr'>ordinibus</span> 
     </span>
     <span class='ocr_line' id='line_1_18' title="bbox 257 1807 2269 1888; baseline 0 -19"><span class='ocrx_word' id='word_1_133' title='bbox 257 1807 564 1869; x_wconf 88' lang='lat' dir='ltr'>sedentem</span> <span class='ocrx_word' id='word_1_134' title='bbox 608 1807 853 1867; x_wconf 86' lang='lat' dir='ltr'>excitari</span> <span class='ocrx_word' id='word_1_135' title='bbox 897 1827 1006 1887; x_wconf 91' lang='lat' dir='ltr'>per</span> <span class='ocrx_word' id='word_1_136' title='bbox 1036 1812 1429 1888; x_wconf 83' lang='lat' dir='ltr'>apparitorem</span> <span class='ocrx_word' id='word_1_137' title='bbox 1457 1811 1760 1887; x_wconf 89' lang='lat' dir='ltr'>iussisset,</span> <span class='ocrx_word' id='word_1_138' title='bbox 1803 1829 2034 1871; x_wconf 85' lang='lat' dir='ltr'>rumore</span> <span class='ocrx_word' id='word_1_139' title='bbox 2065 1810 2135 1871; x_wconf 89' lang='lat' dir='ltr'>ab</span> <span class='ocrx_word' id='word_1_140' title='bbox 2167 1809 2269 1869; x_wconf 90' lang='lat' dir='ltr'>ob-</span> 
     </span>
     <span class='ocr_line' id='line_1_19' title="bbox 258 1888 2318 1970; baseline 0 -18"><span class='ocrx_word' id='word_1_141' title='bbox 258 1890 676 1952; x_wconf 86' lang='lat' dir='ltr'>trectatoribus</span> <span class='ocrx_word' id='word_1_142' title='bbox 706 1888 883 1951; x_wconf 89' lang='lat' dir='ltr'>dilato</span> <span class='ocrx_word' id='word_1_143' title='bbox 910 1896 1074 1970; x_wconf 86' lang='lat' dir='ltr'>quasi</span> <span class='ocrx_word' id='word_1_144' title='bbox 1104 1893 1351 1953; x_wconf 89' lang='lat' dir='ltr'>eundem</span> <span class='ocrx_word' id='word_1_145' title='bbox 1381 1911 1516 1954; x_wconf 87' lang='lat' dir='ltr'>mox</span> <span class='ocrx_word' id='word_1_146' title='bbox 1544 1902 1604 1954; x_wconf 91' lang='lat' dir='ltr'>et</span> <span class='ocrx_word' id='word_1_147' title='bbox 1631 1894 2036 1956; x_wconf 85' lang='lat' dir='ltr'>discruciatum</span> <span class='ocrx_word' id='word_1_148' title='bbox 2065 1912 2269 1954; x_wconf 87' lang='lat' dir='ltr'>necas·</span> <span class='ocrx_word' id='word_1_149' title='bbox 2307 1940 2318 1947; x_wconf 93' lang='lat'>.</span> 
     </span>
     <span class='ocr_line' id='line_1_20' title="bbox 261 1973 2270 2057; baseline 0 -22"><span class='ocrx_word' id='word_1_150' title='bbox 261 1983 391 2050; x_wconf 87' lang='lat' dir='ltr'>set,</span> <span class='ocrx_word' id='word_1_151' title='bbox 443 1973 723 2033; x_wconf 87' lang='lat' dir='ltr'>minimum</span> <span class='ocrx_word' id='word_1_152' title='bbox 780 1974 953 2053; x_wconf 85' lang='lat' dir='ltr'>afuit,</span> <span class='ocrx_word' id='word_1_153' title='bbox 1012 1978 1145 2055; x_wconf 89' lang='lat' dir='ltr'>quin</span> <span class='ocrx_word' id='word_1_154' title='bbox 1193 1980 1418 2057; x_wconf 89' lang='lat' dir='ltr'>periret</span> <span class='ocrx_word' id='word_1_155' title='bbox 1458 1996 1744 2039; x_wconf 86' lang='lat' dir='ltr'>concursu</span> <span class='ocrx_word' id='word_1_156' title='bbox 1776 1988 1835 2039; x_wconf 91' lang='lat' dir='ltr'>et</span> <span class='ocrx_word' id='word_1_157' title='bbox 1875 1978 2270 2057; x_wconf 77' lang='lat' dir='ltr'>indignatione</span> 
     </span>
    </p>

    <p class='ocr_par' dir='ltr' id='par_1_6' title="bbox 186 2056 2363 2473">
     <span class='ocr_line' id='line_1_21' title="bbox 186 2056 2270 2143; baseline 0 -23"><span class='ocrx_word' id='word_1_158' title='bbox 186 2079 241 2120; x_wconf 82' lang='lat'>20</span> <span class='ocrx_word' id='word_1_159' title='bbox 262 2056 471 2120; x_wconf 87' lang='lat' dir='ltr'>turbae</span> <span class='ocrx_word' id='word_1_160' title='bbox 502 2056 781 2119; x_wconf 88' lang='lat' dir='ltr'>militaris.</span> <span class='ocrx_word' id='word_1_161' title='bbox 846 2059 1029 2119; x_wconf 88' lang='lat' dir='ltr'>Saluti</span> <span class='ocrx_word' id='word_1_162' title='bbox 1056 2061 1196 2139; x_wconf 84' lang='lat' dir='ltr'>fuit,</span> <span class='ocrx_word' id='word_1_163' title='bbox 1230 2062 1385 2141; x_wconf 85' lang='lat' dir='ltr'>quod</span> <span class='ocrx_word' id='word_1_164' title='bbox 1415 2064 1509 2143; x_wconf 88' lang='lat' dir='ltr'>qui</span> <span class='ocrx_word' id='word_1_165' title='bbox 1545 2062 1986 2124; x_wconf 85' lang='lat' dir='ltr'>desiderabatur</span> <span class='ocrx_word' id='word_1_166' title='bbox 2025 2070 2270 2142; x_wconf 89' lang='lat' dir='ltr'>repente</span> 
     </span>
     <span class='ocr_line' id='line_1_22' title="bbox 258 2141 2340 2221; baseline 0 -18"><span class='ocrx_word' id='word_1_167' title='bbox 258 2141 588 2221; x_wconf 85' lang='lat' dir='ltr'>comparuit</span> <span class='ocrx_word' id='word_1_168' title='bbox 615 2142 920 2203; x_wconf 89' lang='lat' dir='ltr'>incolumis</span> <span class='ocrx_word' id='word_1_169' title='bbox 948 2163 1017 2204; x_wconf 88' lang='lat' dir='ltr'>ac</span> <span class='ocrx_word' id='word_1_170' title='bbox 1050 2146 1175 2206; x_wconf 91' lang='lat' dir='ltr'>sine</span> <span class='ocrx_word' id='word_1_171' title='bbox 1206 2147 1429 2207; x_wconf 88' lang='lat' dir='ltr'>iniuria.</span> <span class='ocrx_word' id='word_1_172' title='bbox 1501 2144 1673 2207; x_wconf 88' lang='lat' dir='ltr'>Circa</span> <span class='ocrx_word' id='word_1_173' title='bbox 1717 2146 2054 2208; x_wconf 87' lang='lat' dir='ltr'>Perusinum</span> <span class='ocrx_word' id='word_1_174' title='bbox 2083 2154 2272 2206; x_wconf 88' lang='lat' dir='ltr'>autem</span> <span class='ocrx_word' id='word_1_175' title='bbox 2335 2172 2340 2183; x_wconf 41' lang='grc' dir='ltr'>ι</span> 
     </span>
     <span class='ocr_line' id='line_1_23' title="bbox 253 2227 2268 2309; baseline 0.001 -22"><span class='ocrx_word' id='word_1_176' title='bbox 253 2244 477 2287; x_wconf 86' lang='lat' dir='ltr'>murum</span> <span class='ocrx_word' id='word_1_177' title='bbox 504 2227 843 2287; x_wconf 82' lang='lat' dir='ltr'>sacrificans</span> <span class='ocrx_word' id='word_1_178' title='bbox 868 2246 1059 2307; x_wconf 87' lang='lat' dir='ltr'>paene</span> <span class='ocrx_word' id='word_1_179' title='bbox 1086 2232 1448 2309; x_wconf 87' lang='lat' dir='ltr'>interceptus</span> <span class='ocrx_word' id='word_1_180' title='bbox 1481 2240 1573 2289; x_wconf 88' lang='lat' dir='ltr'>est</span> <span class='ocrx_word' id='word_1_181' title='bbox 1603 2248 1634 2289; x_wconf 92' lang='lat' dir='ltr'>a</span> <span class='ocrx_word' id='word_1_182' title='bbox 1666 2248 1833 2289; x_wconf 93' lang='lat' dir='ltr'>manu</span> <span class='ocrx_word' id='word_1_183' title='bbox 1861 2230 2268 2307; x_wconf 88' lang='lat' dir='ltr'>gladiatorum,</span> 
     </span>
     <span class='ocr_line' id='line_1_24' title="bbox 255 2308 2363 2393; baseline 0.001 -22"><span class='ocrx_word' id='word_1_184' title='bbox 255 2328 407 2389; x_wconf 84' lang='lat' dir='ltr'>quae</span> <span class='ocrx_word' id='word_1_185' title='bbox 441 2308 661 2389; x_wconf 89' lang='lat' dir='ltr'>oppido</span> <span class='ocrx_word' id='word_1_186' title='bbox 695 2322 987 2389; x_wconf 87' lang='lat' dir='ltr'>eruperat.</span> <span class='ocrx_word' id='word_1_187' title='bbox 1041 2312 1283 2373; x_wconf 88' lang='lat' dir='ltr'>Perusia</span> <span class='ocrx_word' id='word_1_188' title='bbox 1314 2323 1486 2393; x_wconf 92' lang='lat' dir='ltr'>capta</span> <span class='ocrx_word' id='word_1_189' title='bbox 1517 2315 1574 2373; x_wconf 90' lang='lat' dir='ltr'>in</span> <span class='ocrx_word' id='word_1_190' title='bbox 1606 2313 1886 2392; x_wconf 88' lang='lat' dir='ltr'>plurimos</span> <span class='ocrx_word' id='word_1_191' title='bbox 1911 2312 2267 2373; x_wconf 87' lang='lat' dir='ltr'>animadver-</span> <span class='ocrx_word' id='word_1_192' title='bbox 2289 2314 2363 2373; x_wconf 67' lang='lat'>1⁵</span> 
     </span>
     <span class='ocr_line' id='line_1_25' title="bbox 256 2396 2271 2473; baseline -0 -17"><span class='ocrx_word' id='word_1_193' title='bbox 256 2399 359 2473; x_wconf 85' lang='lat' dir='ltr'>tit,</span> <span class='ocrx_word' id='word_1_194' title='bbox 392 2410 567 2455; x_wconf 88' lang='lat' dir='ltr'>orare</span> <span class='ocrx_word' id='word_1_195' title='bbox 597 2396 823 2455; x_wconf 82' lang='lat' dir='ltr'>veniam</span> <span class='ocrx_word' id='word_1_196' title='bbox 852 2396 949 2455; x_wconf 83' lang='lat' dir='ltr'>vel</span> <span class='ocrx_word' id='word_1_197' title='bbox 980 2415 1265 2459; x_wconf 86' lang='lat' dir='ltr'>excusare</span> <span class='ocrx_word' id='word_1_198' title='bbox 1294 2417 1362 2457; x_wconf 91' lang='lat' dir='ltr'>se</span> <span class='ocrx_word' id='word_1_199' title='bbox 1389 2397 1730 2459; x_wconf 88' lang='lat' dir='ltr'>conantibus</span> <span class='ocrx_word' id='word_1_200' title='bbox 1753 2416 1864 2459; x_wconf 87' lang='lat' dir='ltr'>una</span> <span class='ocrx_word' id='word_1_201' title='bbox 1892 2416 2044 2458; x_wconf 84' lang='lat' dir='ltr'>voce</span> <span class='ocrx_word' id='word_1_202' title='bbox 2068 2414 2271 2456; x_wconf 91' lang='lat' dir='ltr'>occur-</span> 
     </span>
    </p>

    <p class='ocr_par' dir='ltr' id='par_1_7' title="bbox 190 2476 2271 2561">
     <span class='ocr_line' id='line_1_26' title="bbox 190 2476 2271 2561; baseline 0.001 -24"><span class='ocrx_word' id='word_1_203' title='bbox 190 2496 432 2555; x_wconf 51' lang='lat' dir='ltr'>aerens,</span> <span class='ocrx_word' id='word_1_204' title='bbox 475 2476 861 2539; x_wconf 79' lang='lat' dir='ltr'>moriendum</span> <span class='ocrx_word' id='word_1_205' title='bbox 900 2498 1057 2541; x_wconf 74' lang='lat' dir='ltr'>ease.</span> <span class='ocrx_word' id='word_1_206' title='bbox 1126 2482 1399 2542; x_wconf 87' lang='lat' dir='ltr'>Scribunt</span> <span class='ocrx_word' id='word_1_207' title='bbox 1431 2482 1687 2561; x_wconf 89' lang='lat' dir='ltr'>quidam,</span> <span class='ocrx_word' id='word_1_208' title='bbox 1737 2491 2036 2542; x_wconf 90' lang='lat' dir='ltr'>trecentos</span> <span class='ocrx_word' id='word_1_209' title='bbox 2068 2500 2143 2541; x_wconf 84' lang='lat' dir='ltr'>ex</span> <span class='ocrx_word' id='word_1_210' title='bbox 2171 2480 2271 2541; x_wconf 90' lang='lat' dir='ltr'>de-</span> 
     </span>
    </p>

    <p class='ocr_par' dir='ltr' id='par_1_8' title="bbox 178 2560 2274 2896">
     <span class='ocr_line' id='line_1_27' title="bbox 178 2560 2272 2643; baseline 0 -21"><span class='ocrx_word' id='word_1_211' title='bbox 178 2600 183 2605; x_wconf 90' lang='lat'><em>·</em></span> <span class='ocrx_word' id='word_1_212' title='bbox 256 2563 475 2622; x_wconf 74' lang='lat' dir='ltr'>diliciis</span> <span class='ocrx_word' id='word_1_213' title='bbox 503 2560 732 2622; x_wconf 88' lang='lat' dir='ltr'>electos</span> <span class='ocrx_word' id='word_1_214' title='bbox 760 2566 1057 2643; x_wconf 84' lang='lat' dir='ltr'>utriusque</span> <span class='ocrx_word' id='word_1_215' title='bbox 1082 2562 1299 2626; x_wconf 86' lang='lat' dir='ltr'>ordinis</span> <span class='ocrx_word' id='word_1_216' title='bbox 1328 2566 1400 2626; x_wconf 88' lang='lat' dir='ltr'>ad</span> <span class='ocrx_word' id='word_1_217' title='bbox 1434 2584 1590 2627; x_wconf 91' lang='lat' dir='ltr'>aram</span> <span class='ocrx_word' id='word_1_218' title='bbox 1605 2564 1758 2627; x_wconf 84' lang='lat' dir='ltr'>Divo</span> <span class='ocrx_word' id='word_1_219' title='bbox 1775 2566 1922 2627; x_wconf 88' lang='lat' dir='ltr'>Iulio</span> <span class='ocrx_word' id='word_1_220' title='bbox 1953 2574 2272 2627; x_wconf 86' lang='lat' dir='ltr'>extructam</span> 
     </span>
     <span class='ocr_line' id='line_1_28' title="bbox 255 2645 2270 2729; baseline 0 -22"><span class='ocrx_word' id='word_1_221' title='bbox 255 2646 456 2707; x_wconf 90' lang='lat' dir='ltr'>Idibus</span> <span class='ocrx_word' id='word_1_222' title='bbox 484 2645 708 2705; x_wconf 84' lang='lat' dir='ltr'>Martiis</span> <span class='ocrx_word' id='word_1_223' title='bbox 738 2646 1054 2709; x_wconf 87' lang='lat' dir='ltr'>hostiarum</span> <span class='ocrx_word' id='word_1_224' title='bbox 1082 2668 1243 2710; x_wconf 90' lang='lat' dir='ltr'>more</span> <span class='ocrx_word' id='word_1_225' title='bbox 1272 2659 1576 2712; x_wconf 87' lang='lat' dir='ltr'>mactatos.</span> <span class='ocrx_word' id='word_1_226' title='bbox 1651 2650 1984 2712; x_wconf 86' lang='lat' dir='ltr'>Extiterunt</span> <span class='ocrx_word' id='word_1_227' title='bbox 2031 2652 2127 2729; x_wconf 86' lang='lat' dir='ltr'>qui</span> <span class='ocrx_word' id='word_1_228' title='bbox 2157 2657 2270 2709; x_wconf 84' lang='lat' dir='ltr'>tra-</span> 
     </span>
     <span class='ocr_line' id='line_1_29' title="bbox 258 2731 2274 2812; baseline -0 -22"><span class='ocrx_word' id='word_1_229' title='bbox 258 2731 503 2806; x_wconf 87' lang='lat' dir='ltr'>derent,</span> <span class='ocrx_word' id='word_1_230' title='bbox 548 2739 839 2809; x_wconf 86' lang='lat' dir='ltr'>conpecto</span> <span class='ocrx_word' id='word_1_231' title='bbox 873 2750 1001 2792; x_wconf 88' lang='lat' dir='ltr'>eum</span> <span class='ocrx_word' id='word_1_232' title='bbox 1028 2734 1099 2794; x_wconf 92' lang='lat' dir='ltr'>ad</span> <span class='ocrx_word' id='word_1_233' title='bbox 1142 2752 1298 2795; x_wconf 89' lang='lat' dir='ltr'>arma</span> <span class='ocrx_word' id='word_1_234' title='bbox 1329 2736 1482 2812; x_wconf 87' lang='lat' dir='ltr'>isse,</span> <span class='ocrx_word' id='word_1_235' title='bbox 1526 2744 1588 2796; x_wconf 90' lang='lat' dir='ltr'>ut</span> <span class='ocrx_word' id='word_1_236' title='bbox 1617 2735 1834 2795; x_wconf 87' lang='lat' dir='ltr'>occulti</span> <span class='ocrx_word' id='word_1_237' title='bbox 1864 2734 2181 2795; x_wconf 87' lang='lat' dir='ltr'>adversarii</span> <span class='ocrx_word' id='word_1_238' title='bbox 2215 2739 2274 2790; x_wconf 87' lang='lat' dir='ltr'>et</span> 
     </span>
     <span class='ocr_line' id='line_1_30' title="bbox 262 2814 2270 2896; baseline 0 -24"><span class='ocrx_word' id='word_1_239' title='bbox 262 2831 411 2891; x_wconf 81' lang='lat' dir='ltr'>qnos</span> <span class='ocrx_word' id='word_1_240' title='bbox 440 2822 629 2874; x_wconf 86' lang='lat' dir='ltr'>metus</span> <span class='ocrx_word' id='word_1_241' title='bbox 655 2816 841 2892; x_wconf 87' lang='lat' dir='ltr'>magis</span> <span class='ocrx_word' id='word_1_242' title='bbox 872 2833 1043 2894; x_wconf 88' lang='lat' dir='ltr'>quam</span> <span class='ocrx_word' id='word_1_243' title='bbox 1068 2818 1337 2879; x_wconf 84' lang='lat' dir='ltr'>voluntas</span> <span class='ocrx_word' id='word_1_244' title='bbox 1361 2820 1719 2896; x_wconf 86' lang='lat' dir='ltr'>contineret,</span> <span class='ocrx_word' id='word_1_245' title='bbox 1752 2819 2030 2879; x_wconf 87' lang='lat' dir='ltr'>facultate</span> <span class='ocrx_word' id='word_1_246' title='bbox 2058 2815 2121 2876; x_wconf 90' lang='lat' dir='ltr'>L.</span> <span class='ocrx_word' id='word_1_247' title='bbox 2154 2814 2270 2875; x_wconf 87' lang='lat' dir='ltr'>An-</span> 
     </span>
    </p>

    <p class='ocr_par' dir='ltr' id='par_1_9' title="bbox 189 2896 2272 3065">
     <span class='ocr_line' id='line_1_31' title="bbox 189 2896 2272 2981; baseline 0.001 -25"><span class='ocrx_word' id='word_1_248' title='bbox 189 2915 241 2957; x_wconf 78' lang='lat' dir='ltr'>ao</span> <span class='ocrx_word' id='word_1_249' title='bbox 265 2898 387 2957; x_wconf 88' lang='lat' dir='ltr'>toni</span> <span class='ocrx_word' id='word_1_250' title='bbox 420 2896 581 2958; x_wconf 88' lang='lat' dir='ltr'>ducis</span> <span class='ocrx_word' id='word_1_251' title='bbox 618 2899 913 2977; x_wconf 88' lang='lat' dir='ltr'>praebita,</span> <span class='ocrx_word' id='word_1_252' title='bbox 955 2901 1371 2979; x_wconf 87' lang='lat' dir='ltr'>detegerentur</span> <span class='ocrx_word' id='word_1_253' title='bbox 1397 2901 1764 2981; x_wconf 80' lang='lat' dir='ltr'>devictisque</span> <span class='ocrx_word' id='word_1_254' title='bbox 1809 2904 1858 2961; x_wconf 90' lang='lat' dir='ltr'>is</span> <span class='ocrx_word' id='word_1_255' title='bbox 1889 2911 1948 2961; x_wconf 91' lang='lat' dir='ltr'>et</span> <span class='ocrx_word' id='word_1_256' title='bbox 1991 2900 2272 2961; x_wconf 84' lang='lat' dir='ltr'>confisca-</span> 
     </span>
     <span class='ocr_line' id='line_1_32' title="bbox 257 2984 1821 3065; baseline 0.003 -24"><span class='ocrx_word' id='word_1_257' title='bbox 257 2984 363 3060; x_wconf 87' lang='lat' dir='ltr'>tis,</span> <span class='ocrx_word' id='word_1_258' title='bbox 396 2985 687 3061; x_wconf 87' lang='lat' dir='ltr'>promissa</span> <span class='ocrx_word' id='word_1_259' title='bbox 715 2988 1008 3045; x_wconf 84' lang='lat' dir='ltr'>veteranis</span> <span class='ocrx_word' id='word_1_260' title='bbox 1036 2987 1291 3065; x_wconf 85' lang='lat' dir='ltr'>praemia</span> <span class='ocrx_word' id='word_1_261' title='bbox 1320 2985 1821 3065; x_wconf 81' lang='lat' dir='ltr'>persolverentur.</span> 
     </span>
    </p>

    <p class='ocr_par' dir='ltr' id='par_1_10' title="bbox 256 3065 2357 3318">
     <span class='ocr_line' id='line_1_33' title="bbox 387 3065 2357 3150; baseline 0.004 -25"><span class='ocrx_word' id='word_1_262' title='bbox 387 3065 647 3127; x_wconf 90' lang='lat' dir='ltr'>Siculum</span> <span class='ocrx_word' id='word_1_263' title='bbox 676 3067 894 3127; x_wconf 89' lang='lat' dir='ltr'>bellum</span> <span class='ocrx_word' id='word_1_264' title='bbox 933 3070 1230 3131; x_wconf 86' lang='lat' dir='ltr'>inchoavit</span> <span class='ocrx_word' id='word_1_265' title='bbox 1262 3072 1322 3129; x_wconf 89' lang='lat' dir='ltr'>in</span> <span class='ocrx_word' id='word_1_266' title='bbox 1351 3072 1581 3150; x_wconf 89' lang='lat' dir='ltr'>primis,</span> <span class='ocrx_word' id='word_1_267' title='bbox 1622 3069 1727 3130; x_wconf 90' lang='lat' dir='ltr'>sed</span> <span class='ocrx_word' id='word_1_268' title='bbox 1760 3070 1854 3130; x_wconf 89' lang='lat' dir='ltr'>diu</span> <span class='ocrx_word' id='word_1_269' title='bbox 1887 3070 2060 3129; x_wconf 85' lang='lat' dir='ltr'>traxit</span> <span class='ocrx_word' id='word_1_270' title='bbox 2097 3067 2357 3131; x_wconf 86' lang='lat' dir='ltr'>inter-16</span> 
     </span>
     <span class='ocr_line' id='line_1_34' title="bbox 256 3152 2274 3233; baseline 0 -25"><span class='ocrx_word' id='word_1_271' title='bbox 256 3152 496 3209; x_wconf 89' lang='lat' dir='ltr'>missum</span> <span class='ocrx_word' id='word_1_272' title='bbox 532 3153 802 3230; x_wconf 88' lang='lat' dir='ltr'>saepius,</span> <span class='ocrx_word' id='word_1_273' title='bbox 842 3152 1015 3214; x_wconf 87' lang='lat' dir='ltr'>modo</span> <span class='ocrx_word' id='word_1_274' title='bbox 1051 3154 1504 3233; x_wconf 88' lang='lat' dir='ltr'>reparandarum</span> <span class='ocrx_word' id='word_1_275' title='bbox 1546 3155 1819 3215; x_wconf 84' lang='lat' dir='ltr'>classium</span> <span class='ocrx_word' id='word_1_276' title='bbox 1863 3170 2069 3229; x_wconf 89' lang='lat' dir='ltr'>causa,</span> <span class='ocrx_word' id='word_1_277' title='bbox 2131 3168 2274 3229; x_wconf 88' lang='lat' dir='ltr'>quas</span> 
     </span>
     <span class='ocr_line' id='line_1_35' title="bbox 258 3234 2270 3318; baseline 0 -27"><span class='ocrx_word' id='word_1_278' title='bbox 258 3234 706 3312; x_wconf 86' lang='lat' dir='ltr'>tempestatibus</span> <span class='ocrx_word' id='word_1_279' title='bbox 737 3236 951 3315; x_wconf 89' lang='lat' dir='ltr'>duplici</span> <span class='ocrx_word' id='word_1_280' title='bbox 982 3238 1285 3315; x_wconf 79' lang='lat' dir='ltr'>naufragio</span> <span class='ocrx_word' id='word_1_281' title='bbox 1315 3248 1374 3299; x_wconf 89' lang='lat' dir='ltr'>et</span> <span class='ocrx_word' id='word_1_282' title='bbox 1419 3237 1648 3318; x_wconf 86' lang='lat' dir='ltr'>quidem</span> <span class='ocrx_word' id='word_1_283' title='bbox 1689 3257 1799 3318; x_wconf 88' lang='lat' dir='ltr'>per</span> <span class='ocrx_word' id='word_1_284' title='bbox 1829 3244 2106 3299; x_wconf 85' lang='lat' dir='ltr'>aestatem</span> <span class='ocrx_word' id='word_1_285' title='bbox 2139 3235 2270 3295; x_wconf 88' lang='lat' dir='ltr'>ami-</span> 
     </span>
    </p>

    <p class='ocr_par' dir='ltr' id='par_1_11' title="bbox 193 3317 2272 3651">
     <span class='ocr_line' id='line_1_36' title="bbox 193 3317 2271 3402; baseline 0.002 -29"><span class='ocrx_word' id='word_1_286' title='bbox 193 3332 242 3373; x_wconf 74' lang='lat'>35</span> <span class='ocrx_word' id='word_1_287' title='bbox 262 3327 456 3394; x_wconf 88' lang='lat' dir='ltr'>serat,</span> <span class='ocrx_word' id='word_1_288' title='bbox 487 3317 660 3378; x_wconf 90' lang='lat' dir='ltr'>modo</span> <span class='ocrx_word' id='word_1_289' title='bbox 688 3336 837 3397; x_wconf 85' lang='lat' dir='ltr'>pace</span> <span class='ocrx_word' id='word_1_290' title='bbox 863 3321 1047 3397; x_wconf 79' lang='lat' dir='ltr'>facta,</span> <span class='ocrx_word' id='word_1_291' title='bbox 1072 3322 1370 3399; x_wconf 83' lang='lat' dir='ltr'>flagitante</span> <span class='ocrx_word' id='word_1_292' title='bbox 1395 3323 1614 3402; x_wconf 91' lang='lat' dir='ltr'>populo</span> <span class='ocrx_word' id='word_1_293' title='bbox 1644 3323 1720 3382; x_wconf 93' lang='lat' dir='ltr'>ob</span> <span class='ocrx_word' id='word_1_294' title='bbox 1744 3321 2092 3383; x_wconf 88' lang='lat' dir='ltr'>interclusos</span> <span class='ocrx_word' id='word_1_295' title='bbox 2118 3336 2271 3379; x_wconf 88' lang='lat' dir='ltr'>com-</span> 
     </span>
     <span class='ocr_line' id='line_1_37' title="bbox 260 3402 2270 3481; baseline 0 -23"><span class='ocrx_word' id='word_1_296' title='bbox 260 3410 485 3460; x_wconf 86' lang='lat' dir='ltr'>meatus</span> <span class='ocrx_word' id='word_1_297' title='bbox 517 3402 843 3481; x_wconf 82' lang='lat' dir='ltr'>samemque</span> <span class='ocrx_word' id='word_1_298' title='bbox 873 3406 1411 3481; x_wconf 85' lang='lat' dir='ltr'>ingravescentem;</span> <span class='ocrx_word' id='word_1_299' title='bbox 1444 3407 1631 3467; x_wconf 88' lang='lat' dir='ltr'>donec</span> <span class='ocrx_word' id='word_1_300' title='bbox 1660 3407 1904 3467; x_wconf 84' lang='lat' dir='ltr'>navibus</span> <span class='ocrx_word' id='word_1_301' title='bbox 1936 3424 2012 3466; x_wconf 87' lang='lat' dir='ltr'>ex</span> <span class='ocrx_word' id='word_1_302' title='bbox 2039 3407 2270 3478; x_wconf 84' lang='lat' dir='ltr'>integro</span> 
     </span>
     <span class='ocr_line' id='line_1_38' title="bbox 261 3483 2272 3564; baseline 0.002 -22"><span class='ocrx_word' id='word_1_303' title='bbox 261 3483 567 3547; x_wconf 85' lang='lat' dir='ltr'>fabricatis</span> <span class='ocrx_word' id='word_1_304' title='bbox 596 3504 665 3546; x_wconf 91' lang='lat' dir='ltr'>ac</span> <span class='ocrx_word' id='word_1_305' title='bbox 690 3488 895 3564; x_wconf 82' lang='lat' dir='ltr'>viginti</span> <span class='ocrx_word' id='word_1_306' title='bbox 924 3506 1225 3549; x_wconf 83' lang='lat' dir='ltr'>servorum</span> <span class='ocrx_word' id='word_1_307' title='bbox 1245 3489 1476 3550; x_wconf 86' lang='lat' dir='ltr'>milibus</span> <span class='ocrx_word' id='word_1_308' title='bbox 1487 3492 1848 3551; x_wconf 87' lang='lat' dir='ltr'>manumissis</span> <span class='ocrx_word' id='word_1_309' title='bbox 1877 3498 1935 3550; x_wconf 90' lang='lat' dir='ltr'>et</span> <span class='ocrx_word' id='word_1_310' title='bbox 1963 3489 2033 3550; x_wconf 92' lang='lat' dir='ltr'>ad</span> <span class='ocrx_word' id='word_1_311' title='bbox 2055 3502 2272 3547; x_wconf 81' lang='lat' dir='ltr'>remum</span> 
     </span>
     <span class='ocr_line' id='line_1_39' title="bbox 266 3565 2271 3651; baseline 0.001 -26"><span class='ocrx_word' id='word_1_312' title='bbox 266 3565 439 3647; x_wconf 86' lang='lat' dir='ltr'>datis,</span> <span class='ocrx_word' id='word_1_313' title='bbox 469 3578 701 3649; x_wconf 91' lang='lat' dir='ltr'>portum</span> <span class='ocrx_word' id='word_1_314' title='bbox 725 3569 929 3631; x_wconf 87' lang='lat' dir='ltr'>Iulium</span> <span class='ocrx_word' id='word_1_315' title='bbox 952 3572 1103 3651; x_wconf 84' lang='lat' dir='ltr'>apud</span> <span class='ocrx_word' id='word_1_316' title='bbox 1126 3572 1320 3650; x_wconf 86' lang='lat' dir='ltr'>Baias,</span> <span class='ocrx_word' id='word_1_317' title='bbox 1350 3575 1586 3634; x_wconf 89' lang='lat' dir='ltr'>inmisso</span> <span class='ocrx_word' id='word_1_318' title='bbox 1612 3577 1670 3635; x_wconf 91' lang='lat' dir='ltr'>in</span> <span class='ocrx_word' id='word_1_319' title='bbox 1683 3574 1986 3635; x_wconf 87' lang='lat' dir='ltr'>Lucrinum</span> <span class='ocrx_word' id='word_1_320' title='bbox 2013 3580 2070 3631; x_wconf 85' lang='lat' dir='ltr'>et</span> <span class='ocrx_word' id='word_1_321' title='bbox 2086 3569 2271 3629; x_wconf 84' lang='lat' dir='ltr'>Aver-</span> 
     </span>
    </p>
   </div>
  </div>
 </body>
</html>
