2700 4234
663 320 862 367 Lxxn
1331 317 1747 367 PRAEFATIO.

671 476 874 547 aliquis
919 493 986 532 ea
1019 492 1160 546 quae
1195 492 1248 546 p.
1279 480 1597 535 275—-278
1642 478 1711 531 de
1757 476 1905 532 ludis
1936 476 2275 533 Graecorum
2308 480 2474 535 oble-

667 560 1066 629 ctamentisque
1097 557 1517 627 convivalibus,
1564 565 1673 614 tum
1704 575 1843 630 quae
1874 577 1926 631 p.
1960 564 2063 620 282
2094 562 2165 616 de
2196 561 2472 619 conviciis

669 650 726 699 et
754 640 1063 699 maledictis
1093 641 1238 713 apud
1271 642 1498 697 eosdem
1530 642 1751 699 usitatis
1780 643 1957 698 relata
1986 650 2133 713 sunt,
2163 660 2345 713 neque
2366 645 2472 700 du-

665 725 785 782 bito
817 725 946 796 quin
977 723 1107 779 mihi
1143 738 1473 780 assensurus
1522 724 1626 795 sit,
1676 740 1795 781 cum
1836 726 1965 781 illos
1996 727 2222 783 libellos
2253 725 2472 783 Graeco

667 824 922 865 sermone
957 806 1200 879 scriptos
1232 806 1410 863 fuisse
1436 807 1643 863 iudico.
1732 806 1845 863 Nec
1874 824 1975 880 per
2006 826 2069 865 se
2097 809 2473 882 improbabile

667 898 772 961 est,
808 896 1040 962 utroque
1069 905 1324 945 sermone
1356 890 1653 961 scripsisse
1684 891 1957 947 homiuem
1990 893 2057 947 ab
2094 898 2275 948 aetate
2297 894 2466 949 Fron.

667 975 847 1043 tonis,
876 973 1170 1041 Favorini,
1199 972 1371 1028 Marci
1403 972 1668 1029 Antonini
1701 975 1845 1030 haud
1875 974 1951 1030 ita
1980 976 2147 1045 longe
2181 981 2467 1033 remotum.

787 1057 848 1111 In
888 1056 1046 1112 libris
1078 1054 1330 1111 ludorum
1358 1057 1467 1111 hoc
1498 1071 1719 1127 quoque
1753 1056 1878 1113 addi
1910 1073 2083 1128 posse
2116 1057 2354 1113 videtur.
2400 1057 2461 1113 Si

667 1147 726 1195 ut
765 1141 1128 1196 Romanorum
1168 1138 1244 1195 ita
1287 1137 1622 1195 Graecorum
1664 1156 1883 1210 quoque
1924 1140 2087 1195 ludos
2119 1140 2471 1211 Tranquillus

664 1223 856 1279 Latine
897 1220 1190 1293 exposuit,
1239 1236 1336 1275 cur
1364 1237 1474 1277 non
1506 1221 1691 1293 potius
1723 1229 1981 1293 quattuor
2012 1224 2188 1279 libros
2218 1223 2467 1279 ludicrae

667 1306 751 1361 rei
781 1304 1116 1377 coniunctim
1149 1304 1361 1372 edidit,
1416 1318 1645 1374 quorum
1682 1305 1794 1361 duo
1825 1304 2193 1375 Graecorum,
2236 1306 2470 1361 totidem

663 1389 1024 1444 Romanorum
1055 1387 1250 1455 ludos,
1295 1392 1353 1442 et
1386 1386 1528 1443 alter
1561 1388 1779 1458 quidem
1822 1388 2067 1459 pueriles
2114 1389 2471 1454 convivales-

663 1487 770 1541 que
801 1470 980 1538 iocos,
1013 1470 1155 1527 alter
1187 1470 1487 1525 certamina
1518 1486 1585 1525 ac
1612 1471 1929 1542 spectacula
1963 1471 2183 1543 publica
2213 1471 2468 1543 contine-

663 1546 790 1609 ret?
835 1553 948 1610 Sed
993 1553 1144 1608 clare
1185 1552 1443 1609 traditum
1472 1559 1590 1622 cst,
1635 1570 1739 1609 nec
1780 1570 2001 1611 causam
2033 1554 2349 1624 ambigendi
2381 1553 2469 1611 Υἱὲ

667 1638 801 1706 deo,
851 1653 958 1692 uno
1016 1636 1161 1692 libro
1208 1635 1546 1692 Graecorum
1595 1636 1788 1706 iocos,
1833 1637 2045 1693 duobus
2098 1638 2472 1693 Romanorum

662 1719 979 1792 spectacula
1014 1724 1070 1773 et
1100 1719 1403 1775 certamina
1438 1717 1612 1774 fuisse
1648 1720 1939 1790 exposita,
1971 1720 2009 1775 i.
2042 1737 2092 1775 e.
2124 1721 2193 1775 ab
2224 1720 2471 1791 origini-

663 1804 766 1859 bus
797 1802 1035 1873 repetita
1068 1808 1124 1857 et
1150 1808 1399 1857 veterum
1436 1801 1772 1874 scriptorum
1802 1803 2137 1860 testimoniis
2168 1803 2467 1859 illustrata.

662 1885 852 1957 Neque
881 1885 1051 1940 ullum
1073 1884 1300 1956 reperio
1333 1884 1779 1956 spectaculorum
1804 1884 2075 1946 Graeciae
2110 1890 2473 1943 tractatorum

662 1968 978 2037 vestigium.
1055 1967 1188 2021 Inde
1221 1966 1481 2037 conficio,
1512 1972 1571 2023 ut
1597 1966 1653 2023 hi
1687 1967 1831 2023 tituli
1862 1986 1969 2025 non
2000 1985 2103 2040 pro
2142 1968 2304 2025 unius
2337 1984 2468 2024 cor-

662 2052 820 2123 poris
847 2050 1096 2123 partibus
1127 2050 1457 2119 habeantur,
1492 2050 1639 2122 quod
1668 2051 1853 2107 multis
1883 2052 2123 2123 plac-uit,
2156 2051 2256 2109 sed
2285 2052 2475 2123 probe

666 2134 1090 2203 distinguantur.
1180 2133 1430 2188 Alterum
1476 2149 1617 2205 opus
1661 2134 2019 2191 monobiblon
2055 2134 2266 2191 Graece
2326 2134 2477 2189 scri-

664 2224 813 2290 ptum
843 2214 1178 2273 Graecorum
1210 2217 1363 2271 lusus
1396 2214 1667 2287 iocosque
1696 2218 2006 2287 tractabat,
2056 2219 2287 2273 alterum
2318 2217 2467 2273 Lati-

663 2317 786 2356 num
811 2300 1176 2356 Romanorum
1201 2299 1382 2371 primo
1416 2299 1562 2356 libro
1597 2316 1713 2355 rem
1742 2300 2042 2370 scenicam,
2074 2299 2326 2357 secundo
2358 2300 2473 2355 cir-

665 2399 865 2439 censes
904 2382 1236 2454 explicabat.
1325 2380 1561 2437 'l'itulum
1591 2400 1644 2453 p.
1680 2386 1803 2451 278,
1835 2388 1905 2443 36
1936 2384 2029 2455 qui
2060 2383 2239 2440 estin
2272 2382 2477 2439 libro

665 2467 747 2522 de
790 2480 1177 2537 puerorum
1221 2465 1509 2522 lusibus
1552 2470 1869 2538 suspectum
1912 2468 2129 2536 habeo,
2176 2480 2279 2521 nec
2329 2466 2477 2521 solis

666 2548 976 2621 puerilibus
1001 2548 1147 2603 ludis
1170 2548 1372 2603 librum
1405 2548 1473 2603 de
1497 2548 1717 2604 duobus
1742 2550 1970 2605 alterum
2001 2550 2272 2621 repletum
2294 2547 2474 2605 fuisse

667 2632 858 2687 credo.
949 2628 1060 2687 Sed
1089 2636 1266 2685 utrum
1299 2630 1503 2687 Servio
1534 2647 1635 2703 pro
1666 2634 1723 2685 in
1754 2632 1887 2687 libro
1920 2633 2273 2689 scribendum
2304 2630 2474 2687 fuerit

663 2716 719 2769 in
753 2715 962 2785 capite,
999 2730 1067 2769 an
1099 2713 1381 2769 diversum
1424 2714 1647 2769 omnino
1680 2731 1710 2769 a
1750 2716 2137 2786 superioribus
2172 2717 2283 2771 hoc
2328 2730 2477 2786 opus
2505 2728 2509 2733 ·

666 2798 996 2868 tertiumque
1027 2797 1097 2853 de
1130 2814 1190 2853 re
1218 2796 1435 2853 ludicra
1464 2796 1817 2867 Tranquillus
1848 2798 2176 2871 scripserit,
2230 2812 2341 2853 non
2370 2798 2471 2853 de-

665 2896 854 2936 cerno.
946 2880 1308 2936 casaubonus
1366 2880 1433 2935 de
1476 2880 1818 2936 Graecorum
1878 2881 2082 2937 lusibus
2140 2881 2470 2953 reponebat.

553 3001 561 3006 -
667 2962 921 3018 Ceterum
948 2978 1091 3034 opus
1123 2964 1288 3019 multa
1327 2979 1513 3018 rerum
1546 2962 1822 3021 varietate
1858 2964 2219 3035 conspicuum
2250 2962 2471 3018 Tertul-

663 3044 813 3101 liano
859 3051 915 3101 et
944 3046 1196 3101 Diomedi
1239 3046 1404 3102 etiam
1452 3062 1560 3102 non
1602 3045 1950 3103 monentibus
1981 3047 2105 3103 usui
2144 3046 2265 3101 i'uit.
2358 3045 2474 3101 Sed

665 3128 949 3198 nonnulla,
983 3135 1039 3183 ut
1070 3146 1135 3185 ea
1161 3146 1300 3200 quae
1330 3146 1383 3200 p.
1406 3133 1529 3197 279,
1554 3133 1620 3188 27
1651 3130 1720 3185 de
1754 3132 2046 3201 conqiariis
2076 3147 2106 3186 a
2129 3128 2299 3185 Numa
2331 3145 2472 3199 rege

665 3212 873 3282 populo
907 3210 1052 3269 datis
1086 3218 1142 3267 et
1175 3228 1228 3285 p.
1257 3217 1383 3281 280,
1408 3217 1476 3271 28
1508 3213 1578 3269 de
1608 3212 1832 3284 origine
1866 3213 2125 3270 vocabuli
2154 3215 2282 3267 sica
2310 3212 2475 3267 nimis

666 3294 960 3363 nugatorie
995 3295 1303 3364 traduntur,
1338 3291 1485 3352 'falso
1518 3296 1585 3351 ad
1620 3294 1947 3352 Suetonium
1976 3301 2259 3352 auctorem
2294 3295 2473 3350 relata

665 3375 926 3432 arbitror.
1017 3378 1075 3432 ln
1121 3377 1315 3435 ultimo
1364 3378 1541 3435 frusto
1576 3396 1630 3450 p.
1679 3384 1814 3449 280,
1858 3385 1926 3439 36
1956 3379 2286 3436 vocabulum
2324 3379 2477 3433 viros

669 3459 948 3515 excidisse
979 3460 1229 3525 videtur;
1271 3477 1376 3516 nec
1419 3462 1595 3517 minus
1632 3462 1969 3533 epigramma
2002 3461 2242 3531 excidit,
2287 3460 2475 3532 qualia

665 3540 932 3597 Martialis
961 3550 1016 3611 8.,
1045 3550 1131 3603 43.
1177 3550 1230 3614 9,
1266 3548 1350 3604 78.
1397 3552 1483 3615 10,
1517 3550 1587 3604 43
1618 3544 1764 3599 lusit.
2018 3541 2028 3550 '
