2700 4234
434 317 555 379 134
645 329 705 377 c.
736 327 1038 377 sum-om
1066 327 1323 387 mmo.
1353 327 1452 375 “E
1475 329 1644 376 vrrA
1671 327 2042 377 cursuum
2063 330 2202 378 ms.
2228 331 2360 378 1111.

432 487 565 548 dem
600 485 885 546 factorum
934 485 1334 564 dictorumque
1377 485 1619 544 saevitia
1665 483 1883 544 aderat.
1973 485 2166 565 Saepe
2211 487 2268 544 in
2309 483 2480 547 con-

430 579 640 651 spectu
698 569 1035 648 prandentis
1085 569 1183 629 vel
1237 569 1601 629 comissantis
1665 571 1859 629 seriae
1912 571 2285 647 quaestiones
2337 589 2480 649 per

430 663 717 714 tormenta
744 653 1136 731 habebantur,
1176 653 1343 713 miles
1376 652 1706 713 decollandi
1739 651 1953 712 artifex
1994 653 2480 734 quibuscumque

432 759 469 800 e
515 737 775 800 custodia
821 740 1013 816 capita
1064 736 1416 818 amputabat.
1504 736 1760 798 Puteolis
1807 736 2175 798 dedicatione
2226 741 2478 817 pontiS,

430 842 604 904 quem
632 824 1027 899 excogitatum
1058 821 1131 882 ab
1162 839 1235 882 eo
1268 822 1752 899 significavimus,
1810 840 1939 881 cum
1967 822 2182 882 multos
2212 841 2245 882 e
2275 819 2482 883 litore
2505 831 2537 871 ⁵

428 910 737 968 invitasset
803 906 874 966 ad
935 924 1033 984 se,
1104 914 1354 986 repente
1415 907 1600 966 omnis
1655 908 2099 986 praecipitavit,
2172 906 2482 986 quosdam

430 989 831 1070 gubernacula
898 990 1412 1071 apprehendentes
1473 992 1662 1051 contis
1727 994 2020 1070 remisque
2086 991 2330 1051 detrusit
2407 995 2484 1052 in

428 1093 609 1136 mare.
695 1075 918 1136 Romae
971 1073 1211 1155 publico
1266 1072 1444 1153 epulo
1501 1093 1734 1134 servum
1792 1074 1868 1135 ob
1913 1075 2228 1136 detractam
2278 1075 2482 1136 lectis

430 1167 767 1238 argenteam
812 1159 1076 1219 laminam
1120 1159 1382 1234 carnifici
1426 1158 1736 1219 confestim
1783 1158 2042 1236 tradidit,
2089 1169 2150 1219 ut
2189 1158 2479 1220 manibus

429 1245 677 1305 abscisis
712 1252 885 1322 atque
923 1251 1056 1302 ante
1088 1253 1295 1321 pectus
1326 1261 1360 1302 e
1395 1242 1553 1303 collo
1590 1242 2012 1325 pendentibus,
2055 1243 2476 1324 praecedente
2501 1252 2558 1294 1⁰

431 1326 595 1388 titulo
642 1328 739 1406 qui
783 1344 1015 1388 causam
1056 1344 1284 1406 poenae
1320 1327 1636 1404 indicaret,
1691 1347 1799 1407 per
1847 1337 2051 1389 coetus
2098 1327 2478 1408 epulantium

430 1410 978 1472 circumduceretur.
1053 1411 1475 1473 Murmillonem
1517 1431 1552 1472 e
1585 1411 1721 1473 ludo
1743 1457 1760 1489 ,
1814 1411 2050 1473 rudibus
2089 1429 2286 1472 secum
2323 1411 2476 1472 bat·

429 1503 684 1556 tuentem
716 1504 776 1555 et
808 1504 1019 1575 sponte
1052 1505 1438 1576 prostratum,
1503 1495 1762 1558 confodit
1794 1497 1992 1557 ferrea
2028 1498 2151 1556 sica
2186 1515 2252 1556 ac
2281 1513 2476 1556 more
2527 1567 2538 1573 ,

428 1583 712 1640 victorum
743 1598 870 1640 cum
905 1581 1096 1661 palma
1138 1581 1501 1642 discucurrit.
1590 1580 1838 1641 Admota
1880 1580 2157 1641 altaribus
2194 1581 2474 1659 victima,

428 1666 760 1726 succinctus
783 1683 1069 1746 poparum
1093 1665 1289 1726 habitu
1317 1666 1472 1725 elato
1499 1664 1615 1726 alte
1639 1665 1852 1726 malleo
1879 1665 2208 1726 cultrarium
2230 1673 2476 1726 macta·
2503 1680 2560 1720 15

427 1751 527 1809 vit.
593 1749 860 1811 Lautiore
893 1752 1162 1810 convivio
1206 1749 1422 1811 effusus
1456 1749 1644 1810 subito
1690 1752 1747 1809 in
1791 1749 2138 1826 cachinnos,
2196 1749 2476 1810 consul-i-

426 1834 567 1911 bus,
632 1835 729 1913 qui
758 1835 917 1893 iuxta
964 1833 1280 1910 cubabant,
1340 1832 1608 1912 quidnam
1637 1834 1857 1894 rideret
1901 1833 2112 1894 blande
2162 1851 2475 1912 quaeren-

427 1916 577 1977 tibus
617 1913 812 1992 Quid,
858 1918 1067 1996 inquit,
1118 1916 1246 1978 nisi
1276 1935 1400 1978 uno
1444 1937 1578 1980 meo
1619 1925 1770 1979 nutu
1806 1918 2087 1998 iugulari
2127 1925 2488 1996 utrumque.

340 2008 692 2066 &vestrum
730 1999 940 2060 statim
975 2003 1214 2081 posse?
1274 2001 1435 2061 Inter
1474 2005 1672 2063 varios
1724 2005 1925 2079 iocos,
1992 2019 2119 2063 cum
2166 2001 2479 2064 assistens

425 2085 734 2146 simulacro
791 2084 952 2146 Iovis
1002 2085 1259 2166 Apellen
1318 2086 1660 2163 tragoedum
1729 2087 2117 2148 consuluisset
2179 2094 2306 2145 uter
2367 2086 2560 2148 illias

422 2171 605 2230 maior
650 2169 978 2248 videretur,
1047 2179 1413 2232 cunctantem
1457 2171 1710 2249 flagellis
1768 2170 2029 2248 discidit,
2093 2168 2478 2232 conlaudans

424 2253 667 2315 subinde
709 2271 920 2315 vocem
954 2254 1329 2335 deprecantis
1374 2259 1539 2336 quasi
1589 2258 1760 2316 etiam
1809 2257 1868 2315 in
1915 2255 2134 2334 gemitu
2176 2252 2476 2333 praedul-

427 2359 571 2400 cem.
662 2339 946 2416 Quotiens
986 2341 1186 2401 uxoris
1228 2339 1327 2400 vel
1380 2341 1659 2401 amiculae
1713 2339 1928 2400 collum
1980 2337 2476 2418 exoscularetur,

423 2422 699 2484 addebat:
772 2421 924 2483 Tam
981 2423 1149 2486 bona
1210 2425 1427 2486 cervix
1483 2423 1670 2485 simul
1728 2441 1808 2485 ac
1859 2424 2107 2484 iussero
2147 2421 2471 2485 demetur.

425 2509 574 2583 Quin
605 2516 664 2566 et
704 2507 949 2567 subinde
991 2508 1275 2586 iactabat,
1336 2509 1788 2588 exquisiturum
1819 2526 1888 2571 se
1925 2509 2028 2569 vel
2055 2505 2329 2586 fidiculis
2376 2507 2558 2570 deas

426 2589 741 2654 Caesonia
768 2608 922 2667 sua,
984 2610 1099 2652 cur
1129 2609 1266 2653 eam
1296 2599 1470 2655 tanto
1505 2612 1694 2673 opere
1723 2592 2028 2673 diliqcret.

337 2687 407 2742 34
544 2674 672 2735 Nec
702 2677 925 2736 minore
956 2675 1148 2737 livore
1181 2695 1249 2738 ac
1279 2676 1640 2756 malignitate
1673 2695 1842 2756 quam
1876 2677 2150 2755 superbia
2177 2675 2474 2738 saevitia-

422 2779 533 2841 que
578 2777 768 2840 paene
816 2760 1097 2822 adversus
1142 2763 1326 2823 omnis
1379 2764 1509 2822 aevi
1561 2761 1852 2822 hominum
1904 2779 2093 2840 genus
2146 2767 2476 2839 grassatus

422 2854 530 2906 est.
622 2845 853 2907 Statuas
885 2848 1140 2906 virorum
1180 2847 1535 2924 inlustrium,
1595 2847 1667 2906 ab
1698 2845 1969 2923 Augusto
2003 2865 2081 2906 ex
2113 2842 2478 2923 Capitolina

421 2947 559 2990 area
607 2939 854 3010 propter
909 2933 1207 3008 angustias
1259 2933 1318 2991 in
1372 2948 1635 3010 campum
1683 2929 1947 2992 Martium
2005 2930 2298 3002 conlatas,
2372 2930 2558 2992 itaac

420 3013 705 3075 subvertit
735 3024 909 3095 atque
941 3013 1169 3076 disiecit
1207 3024 1268 3075 ut
1299 3016 1524 3076 restitui
1556 3015 1736 3075 salvis
1765 3014 1943 3075 titulis
1979 3031 2096 3074 nou
2130 3013 2475 3093 potuerint,

419 3101 717 3178 vetuitque
773 3099 1023 3180 posthac
1074 3101 1388 3160 viventium
1447 3100 1709 3179 cuiquam
1767 3116 2009 3178 usquam
2057 3107 2301 3158 statuam
2355 3108 2480 3158 aut

418 3184 729 3259 imaginem
758 3186 868 3244 nisi
900 3184 1168 3246 consulto
1216 3194 1274 3244 et
1304 3192 1550 3245 auctore
1585 3203 1650 3244 se
1691 3184 1852 3262 poni.
1943 3179 2241 3260 Cogitavit
2275 3179 2469 3242 etiam

419 3266 492 3326 de
523 3265 761 3345 Homeri
795 3269 1141 3331 carminibus
1175 3268 1511 3345 abolendis,
1579 3286 1692 3328 cur
1718 3266 1877 3329 enim
1900 3264 2029 3327 sibu·
2071 3284 2198 3328 non
2235 3265 2464 3343 licere,

418 3350 652 3429 dicens,
710 3351 880 3430 quod
917 3351 1169 3414 Platoni
1208 3352 1521 3428 licuisset,
1575 3352 1684 3430 qui
1722 3369 1857 3412 eum
1904 3369 1939 3410 e
1974 3349 2227 3412 civitate
2261 3367 2468 3430 quam
2490 3365 2546 3408 ³⁵

420 3434 835 3495 constituebat
863 3435 1152 3497 eiecerit?
1192 3436 1310 3497 Sed
1344 3446 1402 3497 et
1432 3437 1665 3512 Virgilii
1697 3453 1768 3496 ac
1801 3434 1913 3496 Titi
1951 3433 2077 3494 Livi
2121 3435 2342 3514 scripta
2399 3445 2473 3496 et

417 3519 701 3594 imagines
755 3517 987 3596 paulum
1038 3520 1177 3580 afuit
1227 3522 1363 3600 quin
1415 3539 1492 3580 ex
1545 3519 1808 3580 omnibus
1859 3517 2231 3579 bibliothecis
2290 3536 2468 3580 amo-

418 3609 617 3677 veret,
676 3617 917 3681 quorum
955 3601 1195 3663 alterum
1226 3613 1286 3663 ut
1316 3603 1526 3665 nullius
1556 3604 1776 3683 ingenii
1809 3603 2195 3682 minimaeque
2231 3601 2468 3664 doctri-
