2700 4234
697 299 798 348 L11
1371 291 1797 341 PRAEFATIO.

697 458 832 517 Nam
862 456 916 531 ip
942 452 1361 514 Polentonianis
1398 452 1651 525 scriptis,
1680 468 1915 524 quorum
1948 450 2129 523 gratia
2164 450 2352 507 scelus
2377 448 2523 507 illud

702 540 1049 600 commissum
1081 555 1208 594 esse
1241 537 1451 607 fertur,
1484 536 1664 592 nullas
1698 535 1958 591 Suetonii
1991 534 2224 591 lacinias
2256 550 2322 589 ac
2351 533 2521 605 plane

701 626 849 683 nulla
891 630 1139 679 veterum
1199 620 1531 693 scriptorum
1579 618 1826 689 vestigia
1876 618 1982 673 nisi
2028 619 2379 689 vulgatorum
2418 633 2522 672 ex-

700 716 850 767 stare
885 704 1286 764 demonstravit
1313 704 1526 759 Ritschl
1562 702 1620 758 in
1652 701 1917 773 Parergis
1949 702 2217 759 Plautinis
2243 709 2266 760 l
2304 718 2360 773 p.
2393 705 2521 760 632.

829 790 1029 847 Omnes
1073 789 1246 860 igitur
1296 788 1389 860 qui
1444 786 1801 843 inveniuntur
1836 786 2065 842 codices
2114 784 2323 841 novicii
2371 789 2521 854 sunt,

701 876 743 932 i.
783 892 833 931 e.
867 874 1040 930 altera
1068 878 1227 945 parte
1257 870 1472 927 saeculi
1504 869 1605 925 XV
1636 870 1832 941 scripti
1846 864 1919 944 ²⁸)
1950 876 2011 924 ut
2043 886 2177 925 sane
2212 868 2523 923 mirandum

701 960 776 1016 sit
814 964 922 1014 tam
955 956 1113 1014 brevi
1161 961 1413 1027 tempore
1457 959 1665 1010 tantam
1706 953 2013 1009 lectionum
2048 952 2435 1008 diversitat,m
2463 951 2523 1005 in

703 1041 974 1114 exemplis
1031 1057 1102 1095 ex
1150 1054 1258 1094 uno
1313 1036 1647 1109 propagatis
1702 1036 1965 1093 subnasci
2006 1034 2279 1109 potuisse.
2368 1034 2525 1089 Haec

704 1125 958 1197 exempla
990 1123 1126 1179 nulli
1171 1121 1296 1178 usui
1329 1122 1535 1189 forent,
1570 1118 1678 1175 nisi
1714 1120 1863 1175 liber
1900 1120 2000 1175 ille
2035 1120 2103 1175 ab
2134 1118 2401 1173 Henocho
2432 1117 2524 1171 in-

705 1215 899 1267 ventus
930 1207 1021 1264 vel
1062 1205 1308 1278 perisset
1338 1205 1428 1259 vel
1459 1203 1658 1275 ignoto
1689 1202 1821 1259 loco
1855 1202 2073 1259 lateret.
2161 1200 2315 1257 Nunc
2338 1206 2399 1255 ut
2426 1216 2523 1255 res

705 1310 766 1348 se
795 1292 996 1360 habet,
1035 1288 1167 1346 boni
1206 1287 1336 1344 libri
1379 1304 1410 1343 a
1440 1286 1725 1358 corruptis
1763 1284 2143 1357 distinguendi
2174 1290 2381 1341 suntet
2409 1284 2521 1339 cri-

704 1375 817 1431 tico
849 1374 1151 1444 diligenter
1181 1370 1471 1442 sequendi.

387 1456 686 1548 coaiezgseri-
828 1456 1027 1514 Libelli
1071 1456 1142 1511 de
1166 1453 1549 1511 Grammaticis
1594 1459 1651 1508 et
1682 1452 2005 1509 rhetoribus
2037 1451 2267 1508 codices
2298 1451 2523 1522 scripti,

502 1520 531 1561 Ρ
553 1521 583 1549 ¹⁰
707 1548 962 1616 quantum
990 1555 1100 1610 ego
1119 1537 1389 1610 comperi,
1420 1536 1671 1593 universi
1696 1535 2051 1608 reperiuntur
2066 1551 2297 1591 numero
2311 1529 2522 1607 XV”).

705 1627 789 1681 Ex
830 1625 902 1681 iis
935 1621 1216 1695 aequabili
1249 1620 1545 1691 diligentia
1582 1620 1653 1676 ad
1690 1618 2131 1675 emendationem
2172 1618 2364 1675 collati
2396 1626 2529 1673 su'nt

708 1708 979 1781 quinque:
1021 1705 1342 1773 Leidensis,
1390 1721 1549 1775 quem
1580 1703 1855 1772 singulari
1890 1703 1971 1758 de·
2002 1719 2169 1759 causa
2201 1701 2528 1758 Perizoniu-

708 1810 834 1848 num
865 1790 1167 1863 appellant,
1199 1788 1504 1857 Gudianus,
1538 1782 1946 1855 Berolinensis,
1978 1785 2331 1857 Harleianus‚
2367 1784 2528 1843 Pari-

709 1876 882 1932 sinus.
971 1871 1054 1927 De
1089 1870 1164 1927 iis
1191 1872 1377 1941 statim
1410 1869 1639 1926 uberius
1671 1868 1907 1927 dicetur.
1997 1870 2244 1927 Nondum
2276 1870 2527 1941 diligen-

709 1964 795 2013 ter
827 1954 1124 2013 examinati
1145 1954 1238 2009 vel
1268 1970 1337 2008 ne
1368 1953 1607 2026 inspecti
1638 1955 1858 2024 quidem
1890 1961 2016 2011 sunt
2044 1955 2175 2010 libri
2207 1954 2388 2010 ltalici
2420 1969 2528 2009 no-

711 2056 866 2109 vem,
911 2053 1142 2110 quorum
1185 2037 1428 2108 quinque
1474 2037 1676 2093 Romae
1723 2038 1781 2092 in
1825 2037 2113 2094 Pontificia
2156 2037 2525 2107 bibliotheca,

711 2122 918 2195 singuli
945 2120 1220 2189 Venetus,
1253 2120 1611 2189 Mediolanii,
1642 2120 1959 2178 Florentiae
1978 2162 1995 2190 ,
2025 2119 2262 2192 Neapoli
2290 2136 2526 2176 servan-

712 2213 831 2272 tur;
867 2222 1030 2262 unum
1054 2202 1389 2259 Havniensis
1422 2202 1763 2261 bibliotheca
1789 2205 2047 2277 possidet
2064 2204 2123 2259 in
2150 2198 2435 2277 naniam).

847 2398 947 2464 28)
980 2400 1243 2451 Annorum
1281 2408 1429 2452 notas
1464 2400 1518 2451 hi
1545 2399 1871 2467 praeferunt:
1906 2398 2043 2451 1460
2064 2400 2348 2463 midensis,
2388 2400 2527 2454 1462

713 2470 1030 2526 Harleianus‚
1069 2469 1205 2520 1464
1234 2469 1478 2530 Venetus,
1513 2470 1648 2521 1477
1674 2468 2038 2521 Berolinensis.
2066 2519 2073 2527 ,

849 2534 944 2599 29)
984 2537 1106 2587 lude
1140 2553 1204 2587 ne
1241 2538 1412 2604 specie
1440 2538 1643 2602 quidem
1678 2538 1788 2587 veri
1820 2536 1990 2587 ornari
2017 2536 2181 2603 potuit
2202 2536 2426 2589 verbum
2460 2538 2525 2589 ab

712 2605 917 2655 homine
962 2605 1252 2656 doctissimo
1308 2606 1585 2671 eodemque
1628 2603 2009 2656 bibliothecario
2052 2605 2283 2657 Amadeo
2325 2605 2525 2671 Peyron

714 2676 965 2735 iactatum,
1004 2675 1092 2737 qui
1121 2676 1170 2723 in
1197 2674 1386 2725 Notitia
1416 2675 1658 2725 librorum
1694 2688 1725 2723 a
1746 2672 2005 2739 Valperga
2039 2673 2159 2724 bibl.
2190 2672 2395 2724 Taurin.
2430 2673 2525 2724 d'o·

710 2749 942 2793 natorum
975 2741 1112 2808 Lips.
1149 2740 1286 2794 1820
1318 2757 1371 2808 p.
1406 2742 1474 2794 85
1510 2743 1739 2804 Inclinat,
1776 2741 1962 2805 inquit,
1994 2743 2193 2793 animus
2230 2750 2287 2791 ut
2322 2743 2526 2793 credam

714 2810 1010 2862 Suetonium
1049 2810 1112 2860 de
1150 2812 1495 2877 grammaticis
1511 2849 1525 2872 ,
1574 2813 1715 2861 cuius
1758 2818 1884 2861 teste
1929 2810 2227 2862 casaubono
2269 2813 2527 2876 vectionem

713 2880 904 2943 quidem
933 2881 1115 2929 nullum
1147 2881 1202 2931 in
1235 2881 1461 2931 librariis
1492 2884 1573 2930 vel
1604 2881 1991 2943 locupletissimis
2032 2886 2256 2942 apparet
2270 2915 2283 2937 ,
2331 2880 2395 2931 ab
2430 2880 2526 2929 im-

714 2947 1002 3013 postoribus
1038 2946 1317 3015 philologis
1360 2949 1535 2999 Italiae
1576 2963 1707 2999 saec.
1739 2946 1839 2997 XV
1871 2962 1986 2997 esse
2015 2948 2316 3014 profectum.

852 3012 946 3078 30)
981 3014 1325 3066 Romanorum
1358 3016 1488 3066 tituli
1522 3015 1576 3067 hi
1620 3023 1763 3067 sunt:
1801 3015 2034 3067 Vaticani
2051 3024 2155 3067 tres
2176 3015 2325 3067 1518.
2368 3015 2525 3067 1862.

714 3080 853 3133 4498
873 3118 889 3143 ‚
945 3081 1308 3135 ottobonianus
1366 3084 1497 3134 1455
1518 3122 1531 3145 ‚
1582 3084 1799 3137 Urbinas
1849 3083 1999 3136 1194.
2072 3086 2261 3136 Eorum
2300 3083 2526 3135 Achilles

726 3150 931 3213 Statius,
965 3166 1080 3202 cnm
1107 3152 1243 3202 hunc
1275 3152 1501 3201 libellum
1537 3168 1584 3203 a.
1626 3151 1759 3203 1565
1794 3153 1984 3203 Romae
2021 3153 2211 3214 ederet,
2244 3153 2392 3213 duos,
2422 3166 2528 3203 non

713 3229 846 3279 tres,
883 3220 1137 3271 consuluit
1165 3229 1214 3272 et
1247 3220 1479 3286 quidem,
1513 3229 1570 3271 ut
1606 3221 1813 3286 opinor,
1849 3222 2012 3287 primo
2038 3222 2149 3273 loco
2184 3229 2525 3272 enumeratos.

713 3312 784 3323 -—
816 3286 1041 3339 Venetus
1077 3290 1240 3340 codex
1275 3290 1328 3338 in
1362 3288 1617 3339 Marciana
1651 3289 1953 3341 bibliotheca
1990 3289 2152 3341 class.
2184 3288 2327 3350 XIV,
2372 3291 2393 3339 1
2434 3304 2531 3341 no·

714 3363 874 3416 tatus,
911 3356 1030 3407 olim
1059 3356 1254 3407 Patavii
1287 3359 1340 3407 in
1372 3357 1489 3407 bibl.
1530 3355 1583 3408 S.
1622 3357 1825 3408 Ioannis
1861 3359 1915 3407 in
1950 3356 2222 3409 ViridIario
2254 3358 2529 3424 repositus,

715 3423 932 3489 scriptus
969 3432 1047 3475 est
1073 3425 1332 3476 Bononiae
1369 3438 1417 3476 a.
1443 3424 1606 3486 14643
1644 3421 1739 3479 cfr.
1776 3426 2069 3477 Massmann
2105 3426 2172 3476 ad
2208 3426 2367 3475 Taciti
2404 3424 2532 3477 Ger-

714 3494 965 3553 maniam,
1001 3492 1222 3545 Thomas
1255 3494 1310 3543 in
1345 3492 1624 3544 Miinclmer
1656 3493 1759 3559 gel.
1798 3497 1929 3544 ΑΜ.
1973 3492 2107 3545 1853
2145 3508 2231 3545 no.
2276 3494 2323 3545 1.
2362 3495 2415 3543 2.
2460 3518 2530 3530 -

716 3558 1006 3613 Mediolanii
1059 3563 1456 3613 Ambrosianum
1516 3561 1742 3612 codicem
1792 3569 2150 3613 commemorat
2201 3560 2533 3613 Montfaueon
