2700 4234
898 336 1315 386 PRAEFATIO.
1783 338 2005 387 LXXXI

177 504 680 558 commentatorum
723 496 939 554 Horatii
980 502 1259 554 servatam
1286 496 1523 569 primum
1534 490 1607 571 ⁸⁸)
1647 514 1697 553 a.
1728 502 1865 557 1548
1902 497 2001 554 ro-

179 591 298 640 trus
329 582 584 639 Nunnius
618 580 1019 638 Alcmariensis
1051 580 1537 637 miscellaneorum
1568 598 1621 653 p.
1647 585 1749 650 72,
1795 588 1907 637 tum
1943 581 2001 636 in

179 667 510 724 Horatianis
543 656 885 722 editionibus
917 665 1162 720 Muretus
1194 680 1244 719 a.
1270 671 1441 734 1555,
1475 664 1764 721 Lambinus
1790 681 1841 720 a.
1868 669 2002 725 1567

179 758 236 807 et
285 749 570 821 Gruquius
615 767 666 806 a.
713 754 850 809 1578
891 749 1279 818 vulgaverunt.
1368 748 1521 804 Haec
1578 744 1833 820 exempla
1896 755 2005 804 tam

179 833 368 890 multis
401 834 578 889 rebus
607 833 755 889 inter
782 849 844 888 se
869 832 1162 901 differunt,
1191 837 1253 886 ut
1279 848 1417 887 sane
1454 833 1754 889 mirandum
1790 832 1865 888 sit
1894 848 2003 905 qua

180 917 404 974 ratione
439 916 626 973 omnia
657 932 730 971 ex
755 931 866 972 uno
902 915 1212 986 eodemque
1239 921 1435 970 vetere
1463 916 1610 972 libro
1644 917 1840 972 bansta
1872 932 2003 972 esse

181 1001 477 1064 dicantnr;
541 1000 748 1072 quippe
809 998 1035 1066 codice,
1087 997 1184 1069 qui
1237 997 1483 1055 Ga’ndavi
1546 998 1602 1054 in
1656 999 1998 1056 bibliotheca

186 1085 246 1141 S.
297 1082 450 1140 Petri
501 1083 791 1141 Blandinia
845 1082 1276 1152 asservabatur,
1329 1082 1713 1153 antiquissimo
1754 1081 1997 1139 Nunnius

187 1159 290 1241 per
341 1183 405 1224 se
461 1173 521 1222 et
564 1166 766 1222 Mureti
807 1165 991 1237 gratia
1032 1165 1306 1221 Antonius
1354 1165 1713 1235 lim-illenim,
1756 1166 1999 1237 denique

191 1250 470 1321 cruquius
495 1251 584 1306 usi
611 1267 740 1306 esse
772 1250 976 1307 volunt.
1065 1248 1133 1303 Et
1167 1247 1441 1319 cruquius
1474 1249 1695 1320 quidem
1724 1249 2000 1305 minimum

195 1333 414 1403 negotii
455 1333 705 1399 facessit,
768 1349 888 1388 cum
939 1337 1084 1388 totus
1127 1332 1249 1387 fere
1287 1348 1359 1387 ex
1400 1332 1613 1388 Mureto
1655 1340 1711 1388 et
1739 1334 1998 1389 Lambino

193 1416 469 1489 pendeat,
517 1416 791 1473 interdum
839 1417 914 1471 ad
937 1414 1203 1471 Nunnium
1231 1414 1495 1486 inclinet,
1552 1416 1727 1472 semel
1768 1422 2000 1472 tantum-

191 1499 360 1556 modo
401 1500 610 1571 scripto
653 1501 800 1557 libro
845 1499 1057 1571 aliquid
1108 1493 1405 1574 debeat0').
1490 1500 1667 1557 Porro
1710 1500 2001 1571 Lambinus

193 1600 264 1640 ne
309 1584 584 1639 tantillum
636 1583 856 1655 quidem
903 1599 934 1638 e
973 1588 1166 1639 vetere
1213 1582 1365 1637 libro
1413 1583 1747 1654 desumpsit,
1804 1583 1905 1639 sed
1950 1582 1999 1639 is

191 1666 522 1739 compositis
545 1665 744 1723 Nannii
775 1672 832 1722 ct
863 1666 1064 1722 Mureti
1100 1664 1373 1736 exemplis
1402 1662 1420 1693 ³
1440 1664 1908 1722 emendatiorem'
1942 1672 2005 1721 ut

189 1750 316 1822 ipse
339 1750 447 1820 ait,
477 1757 539 1806 ut
571 1749 703 1807 mihi
733 1750 955 1807 videtur
985 1748 1391 1820 corruptiorem
1420 1748 1782 1821 scriptionem
1809 1748 1971 1804 reddi
1989 1782 2003 1793 ·

191 1834 274 1889 dit
327 1832 416 1889 sui
468 1833 681 1905 ingenii
723 1833 962 1906 placitis.
1046 1833 1120 1888 At
1159 1832 1403 1889 Muretus
1437 1838 1520 1889 tot
1553 1832 1827 1889 lectiones
1865 1847 2000 1905 pro-

192 1916 348 1989 prias
377 1915 706 1989 Nannioque
744 1917 1033 1987 ignoratas
1063 1917 1232 1972 habet
1263 1931 1471 1988 easque
1504 1923 1612 1972 tam
1645 1916 1871 1973 diversa
1902 1933 2002 1971 na-

192 2008 338 2070 tura,
368 2007 430 2057 ut
457 2001 602 2056 alter
626 2000 844 2071 quidam
865 2000 1049 2057 codex
1079 1998 1377 2056 Morillono
1410 1999 1503 2071 qui
1536 2000 1657 2056 eius
1688 2006 1885 2057 auctor
1914 2005 2001 2056 est

190 2091 425 2157 praesto
472 2082 651 2140 fuisse
681 2085 936 2153 debeat,
978 2082 1136 2139 cuius
1168 2083 1268 2138 ille
1297 2084 1603 2140 collatione
1654 2084 1999 2139 emendatum

189 2166 533 2224 Nannianum
591 2168 899 2238 exemplum
961 2184 992 2223 e
1045 2166 1301 2222 Flandria
1354 2164 1626 2223 Venetias
1680 2160 1993 2234 miserit'm).

327 2348 425 2411 68)
475 2350 574 2401 Diu
619 2358 736 2400 ante
772 2348 1025 2401 Nanniurn
1065 2348 1244 2399 Petrus
1283 2347 1505 2398 Crinitus
1548 2362 1659 2396 eam
1702 2349 1853 2398 vitam
1902 2350 1997 2400 sibi

189 2427 368 2471 uotam
398 2408 561 2469 fuisse
595 2418 918 2484 significavit,
946 2418 1010 2467 de
1047 2417 1212 2482 poetis
1246 2416 1355 2465 Lat.
1389 2414 1439 2476 3,
1466 2414 1553 2467 38.
1625 2416 1867 2467 Memoria
1898 2432 1999 2467 non

187 2488 466 2553 indignum
502 2494 606 2545 est,
649 2501 778 2551 quae
824 2502 857 2536 a
897 2486 1135 2537 Suetonio
1169 2484 1459 2535 referuntur
1494 2486 1717 2551 Augusti
1752 2486 1819 2537 ad
1858 2487 2000 2537 Flac-

190 2571 308 2607 cum
356 2556 604 2621 epistolae
648 2554 920 2605 ‘confictas
965 2554 1040 2604 illi
1081 2554 1218 2603 visas
1257 2569 1371 2605 esse
1421 2568 1585 2618 neque
1627 2555 1813 2619 dignas
1859 2563 1998 2605 tanto

188 2625 422 2691 principe
471 2623 682 2688 eiusque
722 2638 920 2674 summa
955 2622 1282 2675 eruditione’.
1358 2622 1534 2673 Criniti
1576 2623 1759 2673 librum
1810 2624 1999 2674 editum

189 2694 298 2743 vidi
335 2707 384 2742 a.
428 2691 593 2752 1508,
631 2693 723 2742 sed
751 2692 1004 2757 antiquior
1034 2692 1190 2741 editio
1216 2698 1419 2741 exstare
1446 2691 1631 2741 dicitur
1660 2692 1725 2741 de
1750 2707 1799 2742 a.
1842 2692 1995 2743 1500.

330 2759 426 2824 69)
469 2760 781 2811 Vocabulum
813 2762 1049 2826 quosdam
1081 2775 1133 2826 p.
1169 2758 1297 2820 298,
1343 2761 1379 2808 2
1411 2766 1460 2809 et
1494 2761 1549 2809 in
1589 2761 1790 2825 scriptis
1831 2768 2000 2835 exstat

193 2844 362 2893 neque
393 2844 425 2879 a
472 2843 727 2893 quoquam
761 2838 880 2881 unte
909 2829 1183 2893 Cruquium
1221 2829 1357 2894 typis
1378 2828 1695 2911 ’impressum
1728 2834 1824 2879 est.
1900 2827 2000 2877 Sed

191 2914 245 2966 Ρ.
283 2896 404 2959 297,
431 2897 466 2949 3
499 2898 728 2959 Quantus,
757 2900 794 2948 4
823 2898 1031 2963 quiderm
1071 2896 1137 2948 10
1171 2898 1224 2947 in
1247 2899 1485 2961 gratiam,
1518 2898 1583 2947 12
1616 2897 2000 2956 ammiratum

193 2969 261 3019 15
296 2966 448 3017 Ieiuno
483 2983 576 3025 me,
616 2966 684 3018 18
711 2976 770 3018 ue
801 2967 912 3032 hoc,
942 2967 1011 3016 24
1039 2980 1329 3030 suaper-ere,
1364 2964 1432 3017 33
1457 2968 1773 3027 purissimum,
1797 2983 1851 3032 p.
1880 2964 2001 3025 298,

194 3036 262 3087 15
291 3050 356 3085 ne
391 3050 618 3086 accusem
647 3033 936 3087 brevitatem
972 3034 1216 3085 Lambino
1250 3035 1547 3093 obsecutus,
1584 3050 1637 3099 p.
1679 3033 1809 3095 297,
1846 3038 1877 3087 5
1908 3049 2003 3083 εω-

187 3104 495 3169 pmbraseet
523 3106 576 3154 in
614 3106 974 3164 altercatione,
1031 3102 1096 3153 16
1124 3106 1363 3154 extremis
1392 3102 1671 3165 Esquiliis,
1710 3104 1778 3155 29
1828 3102 2002 3162 habeo,

193 3188 244 3239 p.
279 3172 414 3232 298,
469 3174 537 3225 27
584 3175 796 3238 epistola
835 3173 1053 3225 obscura
1099 3186 1192 3223 suo
1239 3171 1392 3237 genio
1439 3171 1740 3238 indulgens,
1789 3181 2002 3235 utraque

193 3242 304 3292 sine
337 3241 588 3293 librorum
615 3243 914 3293 auctoritate
945 3241 1162 3305 scripsit.
1233 3240 1502 3289 Praeterea
1540 3255 1591 3306 Ρ.
1637 3240 1764 3301 297,
1810 3240 1879 3292 36
1912 3239 2002 3291 de-

191 3309 529 3375 prehendisse
559 3325 618 3361 se
657 3311 737 3361 ‘in
779 3308 1060 3361 Blandiniis
1093 3308 1483 3374 manuscriptie’
1522 3308 1754 3359 lacunam
1790 3309 1887 3372 ait,
1937 3309 2001 3359 de

194 3392 292 3443 qua
329 3395 396 3429 ex
433 3378 586 3429 lenda
609 3376 917 3445 desperaret.

335 3394 434 3512 70¹5
463 3448 574 3497 Hoc
612 3447 803 3512 aliquot
838 3446 1086 3513 exemplis
1119 3445 1566 3498 demonstrandum
1602 3462 1716 3498 esse
1750 3448 1997 3515 intelligo.

193 3450 366 3568 Multa?
381 3516 592 3581 quidem
619 3517 682 3567 ab
718 3516 920 3567 Nunnio
955 3514 1109 3565 nimia
1143 3514 1468 3566 festinatione
1506 3524 1743 3582 corrupta
1776 3517 1998 3569 Morillo·

192 3598 290 3635 nus
321 3600 388 3635 ex
381 3532 610 3635 qeodem
644 3584 772 3635 libro
802 3583 1096 3650 diligentius
1129 3584 1356 3650 inspecto
1394 3584 1676 3635 correxisse
1704 3594 1901 3651 potest,
1941 3594 1998 3636 ut

273 3673 546 3709 sumemus
1540 3657 1571 3708 f
