2700 4234
629 301 718 353 xc
1302 302 1718 352 PRAEFATIO.

757 460 943 518 Nihilo
973 459 1151 516 minus
1181 465 1361 517 tamen
1387 461 1566 532 qualis
1599 462 1670 518 ad
1699 477 1801 518 nos
1832 459 2159 519 transmissa
2195 467 2298 531 est,
2332 477 2446 520 non

631 563 665 604 a
697 543 1019 616 Tranquillo
1049 543 1313 616 scriptam
1336 546 1437 602 sed
1469 545 1538 601 ab
1572 545 1759 616 aliquo
1788 543 2093 602 scholiaste
2121 544 2446 602 breviorem

634 629 837 686 tactam
875 627 1153 685 existimo.
1244 628 1522 686 Desidero
1557 628 1704 686 enim
1743 633 1800 684 ut
1841 628 2075 686 maxime
2119 628 2446 686 necessaria

634 728 899 770 annorum
958 711 1107 768 vitae
1170 727 1452 769 numerum
1496 712 1608 768 LVI
1665 718 1722 768 et
1759 712 2154 769 historicorum
2213 723 2448 785 operum

634 796 944 869 pleniorem
993 795 1327 852 memoriam.
1419 794 1669 868 Amplius
1713 810 1824 852 non
1855 796 2035 866 addo,
2083 811 2206 852 cum
2252 813 2303 852 e.
2351 812 2441 867 gr.

635 879 973 936 notationem
1024 880 1224 936 natalis
1274 879 1571 951 fatalisque
1615 879 1741 936 anni
1793 880 2081 936 consulum
2125 879 2446 936 nominibus

634 963 831 1019 factam
863 961 1185 1033 Hieronymi
1212 964 1401 1036 lapsus
1437 962 1714 1019 excludat.
1785 962 1855 1018 Et
1887 979 1960 1018 ne
1985 967 2193 1019 tantum
2221 961 2442 1034 quidem

508 1069 515 1074 ·
634 1047 835 1102 deesse
866 1047 1186 1116 crederem,
1232 1047 1339 1103 uisi
1375 1052 1622 1103 veterum
1657 1046 1926 1104 librorum
1960 1047 2196 1102 lacunae
2225 1052 2282 1101 et
2309 1061 2438 1103 cor·

634 1131 885 1201 ruptelae
919 1130 990 1185 ad
1020 1131 1076 1186 id
1106 1131 1443 1186 credendum
1475 1130 1820 1186 inducerent·
1908 1129 2075 1187 Initio
2115 1129 2260 1186 enim
2285 1129 2438 1188 vitae

634 1213 701 1270 ab
734 1213 947 1286 aliquot
970 1214 1291 1284 codicibus,
1332 1214 1428 1286 qui
1461 1215 1532 1270 de
1561 1213 1962 1286 antiquissimis
1996 1218 2149 1278 sunt,
2193 1214 2301 1270 duo
2333 1229 2439 1268 vo-

632 1296 862 1367 cabula,
907 1297 1071 1369 plane
1108 1302 1167 1352 ut
1203 1298 1259 1353 in
1287 1296 1490 1354 Lucani
1523 1298 1638 1354 vita
1669 1298 1871 1354 factum
1895 1296 2166 1367 vidimus,
2211 1297 2441 1360 absunt;

631 1386 743 1435 tum
786 1380 842 1435 in
874 1380 1051 1436 media
1074 1421 1091 1450 ‚
1134 1382 1231 1439 ubi
1278 1381 1552 1438 edidimus
1583 1381 1740 1436 ‘cum
1771 1379 2058 1438 Ger-auis
2092 1387 2255 1452 gesta
2291 1385 2442 1450 sunt,

626 1462 726 1519 XX
756 1463 1163 1520 voluminibus’
1209 1465 1466 1537 plerique
1509 1464 1640 1520 libri
1682 1481 1806 1520 cum
1847 1463 2146 1534 Romanis,
2195 1464 2438 1520 fortasse

628 1563 821 1603 omnes
862 1547 1175 1604 XXXVII
1196 1549 1284 1604 vel
1311 1547 1659 1604 XXXVIII
1694 1549 2050 1605 voluminibus
2095 1548 2338 1617 babent,
2380 1552 2436 1602 ut

626 1630 858 1686 duorum
900 1646 1133 1702 operum
1162 1632 1307 1688 tituli
1360 1631 1671 1689 ‘bellorum
1703 1632 2030 1688 Germaniae
2069 1630 2171 1687 lib.
2207 1630 2340 1686 XX'
2387 1633 2438 1686 el
2471 1661 2478 1666 ·

626 1711 700 1769 ‘A
730 1713 1081 1871 ΒηξἾΑιιίίἀίἰ
1111 1715 1269 1772 Bassi
1310 1715 1410 1770 lib.
1435 1713 1635 1772 XXXI'
1673 1716 1730 1772 in
1762 1731 1925 1772 unum
1966 1714 2250 1771 coaluisse
2282 1713 2436 1770 vide-

626 1803 787 1854 antur
876 1839 890 1852 .

751 1880 1065 1953 Descripsit
1111 1881 1280 1937 vitam
1324 1880 1553 1937 circiter
1595 1899 1646 1938 a.
1701 1887 1835 1941 1244
1873 1882 2204 1938 Vincentius
2249 1882 2436 1938 Bello-

627 1962 885 2019 vacensis
917 1964 1082 2036 Spec.
1109 1964 1239 2020 hist.
1273 1973 1330 2024 11
1355 2005 1372 2033 ,
1405 1970 1471 2024 67
1499 1960 1768 2038 (eumque
1795 1971 2021 2022 secutus
2044 1966 2268 2022 Walter
2298 1965 2438 2020 Bur-

626 2042 751 2119 ley)
804 2046 934 2104 item
975 2047 1303 2104 Franciscus
1336 2047 1634 2106 Petrarcha
1671 2049 1897 2105 circiter
1939 2066 1991 2105 a.
2029 2054 2166 2110 1348
2195 2049 2265 2105 de
2297 2047 2436 2104 viris

625 2129 937 2188 illustribus
980 2133 1068 2188 ed.
1114 2132 1282 2188 Basil.
1335 2137 1472 2192 1563
1509 2148 1563 2204 p.
1607 2138 1728 2193 427.
1817 2132 2032 2190 Formis
2091 2133 2437 2189 excuderunt

623 2209 901 2272 Naturalis
972 2215 1243 2273 historiae
1316 2215 1566 2272 editores
1628 2217 1760 2272 inde
1823 2233 1853 2272 a
1909 2216 2170 2288 principe
2218 2216 2437 2271 Veneto

624 2314 674 2353 a.
714 2302 849 2359 1469
888 2299 1139 2371 plurimi;
1184 2299 1331 2370 quod
1367 2294 1720 2374 ignoransoe)
1752 2299 1906 2356 Elias
1941 2299 2176 2356 Vinetus
2220 2316 2269 2355 a.
2301 2303 2440 2358 1556

626 2380 882 2438 Suetonii
915 2383 985 2439 de
1018 2382 1394 2454 grammaticis
1427 2383 1620 2439 libello
1651 2383 1870 2440 addidit
1895 2390 1954 2439 ut
1985 2381 2273 2454 ineditam,
2305 2381 2435 2437 mis·

625 2481 739 2520 sam
768 2465 877 2520 sibi
910 2467 977 2521 ab
1000 2465 1252 2522 Arnoldo
1287 2466 1529 2536 Ferron,
1565 2467 1657 2537 qui
1692 2466 1933 2523 Tolosae
1967 2483 2037 2522 ex
2068 2472 2292 2523 vetusto
2335 2481 2436 2522 co·

625 2547 749 2602 dice
781 2548 916 2605 bibl.
948 2548 1095 2604 Petri
1127 2549 1397 2606 Fuxensis
1430 2545 1532 2623 (de
1563 2544 1742 2624 Foix)
1769 2549 2081 2607 cardinalis
2111 2549 2436 2621 descripse-

626 2635 727 2686 rat.
819 2633 1069 2704 Denique
1106 2633 1354 2690 eiusdem
1389 2631 1604 2704 gratia,
1636 2640 1696 2689 ut
1728 2651 1834 2706 qua
1865 2633 2215 2706 potissimum
2245 2631 2436 2690 Novoss

626 2715 965 2772 comensium
998 2716 1228 2774 ambitio
1276 2717 1579 2786 niteretur,
1643 2716 1986 2774 Rezzonicus
2040 2718 2150 2773 duo
2199 2716 2432 2773 maxima

625 2798 903 2856 volumina
934 2799 1308 2872 conscripsit,
1353 2800 1457 2857 sed
1503 2800 1700 2857 critico
1735 2817 1926 2873 parum
1967 2799 2268 2857 adiumenti
2301 2799 2432 2856 sub-

625 2881 975 2939 ministravit.
1531 2932 1537 2937 .
1941 2878 1970 2904 ’

748 2973 881 3036 300,
922 2973 1009 3027 29.
1049 2973 1119 3026 30
1159 2966 1393 3023 Titulum
1437 2973 1494 3023 et
1534 2968 1707 3025 verba
1737 2966 1956 3024 Plinius
1989 2965 2282 3024 Secundus
2323 2982 2432 3023 non

623 3048 831 3105 babent
861 3049 1180 3120 Toletanus,
1214 3050 1531 3108 vindobon.
1567 3057 1632 3122 9,
1662 3050 1820 3108 Paris
1835 3056 1974 3114 6796
1999 3050 2072 3122 A,
2099 3050 2434 3108 Barberinus

756 3212 850 3277 87)
888 3213 1101 3266 Vinctus
1126 3227 1327 3279 quoque
1350 3213 1465 3267 huie
1492 3214 1760 3266 Plumae
1780 3216 1916 3268 vitae
1947 3217 2057 3266 loco
2085 3214 2279 3280 aliquid
2301 3217 2432 3266 accc·-

620 3279 1015 3414 ὥκὸιέἳιῗίιὶιω
1059 3365 1281 3402 errorem
1328 3351 1485 3402 libere
1527 3349 1799 3404 confessus
1836 3361 1917 3403 est
1959 3353 2012 3402 in
2050 3350 2276 3403 secunda
2324 3351 2436 3402 edi-

619 3418 757 3468 tione
792 3432 839 3467 a.
876 3418 1013 3471 1570
1046 3419 1126 3468 vel
1167 3419 1296 3470 1571
1337 3418 1489 3480 facta,
1527 3433 1682 3483 quam
1717 3418 2087 3488 bibliograpbis
2119 3418 2436 3485 incognitam

620 3499 736 3536 esse
762 3485 936 3540 miror.
1010 3487 1157 3538 Certe
1192 3488 1246 3537 in
1282 3487 1668 3539 casauboniana
1701 3489 2002 3555 repetitione
2037 3505 2089 3555 p.
2109 3487 2176 3540 32
2208 3501 2432 3538 errorem

619 3562 829 3606 excusat
860 3559 877 3587 ‘
900 3555 1083 3606 abhinc
1116 3570 1279 3608 annos
1316 3555 1606 3622 quindecim
1622 3561 1639 3588 ⁹
1679 3557 2022 3608 commissum.
