2700 4234
1117 297 1329 370 meo,
2087 290 2204 350 195

208 464 266 515 et
290 464 422 515 ante
444 453 654 514 faciem
679 462 921 533 optento
946 454 1177 515 sudario
1205 469 1418 531 equum
1439 453 1746 532 inscendit,
1768 462 2038 532 quattuor
2059 455 2208 516 solis

210 538 631 616 comitantibus,
656 538 806 596 inter
822 555 969 616 quos
986 547 1042 597 et
1056 538 1282 616 Sporus
1302 547 1446 597 erat.
1491 539 1809 616 Statimque
1823 547 2074 600 tremore
2092 549 2204 600 ter-

206 641 309 682 rae
326 631 382 681 et
395 621 626 699 fulgure
645 621 897 680 adverso
927 621 1288 700 pavefactuS,
1318 621 1494 680 audiit
1521 641 1554 681 e
1570 623 1852 701 proximis
1868 625 2073 682 castris
2089 623 2203 684 cla-

206 724 427 787 morem
450 706 685 765 militum
713 715 771 764 et
795 705 904 764 sibi
929 705 1175 766 adversa
1199 714 1257 765 et
1270 703 1492 765 Galbae
1517 722 1805 784 prospera
1820 707 2204 783 ominantium,

149 806 179 845 5
208 791 377 851 etiam
416 809 491 850 ex
530 788 719 850 obviis
754 789 1075 849 viatoribus
1123 789 1403 867 quendam
1441 789 1756 848 dicentem:
1791 788 1877 849 Hi
1902 787 2207 852 Neronem

201 881 679 952 persequuntur,
712 873 881 932 alium
906 874 1329 933 sciscitantem:
1361 869 1612 951 Ecquid
1653 874 1719 932 in
1759 872 1916 933 urbe
1956 875 2103 935 novi
2130 873 2208 934 de

204 955 501 1018 Nerone?
545 957 713 1036 Equo
743 966 931 1016 autem
956 975 1031 1016 ex
1058 955 1241 1016 odore
1268 956 1476 1016 abiecti
1508 958 1564 1015 in
1598 957 1690 1016 via
1727 957 2028 1018 cadaveris
2067 975 2203 1017 con-

204 1049 491 1117 sternuto,
520 1041 751 1100 detecta
778 1041 935 1100 facie
960 1042 1186 1117 agnitus
1210 1049 1301 1100 est
1327 1059 1361 1100 a
1398 1040 1646 1118 quodam
1680 1043 1937 1102 missicio
1975 1051 2204 1119 praeto·-

204 1127 369 1186 riano
396 1133 453 1184 et
472 1124 770 1184 salutatus
836 1125 913 1185 Ut
958 1124 1028 1184 ad
1064 1123 1482 1183 deverticulum
1520 1133 1750 1184 ventum
1790 1134 1909 1201 est,
1959 1125 2205 1184 dimissis

130 1221 185 1262 ιο
206 1209 398 1306 equis,
420 1209 569 1267 inter
592 1208 861 1268 fruticeta
886 1227 953 1267 ac
976 1225 1191 1286 vepres
1218 1226 1324 1285 per
1348 1207 1708 1267 harundineti
1733 1211 1991 1268 semitam
2024 1227 2204 1285 aegre

203 1311 320 1352 nec
343 1294 449 1351 nisi
476 1298 651 1352 strata
675 1291 781 1350 sub
805 1291 1055 1370 pedibus
1079 1301 1245 1350 veste
1288 1291 1360 1350 ad
1401 1309 1665 1350 aversum
1706 1292 1887 1352 villae
1927 1294 2204 1371 parietem

206 1377 412 1436 evasit.
449 1374 535 1434 Ibi
558 1375 826 1436 hortante
851 1375 1057 1434 eodem
1080 1375 1360 1451 Phaonte,
1386 1383 1446 1434 ut
1469 1377 1692 1434 interim
1710 1378 1767 1435 in
1792 1395 2031 1454 specum
2061 1394 2202 1472 ege·

205 1470 332 1521 stae
359 1457 609 1519 harenae
637 1460 1025 1535 concederet,
1051 1461 1287 1535 negavit
1309 1476 1380 1517 se
1411 1459 1615 1518 vivum
1655 1458 1771 1518 sub
1817 1465 2050 1520 terram
2083 1459 2198 1520 itu-

204 1561 375 1617 rum,
410 1561 479 1602 ac
510 1560 817 1622 parumper
855 1551 1271 1618 commoratus,
1311 1541 1440 1601 dum
1482 1542 1870 1602 clandestinus
1905 1543 1975 1602 ad
2009 1543 2203 1602 villam

128 1627 471 1686 isintroitus
504 1636 825 1704 pararetur,
866 1644 1069 1705 aquam
1104 1643 1179 1684 ex
1212 1625 1472 1685 subiecta
1517 1625 1721 1685 lacuna
1762 1635 2002 1704 poturus
2037 1644 2205 1684 manu

204 1709 393 1770 hausit
428 1717 485 1768 et
508 1707 683 1769 Haec
712 1715 834 1786 est,
881 1712 1098 1788 inquit,
1133 1706 1404 1770 Neronis
1445 1709 1741 1770 decocta!
1782 1709 1947 1786 dein,
1979 1708 2205 1769 divolsa

207 1791 469 1854 sentibus
495 1793 757 1869 paenula,
778 1794 1055 1852 traiectos
1080 1793 1348 1852 surculos
1371 1795 1528 1852 rasit.
1575 1792 1770 1871 Atque
1792 1794 1868 1853 ita
1890 1792 2202 1870 quadripes

209 1895 320 1956 per
346 1877 640 1953 angustias
667 1875 919 1936 effossae
952 1893 1236 1936 cavernae
1259 1885 1538 1954 receptus
1562 1879 1617 1935 in
1642 1875 1960 1956 proximam
1975 1876 2201 1952 cellam,

211 1958 481 2020 decubuit
504 1977 681 2037 super
703 1958 916 2020 lectum
938 1960 1164 2019 modica
1191 1960 1422 2038 culcita,
1445 1970 1647 2020 vetere
1673 1961 1850 2038 pallio
1879 1969 2060 2020 strato
2078 2006 2095 2037 ,
2120 1961 2202 2018 in-

128 2056 188 2097 20
210 2052 518 2111 structum;
568 2044 837 2122 fameque
877 2052 935 2103 et
976 2045 1178 2104 iterum
1216 2044 1308 2104 siti
1344 2044 1782 2122 interpellante,
1836 2063 2044 2123 panem
2082 2043 2202 2122 qui-

209 2129 337 2188 dem
374 2126 664 2187 sordidum
701 2127 954 2188 oblatum
992 2135 1337 2205 aspernatus
1376 2137 1498 2205 est,
1537 2145 1723 2206 aquae
1761 2138 1948 2188 autem
1972 2127 2203 2206 tepidae

210 2211 557 2290 aliquantum
578 2210 740 2270 bibit
785 2210 947 2272 Tunc
968 2229 1084 2271 uno
1113 2228 1346 2289 quoque
1371 2211 1504 2270 hinc
1529 2211 1659 2270 inde
1683 2213 1927 2272 instante
1951 2220 2202 2290 utquam
2219 2215 2286 2270 49

209 2295 448 2374 primum
476 2313 541 2354 se
573 2294 1033 2392 impendentibus
1071 2294 1435 2356 contumeliis
1473 2295 1748 2375 eriperet,
1788 2295 2060 2356 scrobem
2105 2311 2202 2354 co-

206 2397 330 2438 ram
360 2378 487 2438 lieri
510 2378 836 2456 imperavit,
868 2378 1157 2438 dimensus
1181 2378 1254 2438 ad
1279 2379 1552 2458 corporis
1577 2379 1665 2438 sui
1686 2371 2008 2455 modulum,
2045 2395 2201 2437 com-

128 2479 187 2520 25
206 2464 467 2543 ponique
492 2461 679 2537 simul,
706 2462 755 2520 si
781 2478 893 2539 qua
915 2463 1327 2539 invenirentur,
1353 2462 1533 2522 frusta
1557 2465 1890 2539 marmoris,
1917 2471 1974 2522 et
1995 2479 2202 2540 aquam

207 2545 376 2606 simul
404 2562 475 2604 ac
499 2545 657 2622 ligna
684 2545 936 2604 conferri
964 2546 1217 2606 curando
1241 2565 1379 2606 mox
1405 2545 1695 2625 cadaveri,
1721 2547 1866 2606 flens
1891 2546 1961 2606 ad
1977 2545 2200 2623 singula

205 2639 381 2708 atque
406 2627 715 2688 identidem
740 2629 1037 2690 dictitans:
1068 2628 1290 2703 Qualis
1322 2629 1562 2709 artifex
1589 2633 1824 2708 pereo!

327 2711 485 2774 Inter
508 2730 702 2773 moras
738 2713 998 2792 perlatos
1025 2732 1056 2772 a
1084 2732 1326 2774 cursore
1350 2714 1594 2774 Phaonti
1633 2715 1942 2775 codicillos
1982 2716 2199 2792 praeri-

208 2797 331 2875 puit
353 2796 629 2875 legitque,
655 2815 719 2856 se
748 2797 975 2857 hostem
1004 2815 1034 2857 a
1060 2807 1261 2858 senatu
1285 2799 1589 2858 iudicatum
1606 2806 1663 2856 et
1678 2799 1893 2876 quaeri,
1918 2806 1977 2856 ut
2003 2798 2199 2875 punia-

130 2890 186 2931 30
207 2890 301 2940 tur
322 2898 493 2940 more
511 2881 835 2957 maiorum,
868 2882 1364 2962 interrogavitque
1391 2883 1559 2961 quale
1585 2881 1640 2940 id
1663 2898 1849 2958 genus
1873 2889 2032 2940 esset
2055 2897 2199 2959 poe·

205 2983 317 3024 nae
334 2965 435 3033 ;‘et
461 2982 585 3024 cum
611 2966 1021 3043 comperisset,
1048 2965 1176 3024 nudi
1201 2966 1448 3026 hominis
1474 2967 1764 3026 cervicem
1788 2965 1962 3024 inseri
1977 2964 2198 3039 furcae,

207 3066 425 3128 corpus
449 3050 628 3124 virgis
652 3048 723 3108 ad
746 3066 949 3108 necem
976 3048 1161 3125 caedi,
1189 3052 1536 3109 conterritus
1553 3049 1696 3108 duos
1713 3051 2024 3127 pugionem,
2053 3064 2199 3126 quos

204 3151 403 3194 secum
438 3133 751 3209 extulerat,
786 3133 1046 3211 arripuit,
1086 3142 1473 3212 temptataque
1510 3133 1803 3211 utriusque
1839 3133 1966 3192 acie
2001 3148 2200 3191 rursus

207 3216 491 3294 condidit,
526 3226 791 3276 causatus
813 3215 1079 3277 nondum
1109 3217 1329 3277 adesse
1346 3216 1607 3294 fatalem
1628 3216 1849 3278 horam
1861 3240 1893 3287 ,·
1933 3233 2001 3275 ac
2023 3213 2198 3276 modo

128 3315 185 3357 35
208 3303 461 3381 Sporum
486 3300 821 3362 hortabatur
843 3309 903 3360 ut
927 3299 1222 3360 lamentari
1258 3319 1327 3361 ac
1365 3301 1647 3379 plangere
1683 3302 1988 3380 inciperet,
2026 3299 2199 3360 modo

205 3385 413 3447 orabat
434 3394 494 3444 ut
518 3404 583 3446 se
609 3385 813 3486 aliquis
839 3383 909 3444 ad
930 3394 1175 3444 mortem
1210 3384 1628 3462 capessendam
1657 3384 1929 3464 exemplo
1947 3386 2199 3452 iuvaret;

202 3467 485 3530 interdum
511 3471 815 3546 segnitiem
852 3488 1011 3567 sqam
1045 3468 1133 3528 his
1167 3467 1366 3528 verbis
1402 3467 1771 3569 increpabat:
1812 3466 1960 3530 Vivo
1991 3465 2197 3564 defor-

201 3553 402 3628 miter,
429 3554 690 3632 turpiter
702 3554 735 3590 '¹‘
747 3589 831 3598 ——
846 3541 929 3614 οὐ
952 3546 1189 3634 πρέπει
1205 3545 1501 3631 Νέρωνι,
1527 3545 1610 3612 οὐ
1627 3546 1942 3692 πρεξττζεζ-
1957 3543 2202 3630 νήφειν
