2700 4234
858 340 1067 388 mvns
1115 340 1500 390 AUGUSTUS.
2095 335 2178 398 83

182 519 349 584 yare,
402 497 684 560 libertate
727 500 911 574 atque
942 494 1219 573 fortunis
1248 513 1370 573 per
1410 495 1580 556 illum
1602 496 1754 576 frui.
1821 500 1946 575 Qua
1978 518 2043 559 re
2080 500 2176 560 ad-

184 585 387 646 modum
418 580 785 655 exhilaratuS,
821 579 1228 656 quadragenos
1258 596 1466 639 aureos
1501 581 1802 641 comitibus
1835 583 2028 643 divisit
2063 587 2175 643 ius-

184 689 283 750 que
320 665 607 727 iurandum
635 671 695 721 et
722 664 1045 722 cautionem
1078 664 1279 740 exegit
1308 681 1339 722 a
1372 664 1646 743 singuliS,
1689 683 1806 726 non
1841 666 1956 726 alio
1989 666 2178 728 datam

180 770 433 815 summam
485 765 654 828 quam
707 747 765 805 in
808 748 1160 825 emptionem
1199 745 1721 808 Alexandrinarum
1762 753 2037 810 mercium
2080 751 2176 810 ab·

134 861 156 900 5
178 847 509 916 sumpturos.
580 831 700 891 Sed
741 839 815 914 et¹
844 839 1082 891 ceteros
1128 833 1431 891 continuos
1459 831 1586 892 dies
1615 834 1766 894 inter
1794 835 1954 894 varia
1981 852 2176 895 munu-

177 922 327 982 scula
375 927 544 996 togas
586 917 823 994 insuper
867 933 937 974 ac
985 915 1179 994 pallea
1223 914 1538 994 distribuit,
1594 917 1731 995 lege
1771 919 2077 998 proposita
2119 927 2178 979 ut

172 1006 403 1067 Romani
446 1001 709 1077 Graeco,
754 998 965 1061 Graeci
993 1000 1255 1060 Romano
1301 999 1497 1060 habitu
1543 1009 1602 1061 et
1646 1020 1916 1062 sermone
1946 1012 2176 1063 uteren-

172 1099 275 1149 tur.
346 1085 649 1168 Spectavit
684 1083 914 1144 assidue
956 1093 1305 1144 exercentes
1346 1084 1641 1162 epheboS,
1700 1104 1940 1165 quorum
1987 1086 2178 1166 aliqua

174 1173 349 1233 adhuc
374 1171 546 1250 copia
566 1187 641 1228 ex
664 1177 869 1228 vetere
895 1168 1150 1227 instituto
1176 1166 1422 1247 Capreis
1447 1178 1599 1239 erat;
1631 1169 1816 1230 isdem
1839 1171 2010 1230 etiam
2037 1188 2174 1248 epu·

108 1267 149 1306 10
169 1257 281 1316 lum
317 1257 373 1314 in
415 1261 735 1331 conspectu
780 1269 883 1312 suo
931 1250 1231 1330 praebuit,
1270 1255 1580 1330 permissa,
1627 1255 1798 1314 immo
1842 1263 2051 1314 exacta
2091 1255 2174 1313 io-

170 1339 333 1400 candi
356 1339 589 1398 licentia
613 1335 1036 1414 diripiendique
1062 1353 1364 1414 pomorum
1389 1346 1446 1396 et
1469 1337 1842 1399 obsoniorum
1862 1355 2174 1417 rerumque

165 1425 197 1460 '¹'
214 1423 465 1484 missilia.
529 1418 703 1481 Nullo
737 1421 983 1498 denique
1015 1437 1238 1497 genere
1270 1419 1574 1480 hilaritatis
1607 1422 1897 1484 abstinuit.
1962 1440 1966 1447 ·

279 1509 545 1568 Vicinam
574 1502 819 1583 Capreis
855 1503 1098 1564 insulam
1130 1504 1560 1583 Apragopolim
1594 1506 1965 1585 appellabat,
2009 1525 2042 1566 a
2075 1505 2172 1565 de-

165 1591 299 1652 sidia
329 1589 723 1651 secedentium
753 1587 890 1647 illuc
922 1605 955 1646 e
986 1589 1258 1647 comitatu
1290 1605 1418 1647 suo.
1479 1589 1595 1648 Sed
1630 1609 1704 1649 ex
1727 1589 1958 1650 dilectis
1980 1609 2172 1666 unum,

104 1691 145 1731 15
164 1675 472 1754 Masgaban
502 1674 733 1733 nomine
752 1717 769 1750 ,
805 1671 969 1750 quasi
1003 1672 1364 1732 conditorem
1396 1673 1616 1734 insulae
1650 1661 1925 1753 κτιστὴν
1955 1691 2173 1734 vocare

165 1768 481 1820 consuerat.
561 1757 739 1816 Huius
781 1755 1099 1833 Masgabae
1152 1765 1283 1816 aute
1333 1774 1538 1816 annum
1595 1757 1850 1817 defuncti
1902 1757 2174 1817 tumulum

162 1861 279 1903 cum
325 1863 358 1904 e
398 1841 659 1904 triclinio
703 1839 1204 1900 animadvertisset
1234 1857 1445 1917 magna
1477 1842 1643 1901 turba
1671 1841 1980 1920 multisque
2012 1841 2170 1900 lumi-

160 1926 316 1988 nibus
358 1925 739 2006 frequentari,
767 1943 997 1984 versum
1027 1925 1410 2002 compositum
1441 1943 1517 1984 ex
1552 1934 1816 2004 tempore
1846 1925 2005 1986 clare
2036 1942 2170 2005 pro·

160 2012 459 2072 nuntiavit:

96 2109 143 2147 20
508 2093 773 2154 Κτιστοῦ
805 2087 869 2152 δὲ
893 2087 1125 2171 τύμβον
1153 2091 1364 2171 εἰσορῶ
1392 2087 1772 2170 πυρούμενον
1789 2116 1804 2130 ·

160 2194 593 2259 conversusque
640 2177 713 2237 ad
755 2175 1099 2252 Thrasylum
1147 2176 1344 2237 Tiberi
1401 2178 1701 2254 comitem,
1755 2186 1958 2237 contra
1998 2195 2168 2238 accu-

157 2260 375 2324 bantem
405 2272 464 2324 et
494 2267 763 2340 ignarum
790 2261 909 2337 rei,
952 2261 1337 2338 interrogavit
1369 2263 1660 2322 cuiusnam
1691 2270 1905 2339 poetae
1940 2269 2172 2341 putaret

159 2363 311 2416 esse;
345 2365 460 2427 quo
492 2347 850 2419 haesitante,
884 2345 1131 2405 subiecit
1161 2344 1364 2404 alium:

386 2445 393 2450 ’
562 2421 741 2512 Ὁρᾷς
771 2421 982 2505 <pol-566⁶
1016 2423 1366 2507 ,Μασγᾶβαν
1397 2423 1756 2506 τιμώμενονς

94 2528 141 2568 25
160 2531 225 2573 ac
268 2515 339 2574 de
378 2514 494 2576 hoc
540 2531 777 2594 quoque
821 2511 1125 2573 consuluit.
1184 2511 1327 2573 Cum
1360 2513 1460 2572 ille
1493 2513 1631 2574 nihil
1661 2511 1817 2574 aliud
1845 2511 2165 2591 responde-

155 2607 241 2658 ret
278 2616 469 2679 quam,
504 2600 917 2675 cuiuscumque
950 2606 1148 2657 essent
1180 2599 1431 2677 optimos
1461 2616 1627 2674 esse,
1675 2597 2012 2658 cachinnum
2043 2613 2166 2656 sus·

156 2680 275 2742 tulit
327 2691 497 2762 atque
555 2683 612 2742 in
666 2683 833 2742 iocos
898 2680 1115 2740 effusus
1172 2690 1279 2741 est.
1354 2682 1494 2741 Mox
1550 2680 1858 2760 Neapolim
1915 2681 2164 2755 traiecit,

158 2781 471 2844 quanquam
501 2767 677 2826 etiam
718 2773 832 2824 tum
854 2765 1091 2824 infirmis
1114 2765 1400 2826 intestinis
1426 2766 1629 2826 morbo
1655 2765 1944 2830 variante;
1977 2773 2167 2823 tamen

156 2856 215 2904 et
266 2849 693 2929 quinquennale
740 2857 1034 2908 certamen
1077 2851 1404 2926 gymnicum
1446 2848 1658 2908 honori
1708 2865 1812 2907 suo
1856 2848 2166 2906 institutum

89 2945 139 2986 30
158 2936 557 3010 pei-spectavit
598 2943 659 2993 et
698 2951 824 2993 cum
854 2932 1089 2993 Tiberio
1138 2933 1207 2993 ad
1241 2933 1586 2993 destinatum
1627 2934 1818 2993 locum
1851 2929 2165 2991 contendit.

154 3014 267 3074 Sed
308 3017 367 3075 in
409 3016 710 3077 redeundo
748 3016 1065 3094 adgravata
1096 3017 1447 3094 valitudine,
1490 3016 1719 3077 tandem
1743 3014 1931 3076 Nolae
1962 3033 2165 3074 succu-

153 3095 271 3175 buit
306 3109 763 3182 revocatumque
801 3120 877 3160 ex
914 3102 1119 3161 itinere
1148 3100 1442 3161 Tiberium
1484 3100 1578 3161 diu
1618 3107 1854 3161 secreto
1897 3115 2165 3159 sermone

154 3179 409 3260 detinuit,
439 3203 640 3264 neque
668 3193 804 3264 post
833 3185 936 3245 ulli
966 3187 1167 3245 maiori
1197 3187 1438 3262 negotio
1471 3187 1715 3245 animum
1744 3181 2164 3248 accomodavit.

278 3267 569 3345 Supremo
606 3267 697 3328 die
726 3267 1039 3329 identidem
1074 3271 1421 3349 exquirens,
1453 3288 1524 3330 an
1553 3270 1664 3331 iam
1696 3269 1769 3328 de
1803 3285 1867 3328 se
1897 3267 2166 3328 tumultus
2183 3285 2251 3340 99

86 3363 135 3404 35
154 3343 297 3408 foris
340 3361 539 3429 esset,
585 3353 763 3430 petito
811 3353 1091 3432 speculo,
1136 3353 1406 3432 capillum
1447 3353 1556 3413 sibi
1587 3354 1738 3414 comi
1771 3370 1842 3413 ac
1873 3352 2055 3415 malas
2085 3350 2165 3411 la-

155 3426 355 3492 bantes
392 3437 619 3512 corrigi
669 3439 1003 3517 praecepit,
1057 3446 1116 3498 et
1162 3437 1446 3498 admissos
1493 3439 1714 3498 amicos
1768 3444 2164 3516 percontatus,

154 3515 369 3593 ecquid
413 3517 500 3580 iis
550 3518 865 3584 videretur
906 3521 1152 3585 mimum
1190 3520 1360 3582 vitae
1403 3521 1716 3583 commode
1757 3519 2161 3600 transeyissc,

156 3595 358 3661 adiecit
389 3611 450 3662 et
478 3601 827 3666 clausulam:
1172 3607 1183 3616 ’

1669 3689 1754 3748 6*
